1924 3309
474 249 557 287 272
901 260 934 287 s.
971 257 1203 288 Aucusnm
1235 259 1417 289 EPISCOPI

475 342 496 366 »
530 325 675 368 suos¹.
699 340 720 365 »
748 322 831 368 Sed
871 339 973 368 cum
1004 324 1058 368 ad
1092 324 1337 384 periculum
1367 333 1549 371 ventum
1587 325 1743 381 fuerit,
1774 316 1877 386 quol

469 394 677 455 parvulus
714 394 955 451 dividatur,
995 411 1096 440 cum
1120 395 1201 439 sibi
1230 396 1443 440 honorem
1465 394 1624 441 falsum
1646 395 1865 443 simulatio

470 465 664 511 vindicat
680 501 691 521 ‚
718 475 761 510 et
783 467 980 512 scindere
1000 475 1147 526 parata
1167 476 1231 512 est
1245 467 1484 526 unitatem3
1503 477 1757 513 contemnat
1778 483 1867 513 ma·

470 545 536 582 ter
558 537 771 582 honorem
793 553 922 582 suum
939 572 950 593 ‚
970 536 1079 580 dum
1096 536 1237 581 filium
1257 538 1402 582 videat
1427 538 1644 596 integrum
1663 573 1674 592 ‚
1691 537 1879 583 vivum—

471 622 557 667 que
572 616 711 652 servet
728 628 738 665 3
759 623 814 651 ne
829 606 941 652 forte
957 622 1059 651 cum
1075 605 1275 651 debitum
1287 607 1527 653 visceribus
1548 608 1634 652 suis
1654 608 1879 656 honorem.

472 677 737 736 pertinacius
760 677 980 732 vindicat,
1010 677 1085 722 det
1111 676 1260 722 locum
1281 677 1548 722 simulationi
1572 693 1650 737 per
1675 679 1867 723 machae-

472 762 564 792 ram
592 747 835 792 schismatis
858 748 1029 792 infirma
1054 748 1252 793 membra
1272 747 1480 792 dividere.
1497 748 1620 793 Dicat
1640 763 1741 807 ergo
1762 749 1880 810 cha-7

472 818 576 862 ritas
606 827 744 862 mater
773 834 785 861 .·
823 820 973 862 «Date
1003 817 1066 862 illi
1091 834 1292 878 puerum.
1324 836 1345 860 »
1377 819 1474 864 Sive
1504 819 1751 875 occasione,
1782 814 1881 877 sive}

475 889 655 933 veritate
671 889 868 934 Christus
888 889 1175 934 annuntietur
1190 891 1222 933 ².
1242 893 1294 934 In
1305 892 1458 947 Moyse
1477 890 1662 935 charitas
1680 890 1840 935 clamat
1857 909 1881 940 :5

480 979 501 1002 «
537 960 721 1004 Domine
737 996 748 1015 ,
766 969 842 1005 aut
868 961 1042 1019 ignosce
1062 959 1167 1016 illis,
1190 970 1265 1006 aut
1281 961 1378 1004 dele
1398 976 1468 1005 me
1490 960 1545 1005 de
1568 961 1682 1006 libro
1699 962 1820 1006 tuoss.
1847 953 1882 1025 n}

479 1034 531 1074 In
558 1030 782 1075 Pharisaeis
804 1039 950 1075 autem
975 1031 1191 1076 simulatio
1210 1031 1406 1092 loquitur
1430 1051 1438 1077 ε
1465 1051 1485 1074 «
1509 1032 1551 1077 Si
1582 1029 1882 1090 dimiserimus}

478 1119 499 1142 »
536 1116 635 1144 eum
653 1135 664 1155 ‚
693 1101 876 1145 veniunt
900 1102 1112 1156 Romani,
1135 1111 1178 1146 et
1206 1101 1370 1147 tollunt
1391 1102 1515 1147 nobis
1539 1113 1714 1162 gentem
1740 1111 1783 1146 et
1808 1093 1883 1171 lo-}

478 1188 499 1209 u
535 1186 635 1215 cum
652 1173 683 1214 4.
708 1189 728 1212 »
752 1174 851 1217 Non
872 1172 988 1216 enim
1014 1172 1266 1227 veritatem,
1288 1172 1364 1216 sed
1385 1188 1546 1217 nomen
1566 1172 1776 1217 volebant
1792 1173 1883 1233 ha-‚ss

473 1240 578 1284 bere
594 1241 801 1301 justitiae,
842 1250 885 1286 et
923 1243 1136 1286 honorem
1171 1242 1370 1287 debitum
1399 1244 1525 1303 justis
1551 1258 1629 1302 per
1656 1241 1883 1300 fallaciam}

474 1320 624 1355 tenere
651 1312 904 1371 cupiebant.
925 1315 1089 1356 Tamen
1110 1327 1294 1370 regnans
1324 1313 1370 1356 in
1402 1313 1462 1357 eis
1485 1312 1703 1358 simulatio
1727 1303 1884 1390 cathe-]

476 1382 598 1427 dram
613 1383 755 1440 Moysi
769 1383 918 1428 sedere
935 1384 1140 1443 permissa
1163 1393 1226 1429 est
1246 1420 1256 1440 ,
1279 1393 1330 1428 ut
1349 1384 1435 1429 dici
1454 1393 1596 1443 posset
1610 1401 1632 1429 a
1651 1385 1839 1429 Domino
1860 1392 1884 1442 ες

480 1473 502 1497 ‹<
537 1457 646 1508 Quae
661 1454 816 1500 dicunt
829 1454 960 1501 facite
976 1490 987 1511 ‚
1003 1455 1078 1499 sed
1094 1472 1193 1516 quae
1210 1455 1379 1501 faciunt
1394 1491 1405 1512 ,
1421 1456 1563 1501 facere
1578 1456 1713 1501 nolite
1726 1458 1757 1499 ⁵.
1779 1474 1799 1497 »
1819 1445 1884 1529 Uti

477 1526 693 1570 honorem
721 1526 881 1570 falsum
910 1526 1145 1581 habentes,
1175 1527 1357 1571 veritate
1383 1536 1531 1571 tamen
1557 1527 1885 1586 Scripturarumz

479 1595 685 1654 parvulos
708 1597 992 1657 infirmosque
1005 1597 1238 1641 nutrirent.
1264 1596 1492 1642 Simulatio
1513 1598 1629 1641 enim
1647 1612 1776 1641 suum
1795 1597 1885 1663 ᾔει-ξ

478 1666 554 1711 bet
578 1667 714 1712 scelus
729 1702 739 1722 ,
761 1683 851 1727 quo
879 1682 1043 1713 novum
1062 1668 1314 1724 hominem,
1333 1684 1466 1728 quem
1491 1684 1570 1728 per
1594 1668 1776 1727 gratiam
1804 1666 1885 1728 do·q

479 1738 625 1782 nantis
649 1746 900 1796 acceperat,
931 1737 1124 1797 pondere
1152 1754 1240 1782 suae
1263 1738 1537 1783 dormitionis
1565 1739 1774 1783 extinxit:
1802 1736 1885 1805 sed}

480 1805 548 1851 lac
573 1807 676 1850 fidei
699 1808 821 1865 quod
838 1807 972 1849 habet
989 1843 1000 1859 ⁷
1016 1823 1104 1848 non
1121 1818 1185 1849 est
1202 1810 1308 1864 ejus.
1325 1809 1437 1858 Quia
1458 1809 1588 1850 ctiam
1606 1818 1760 1851 necato
1779 1815 1885 1866 par—1}

480 1878 587 1924 vulo
603 1911 613 1931 ,
635 1876 712 1935 qui
738 1884 1036 1919 renascentem
1055 1874 1190 1919 vitam
1207 1876 1421 1933 significat
1438 1910 1449 1931 ,
1467 1876 1558 1935 jam
1578 1876 1624 1920 in
1640 1875 1763 1920 malis
1781 1867 1885 1925 mo·{

483 1949 605 1992 ribus
639 1944 856 1989 simulatio
890 1944 1127 1989 constituta
1147 1979 1158 1999 ,
1194 1945 1353 1990 retinet
1388 1954 1534 1990 tamen
1561 1946 1606 1989 in
1641 1947 1846 1992 memoria
1862 1934 1886 2001 ‚l

485 2028 700 2077 tanquam
721 2015 767 2059 in
785 2015 1022 2070 uberibus,
1046 2015 1180 2060 verba
1204 2014 1307 2061 fidei
1325 2015 1659 2076 doctrinamque
1678 2006 1886 2104 christia-i

485 2104 587 2134 nam
600 2123 611 2143 ,
628 2103 728 2149 quae
748 2087 953 2132 omnibus
976 2085 1031 2129 ad
1047 2084 1285 2130 Ecclesiam
1301 2086 1576 2131 venientibus
1594 2087 1795 2132 traditur.
1815 2090 1886 2155 Ex!

487 2161 569 2206 isto
584 2159 696 2204 lacte
713 2165 885 2218 poterat
905 2158 1036 2201 etiam
1063 2155 1169 2201 falsa
1190 2166 1327 2202 mater
1350 2173 1464 2202 verae
1489 2166 1636 2202 tamen
1657 2157 1760 2202 fidei
1777 2174 1886 2204 suc-z

486 2247 587 2276 cum
608 2229 779 2289 sugenti
808 2226 991 2288 parvulo
1012 2226 1259 2273 infundere.
1280 2226 1388 2271 Inde
1411 2244 1560 2273 secura
1581 2238 1644 2273 est
1662 2244 1763 2274 vera
1782 2230 1886 2289 ma-{

490 2311 578 2356 ter,
605 2315 707 2345 cum
728 2299 858 2343 etiam
885 2315 910 2343 a
931 2297 1255 2342 simulatoribus
1280 2298 1326 2342 in
1350 2299 1540 2344 Ecclesia
1558 2299 1764 2359 parvulus
1786 2292 1886 2362 ejus}

488 2372 736 2417 divinarum
765 2369 1083 2429 Scripturarum
1118 2367 1341 2414 catholicae
1377 2369 1477 2414 fidei
1509 2370 1621 2415 lacte
1654 2365 1886 2425 nut1¹itur‚i

550 2486 558 2502 ¹
592 2491 604 2512 1
629 2478 739 2511 Thess.
763 2488 806 2517 n,
830 2486 860 2519 7.
888 2494 929 2500 -
958 2484 970 2500 ²
990 2477 1101 2521 Philip.
1128 2487 1152 2519 1,
1179 2477 1229 2510 18.
1253 2494 1293 2500 —
1316 2476 1329 2501 3
1348 2478 1448 2512 Exod¹
1478 2489 1578 2520 xxm,
1599 2480 1653 2511 31.
1675 2493 1715 2501 —-
1737 2477 1753 2508 4
1779 2463 1887 2512 Joans'

490 2547 538 2578 ιι,
553 2534 608 2578 48.
627 2551 670 2559 -
685 2532 699 2559 5
713 2534 834 2567 Matth.
852 2544 942 2575 xxin,
963 2534 995 2567 3.
