1924 3309
466 256 548 298 234
901 262 935 295 s.
970 262 1198 294 Ausus-nm
1230 261 1411 291 nrrscom

463 331 582 395 quod
602 332 725 377 vobis
748 331 878 392 paulo
900 340 998 375 ante
1019 329 1295 374 vehementer
1310 362 1321 382 ‚
1353 335 1568 388 quantum
1586 328 1808 388 potuimus
1823 337 1840 385 ‚‘

465 402 874 450 commendavimus.
900 402 1008 446 Huic
1031 406 1245 460 praecepto
1267 398 1482 443 contraria
1502 398 1765 460 inquietudo
1793 399 1841 445 in

465 475 623 521 Muscis
641 474 695 519 de
714 474 988 533 corruptione
1009 470 1302 525 nascentibus,
1324 470 1369 514 in
1388 469 1538 515 oculos
1555 471 1838 517 irruentibus.

465 547 566 591 Ideo
587 547 632 590 in
653 547 735 589 hoc
766 544 893 589 tertio
915 544 1035 600 signo
1058 540 1334 596 defecerunt,
1366 541 1443 603 qui
1474 542 1652 586 unitatis
1678 542 1842 587 inimici

470 617 674 678 Spiritum
696 624 888 660 sanctum
913 629 1001 657 non
1021 611 1270 656 habuerunt
1290 631 1299 657 ε
1323 611 1427 657 facit
1456 613 1571 656 enim
1593 614 1678 658 hoc
1706 614 1842 674 Spiri-

468 697 535 732 tus
557 696 726 731 sanctus
749 700 892 745 poena.
921 682 1053 727 Aliud
1075 683 1189 726 enim
1212 681 1316 727 facit
1338 684 1496 742 gratia,
1529 683 1649 727 aliud
1677 699 1808 743 poena
1829 704 1840 742 3

468 757 584 802 aliud
606 759 717 800 enim
750 754 850 799 facit
874 752 1118 813 implendo,
1149 752 1269 797 aliud
1302 751 1554 798 deserendo.
1577 753 1774 814 Denique
1795 762 1844 798 ut

462 830 551 886 jam
571 824 790 870 evidenter
812 824 911 883 ipsis
933 823 1244 867 confitentibus
1267 824 1502 868 Pharaonis
1531 824 1666 882 magis
1688 838 1845 882 agnos-

466 911 560 940 cere
583 894 815 947 valeamus,
842 892 1062 953 quomodo
1085 892 1325 952 appellatus
1338 904 1401 938 est
1422 895 1467 938 in
1485 893 1722 952 Evangelio
1747 895 1844 954 Spi-

468 967 573 1010 ritus
595 965 691 1016 Dei,
731 964 975 1019 videamus,
1014 963 1134 1023 quod
1173 979 1335 1009 nomen
1368 965 1549 1025 accepit.
1583 965 1846 1025 Objicientes

468 1036 651 1081 Domino
673 1036 910 1079 convicium
931 1037 953 1078 J
960 1034 1093 1088 udaei,
1111 1050 1210 1078 cum
1233 1034 1461 1080 dixissent:
1485 1053 1504 1077 «
1522 1035 1602 1079 Hic
1624 1050 1713 1078 non
1733 1035 1848 1094 ejicit

472 1126 491 1149 »
526 1106 759 1160 daemonia,
797 1106 875 1149 nisi
899 1107 942 1149 in
979 1106 1225 1149 Beelzebub
1259 1107 1455 1167 principe
1493 1105 1844 1151 daemoniorum:

470 1196 489 1218 »
525 1176 744 1235 respondit
765 1175 862 1230 ille,
891 1176 931 1220 Si
960 1191 1062 1234 ergo
1085 1176 1130 1219 in
1168 1176 1330 1236 Spiritu
1353 1178 1429 1221 Dei
1463 1177 1587 1237 ejicio
1609 1175 1845 1231 daemonia,

469 1266 489 1288 »
525 1255 638 1290 certe
669 1246 918 1305 supervenit
958 1246 1003 1289 in
1039 1261 1115 1290 vos
1157 1261 1340 1304 regnum
1378 1247 1497 1291 Dei1.
1527 1265 1546 1287 η
1578 1245 1707 1299 Quod
1741 1246 1849 1290 alius

467 1316 758 1374 Evangelista,
783 1318 841 1360 sic
865 1325 1037 1360 enarrat
1059 1336 1067 1361 :
1094 1335 1112 1358 «
1135 1317 1177 1361 Si
1191 1333 1271 1376 ego
1293 1317 1337 1361 in
1360 1318 1497 1376 digito
1517 1317 1594 1361 Dei
1615 1317 1737 1377 ejicio
1757 1316 1848 1361 dae-

471 1406 491 1429 »
526 1388 668 1431 monia
687 1391 718 1431 2.
748 1407 766 1428 n
804 1388 929 1440 Quod
951 1387 1057 1432 alius
1082 1388 1357 1447 Evangelista
1380 1388 1510 1444 dixit,
1539 1389 1723 1448 Spiritus
1746 1388 1847 1445 Dei3

470 1457 574 1501 alius
617 1457 752 1512 dixit,
802 1458 960 1517 digitus
1002 1459 1094 1502 Dei.
1142 1461 1259 1517 Ergo
1301 1459 1462 1517 digitus
1514 1459 1591 1503 Dei
1615 1494 1626 1513 ‚
1669 1458 1851 1517 Spiritus

472 1528 561 1571 Dei.
602 1527 704 1572 Ideo
740 1531 826 1571 Lex
860 1527 958 1573 data
995 1528 1151 1588 scripta
1184 1527 1322 1587 digito
1358 1529 1463 1584 Dei,
1502 1544 1601 1588 quae
1632 1531 1721 1572 Lex
1751 1527 1851 1572 data

470 1607 532 1641 est
566 1599 609 1641 in
650 1607 794 1642 monte
826 1598 924 1643 Sina
960 1600 1321 1659 quinquagesimo
1351 1598 1423 1642 die
1453 1608 1550 1658 post
1592 1598 1851 1643 occisionem

471 1666 558 1711 ovis
593 1667 809 1712 celebrato
848 1669 1011 1712 Pascha
1034 1685 1056 1712 a
1094 1668 1258 1727 populo
1297 1668 1569 1713 Judaeorum.
1605 1667 1850 1727 Implentur

471 1737 776 1796 quinquaginta
817 1738 907 1782 dies
944 1749 1041 1798 post
1074 1739 1334 1783 occisionem
1377 1740 1488 1793 ovis,
1533 1747 1576 1782 et
1603 1738 1733 1782 datur
1760 1742 1849 1782 Lex

472 1807 626 1865 scripta
646 1808 779 1866 digito
800 1809 874 1852 Dei
903 1828 911 1852 :
933 1809 1172 1868 implentur
1194 1809 1510 1868 quinquaginta
1533 1808 1623 1852 dies
1645 1817 1743 1868 post
1774 1823 1851 1852 oc-

473 1877 672 1921 cisionem
695 1879 873 1933 Christi,
899 1888 942 1922 et
974 1879 1093 1923 venit
1132 1880 1314 1938 Spiritus
1350 1887 1537 1923 sanctus.
1570 1879 1735 1923 Gratias
1760 1881 1850 1923 Do—

473 1947 612 2001 mino,
633 1947 866 1991 occultanti
884 1947 1183 2008 providenter,
1210 1949 1417 2007 aperienti
1440 1947 1643 1993 suaviter.
1668 1951 1764 1992 Jam
1782 1948 1850 1993 vi-

474 2017 570 2060 dete
604 2017 685 2061 hoc
714 2018 864 2073 etiam,
890 2017 1064 2073 fratres,
1091 2019 1326 2063 Pharaonis
1349 2035 1497 2078 magos
1532 2018 1851 2064 evidentissime

473 2087 679 2131 confiteri.
698 2089 950 2133 Deficientes
966 2090 1009 2132 in
1026 2090 1152 2134 tertio
1170 2090 1292 2149 signo
1309 2090 1512 2134 dixerunt
1529 2109 1536 2133 :
1558 2089 1759 2148 «Digitus
1774 2090 1850 2133 Dei

477 2176 495 2197 ³)
531 2167 592 2201 est
609 2159 719 2213 hic³‚
747 2178 766 2200 »
793 2169 876 2203 etc.

524 2271 530 2284 ¹
554 2266 667 2297 Matth.
691 2278 745 2307 xu,
767 2268 821 2309 24,
843 2271 908 2301 etc.
927 2285 968 2290 —
988 2275 999 2290 ²
1022 2270 1099 2301 Luc.
1119 2279 1162 2309 xn,
1177 2277 1232 2301 20.
1259 2286 1300 2292 --
1321 2267 1334 2291 3
1349 2269 1447 2301 Exod.
1470 2279 1541 2310 vni,
1565 2279 1613 2310 ¹9·
