1867 3320
310 323 632 355 PROPOSITIONES
666 329 720 355 Ex
753 328 950 358 EPISTOLA
985 330 1039 359 AD
1073 334 1283 364 ROMANOS.
1458 331 1482 367 5

101 405 199 449 quae
217 405 333 434 nunc
350 391 482 447 dicit,
508 393 552 436 id
567 403 657 449 est,
679 393 884 440 facinora.
914 400 1118 457 Superius
1142 411 1287 445 autem
1310 403 1481 450 dicebat

101 457 156 503 de
171 461 442 519 corruptelis,
465 478 563 521 quae
586 463 748 522 flagitia
771 469 1070 523 nominantur,
1097 485 1146 513 ex
1164 472 1323 530 quibus
1347 472 1403 517 ad
1417 474 1483 518 fa-

100 529 244 573 cinora
272 532 524 589 pervenitur
552 551 560 577 :
587 535 795 593 quoniam
818 538 1000 597 quisque
1023 541 1307 598 perniciosam
1329 542 1482 587 dulce-

99 597 243 643 dinem
281 600 546 659 flagitiorum
575 619 788 663 sequens,
819 607 925 651 dum
962 610 1246 669 impedientes
1278 628 1482 671 personas

97 684 316 715 removere
344 682 551 728 conatur,
594 676 735 734 pergit
768 677 813 720 in
848 678 1030 723 lacinus.
1068 681 1135 725 Sic
1167 681 1396 727 distinctus
1419 693 1482 729 est

95 740 223 784 etiam
245 741 318 785 ille
334 742 456 787 locus
480 744 525 787 in
558 745 774 804 Sapientia
795 748 1035 794 Salomonis
1050 786 1061 806 ,
1082 752 1157 796 ubi
1174 768 1274 798 cum
1296 770 1480 799 enume-

95 819 225 854 rasset
245 813 466 871 superiora
490 814 649 873 flagitia
669 851 680 870 ‚
708 818 767 861 ait
792 837 800 861 :
832 837 851 860 «
874 820 1280 868 Circumveniamus
1312 840 1480 885 paupe-

96 898 115 921 »
150 896 239 925 rem
250 884 417 942 Justum
436 919 446 938 ,
468 887 676 944 quoniam
698 888 862 933 inutilis
880 900 945 936 est
966 893 1092 937 nobis
1110 896 1123 919 ¹
1140 929 1151 949 ‚
1180 913 1200 936 »
1226 905 1308 940 etc.

149 964 233 1006 VII
249 972 292 1007 et
316 966 435 1008 VIII.
461 966 591 1018 Quod
608 977 754 1012 autem
777 968 884 1015 dicit
906 991 914 1016 :
937 990 956 1015 «
974 975 1072 1018 Non
1089 975 1229 1020 solum
1246 978 1323 1037 qui
1345 993 1394 1021 ea
1411 978 1479 1023 fa-

94 1049 113 1072 »
147 1033 290 1088 ciunt,
315 1033 391 1078 sed
413 1036 542 1079 etiam
560 1039 635 1096 qui
658 1041 938 1086 consentiunt
960 1042 1269 1103 facientibus²‚
1298 1066 1318 1088 »
1344 1049 1480 1107 signi-

89 1102 188 1146 ficat
209 1103 311 1161 quia
333 1119 623 1166 quaecumque
645 1106 869 1167 fecerunt,
895 1127 987 1156 non
1016 1114 1140 1160 inviti
1158 1151 1169 1171 ‚
1193 1117 1269 1161 sed
1291 1133 1392 1162 cum
1421 1118 1477 1163 ad

86 1172 199 1216 mala
232 1171 345 1218 facta
367 1177 668 1233 consentiunt,
695 1179 825 1223 etiam
864 1181 936 1227 illa
956 1200 1056 1243 quae
1077 1184 1277 1232 fecerunt
1314 1204 1475 1248 appro-

85 1242 191 1286 bant
216 1261 224 1286 :
248 1252 291 1287 et
308 1243 405 1289 ideo
427 1245 481 1289 de
502 1248 704 1305 perfectis
720 1250 810 1309 jam
829 1255 1016 1311 peccatis
1039 1255 1145 1300 dicit
1172 1276 1180 1301 ε
1209 1262 1475 1316 «Propterea

87 1330 107 1354 »
142 1313 444 1360 inexcusabilis
471 1332 514 1360 es
532 1352 542 1371 ‚
575 1333 601 1362 ο
617 1319 751 1363 homo
771 1323 912 1365 omnis
937 1325 1014 1382 qui
1030 1325 1244 1382 judicasss.
1270 1328 1422 1372 Omnis
1448 1347 1470 1370 »

84 1390 229 1427 autem
253 1398 354 1427 cum
389 1385 495 1430 dicit
511 1421 523 1439 ,
555 1387 774 1432 subintrat
791 1391 881 1448 jam
904 1401 954 1436 ut
976 1403 1188 1439 monstret
1217 1411 1307 1440 non
1329 1398 1470 1442 solum

82 1453 294 1497 Gentilem
313 1489 324 1508 ,
350 1456 426 1499 sed
449 1456 577 1500 etiam
597 1458 802 1503 Judaeum
820 1494 830 1515 ,
857 1462 933 1520 qui
950 1463 1193 1508 secundum
1212 1468 1371 1524 Legem
1392 1483 1472 1512 vo-

80 1521 198 1567 lebat
209 1524 406 1583 judicare
428 1526 483 1570 de
507 1527 736 1572 Gentibus.

138 1607 216 1648 IX.
248 1607 377 1659 Quod
407 1618 553 1653 autem
586 1610 722 1656 dicit:
747 1631 766 1653 «
796 1613 1074 1660 Thesaurizas
1102 1618 1184 1661 tibi
1205 1618 1313 1663 iram
1332 1620 1377 1663 in
1397 1621 1468 1664 die

83 1691 102 1715 »
137 1674 210 1718 irae
224 1675 239 1700 ⁴
258 1709 268 1729 ‚
297 1693 317 1716 »
343 1677 450 1719 iram
473 1678 550 1720 Dei
571 1678 734 1737 ubique
756 1680 952 1738 loquitur
967 1699 1046 1740 pro
1062 1685 1267 1732 vindicta.
1299 1688 1468 1732 Idcirco

78 1745 136 1788 ait
157 1763 165 1788 :
195 1763 215 1786 «
242 1748 262 1788 J
271 1746 354 1789 usti
372 1744 527 1805 judicii
550 1747 641 1791 Dei.
664 1765 683 1788 »
710 1749 961 1794 Notandum
986 1761 1133 1796 autem
1150 1789 1160 1808 ‚
1189 1756 1290 1814 quia
1312 1758 1373 1801 ira
1391 1759 1469 1801 Dei

77 1815 255 1874 ponitur
276 1824 319 1859 et
340 1816 385 1859 in
405 1818 527 1861 Novo
554 1819 586 1860 T
590 1826 830 1864 estamento
853 1839 860 1863 :
882 1821 1002 1879 quod
1020 1838 1119 1866 cum
1138 1826 1294 1869 Vetere
1312 1826 1466 1885 legunt

77 1885 270 1929 homines
291 1888 304 1911 ⁵
338 1886 414 1945 qui
452 1887 553 1944 Legi
578 1888 710 1931 veteri
739 1888 1023 1935 adversantur
1040 1927 1051 1947 ‚
1082 1894 1344 1953 culpandam
1370 1912 1464 1941 eam

77 1964 252 2014 putant:
273 1971 372 1999 cum
399 1959 511 1999 Deus
534 1957 687 2016 utiquc
708 1959 832 2002 sicuti
855 1975 933 2004 nos
951 1964 1353 2019 perturbationibus
1375 1981 1465 2011 non

75 2025 325 2083 subjaceat,
356 2024 528 2069 dicente
554 2026 785 2071 Salomone
807 2047 815 2072 :
845 2032 909 2072 Tu
942 2040 1087 2075 autem
1111 2035 1295 2078 Domine
1320 2036 1461 2079 virtu-

79 2112 97 2135 »
132 2103 225 2138 tum
253 2109 353 2139 cum
372 2095 687 2154 tranquillitate
705 2098 920 2156 judicas⁶.
951 2119 969 2140 »
995 2101 1079 2146 Sed
1102 2102 1162 2146 ira
1184 2137 1194 2156 ‚
1221 2112 1270 2147 ut
1292 2104 1458 2149 dictum

19 2180 21 2183 ·
75 2173 160 2219 est,
183 2165 227 2208 in
243 2164 448 2210 vindictae
470 2166 783 2224 significatione
806 2170 997 2227 ponitur.

138 2248 193 2289 X.
234 2246 359 2298 Quod
384 2255 527 2290 autem
556 2246 661 2291 dicit
693 2267 700 2292 2
732 2268 750 2289 «
776 2250 1059 2295 Contestante
1079 2254 1337 2298 conscientia
1357 2253 1459 2300 illo-

79 2331 98 2355 »
133 2318 276 2367 rum⁷‚
306 2335 324 2356 »
352 2316 594 2359 secundum
618 2317 727 2361 illud
749 2318 945 2378 loquitur
967 2321 1144 2364 Joannis
1166 2324 1347 2380 apostoli
1369 2340 1458 2383 quo

76 2385 159 2430 ait:
185 2403 205 2427 «
234 2385 517 2440 Dilectissimi,
539 2387 570 2430 si
596 2402 670 2430 cor
688 2397 882 2432 nostrum
906 2405 984 2434 nos
1007 2390 1347 2449 reprehenderit,
1363 2409 1456 2438 ma-

79 2472 97 2495 »
127 2456 194 2514 jor
217 2465 278 2499 est
306 2460 415 2500 Deus
437 2457 698 2502 conscientia
722 2468 864 2503 nostra
882 2462 918 2514 Β,
949 2478 968 2500 »
995 2469 1076 2504 etc.

141 2576 238 2615 ⁸8:11».
261 2586 298 2614 ιι,
325 2585 373 2605 ιἰ,
398 2591 436 2597 —-
459 2578 620 2615 ²1t‹›m.·‚
648 2576 699 2607 32.
723 2594 761 2598 —-
785 2576 797 2598 12
817 2578 863 2608 121,
888 2588 920 2614 ιι,
951 2589 977 2608 ι.
1005 2592 1044 2599 ·-
1064 2577 1076 2606 i
1098 2580 1163 2610 Ilm!
1199 2581 1230 2608 (ἱ.
1260 2597 1293 2601 -—
1317 2579 1328 2600 '-
1352 2582 1450 2611 uani-

74 2626 161 2659 vlu-ei.
189 2646 216 2651 —
237 2627 251 2649 (ἶ
270 2632 339 2670 Sap.
360 2640 434 2666 xm,
462 2631 509 2662 ιδ.
533 2648 571 2652 --
592 2639 603 2663 7
626 2633 714 2662 lton».
742 2643 773 2669 ιι,
795 2632 843 2663 ιΓι.
867 2650 872 2653 -
897 2650 902 2652 -
923 2632 937 2651 ⁵<
962 2643 968 2663 ι
998 2635 1087 2663 soa»
1112 2645 1154 2667 w.
1172 2643 1221 2664 ‘’11.
