1867 3320
351 287 558 316 mus-roza:
588 286 644 315 An
675 286 862 316 eamus
893 288 1127 316 EXPOSLTIO.
1349 283 1429 320 115

18 396 20 398 .
57 363 200 400 autem
217 353 345 398 dicit:
366 372 386 395 «
402 354 478 408 His
499 354 577 413 qui
592 353 846 398 naturaliter
866 369 956 397 non
977 363 1079 397 sunt
1099 354 1174 409 dii,
1199 357 1428 412 servistis,»

19 399 27 466 l
56 425 155 471 uatis
180 423 446 469 demonstrat
473 440 612 469 unum
645 440 796 469 verum
822 428 957 469 Deum
978 434 1133 469 natura
1152 441 1242 470 esse
1263 430 1400 471 Deum
1416 463 1428 483 ‚

54 512 142 558 quo
163 495 340 540 nomine
363 495 546 540 Trinitas
566 494 816 540 fidelissimo
840 505 883 540 et
911 496 1125 541 catholico
1148 498 1311 556 gremio
1333 514 1432 542 cor·

55 567 120 613 dis
136 566 359 626 accipitur.
387 569 470 611 Eos
495 576 640 611 autem
673 568 749 627 qui
775 576 930 611 natura
953 583 1042 611 non
1063 577 1165 612 sunt
1188 568 1274 622 dii,
1299 584 1434 628 prop-

32 662 34 665 ·
55 646 168 685 terea
183 637 380 696 superius
397 645 698 696 procuratores
712 646 965 698 actoresque
980 637 1185 697 appellat,
1199 638 1302 698 quia
1315 638 1436 683 nulla

56 717 250 754 creatura
271 718 361 764 est,
391 708 479 752 sive
511 724 609 768 quae
642 709 686 752 in
719 709 899 753 veritate
920 719 1093 764 manet,
1127 708 1234 753 dans
1257 710 1436 769 gloriam

56 783 167 836 Deo3
197 778 286 824 sive
318 795 417 839 quae
452 779 497 823 in
527 779 707 823 veritate
739 795 828 824 non
856 780 995 842 stetit,
1033 794 1232 839 quaerens
1255 780 1434 838 gloriam

55 863 175 894 suam
195 867 205 894 ι
230 848 351 893 nulla
375 851 552 910 inquam
583 858 780 893 creatura
802 859 887 904 est,
912 865 1011 909 quae
1035 865 1122 893 non
1137 885 1149 904 ‚
1173 849 1277 895 velit
1298 850 1435 903 nolit,

50 918 214 965 divinae
235 920 520 979 providentiae
537 920 694 964 serviat
713 939 722 964 ε
740 920 817 965 sed
834 919 984 965 volens
1005 920 1108 964 facit
1123 936 1224 965 cum
1247 937 1295 966 ea
1318 921 1436 982 quod

19 982 27 1028 5
55 989 221 1037 bonum
242 1001 304 1036 est
322 1012 334 1048 3
357 990 413 1036 de
435 990 507 1035 illa
533 1006 653 1046 vero,
670 1007 770 1052 quae
793 992 876 1036 hoc
899 1007 987 1035 non
1003 991 1122 1045 vult,
1139 993 1189 1037 fit
1211 993 1330 1052 quod
1342 994 1439 1052 jus-

19 1031 28 1091 l
54 1068 150 1105 tum
175 1069 253 1104 est.
289 1063 399 1106 Nam
433 1061 469 1104 si
495 1061 626 1106 etiam
654 1061 733 1120 ipsi
764 1063 1112 1120 praevaricatores
1141 1062 1309 1121 angeli,
1339 1078 1440 1107 cum

55 1131 250 1191 principe
270 1147 350 1176 suo
378 1131 557 1177 diabolo
574 1167 585 1188 ‚
612 1148 701 1177 non
726 1142 843 1177 recte
873 1133 1122 1177 dicerentur
1139 1143 1440 1192 procuratores

55 1200 123 1249 vel
144 1210 308 1247 actores
335 1201 496 1247 divinae
529 1202 815 1262 providentiae
832 1239 843 1256 ,
868 1220 956 1249 non
982 1206 1190 1249 Dominus
1212 1206 1440 1263 magistra-

56 1281 148 1319 tum
171 1273 300 1334 hujus
323 1273 478 1317 mundi
500 1273 723 1318 diabolum
746 1275 936 1331 diceret3
959 1291 1040 1320 nec
1066 1285 1261 1320 uteretur
1289 1276 1363 1320 illo
1384 1277 1440 1321 ad

52 1343 372 1403 correptionem
394 1344 622 1388 hominum
654 1345 742 1404 ipsa
780 1355 967 1404 potestas
1001 1347 1258 1405 apostolica,
1284 1347 1437 1392 eodem

55 1413 191 1461 Paulo
225 1414 326 1458 alibi
363 1414 567 1459 dicente:
603 1418 766 1468 «Quos
801 1415 961 1460 tradidi
984 1427 1165 1471 satanae,
1191 1427 1242 1461 ut
1272 1418 1440 1462 discant

57 1503 80 1528 υ
112 1501 201 1530 non
221 1485 520 1544 blasphemare
536 1489 547 1511 ¹
565 1506 574 1531 :
596 1504 615 1527 »
642 1495 683 1530 et
699 1487 783 1530 alio
800 1486 898 1531 loco
920 1488 973 1530 ad
992 1487 1191 1543 salutem,
1218 1490 1276 1532 ait
1292 1491 1408 1533 enirn
1428 1509 1436 1533 ι

19 1573 29 1639 J
56 1574 78 1597 ε
111 1558 206 1614 Ego
223 1555 400 1615 quidem
423 1556 535 1600 sicut
556 1556 712 1600 absens
741 1571 946 1616 corpore,
973 1573 1159 1617 praesens
1183 1569 1329 1603 autem
1353 1561 1441 1620 spi-

18 1643 28 1706 f
58 1643 79 1668 »
114 1625 200 1670 ritu
215 1661 226 1682 ‚
244 1627 334 1686 jam
346 1626 538 1686 judicavi
561 1627 683 1686 quasi
705 1642 916 1686 praesens,
937 1643 1035 1671 eum
1060 1629 1136 1687 qui
1158 1630 1218 1673 sic
1237 1641 1439 1689 operatus

21 1710 27 1762 ξ
58 1712 79 1738 n
112 1705 177 1740 est
192 1730 204 1750 ,
234 1696 279 1740 in
302 1697 476 1740 nomine
501 1697 673 1741 Domini
707 1697 843 1741 nostri
865 1700 967 1741 Jesu
989 1698 1148 1742 Christi
1171 1702 1440 1759 congregatis

57 1784 78 1808 »ι
112 1766 236 1811 vobis
257 1775 301 1811 et
318 1782 415 1811 meo
444 1767 598 1825 spiritu
615 1801 627 1821 ‚
647 1783 745 1812 cum
768 1769 962 1827 potentia
987 1770 1155 1812 Domini
1179 1772 1314 1814 nostri
1337 1775 1439 1817 ,lesu

59 1853 79 1879 υ
111 1836 292 1891 Christi,
313 1835 480 1881 tradere
507 1837 758 1897 hujusmodi
784 1840 952 1882 Satanae
970 1840 1014 1881 in
1037 1839 1259 1884 interitum
1279 1844 1434 1897 carnis,

22 1924 26 1934 ·
58 1924 78 1949 »
114 1916 163 1951 ut
182 1907 356 1966 spiritus
371 1906 514 1951 salvus
536 1910 591 1952 sit
612 1908 657 1951 in
679 1907 749 1951 die
776 1908 947 1952 Domini
965 1911 1066 1952 Jesu
1080 1912 1111 1952 ².
1143 1928 1162 1950 »
1187 1911 1270 1955 Sed
1285 1922 1327 1956 et
1352 1928 1439 1957 ma·

27 2030 28 2036 ¹
56 1977 236 2036 gistrato
273 1977 354 2021 sub
380 1986 544 2021 statuto
572 1978 832 2036 imperatore
854 1993 941 2021 non
962 1976 1094 2031 facit,
1121 1980 1197 2023 nisi
1221 1992 1438 2040 quantum

56 2046 118 2092 illi
141 2046 408 2106 permittitur
429 2067 440 2104 ς
465 2057 507 2091 et
531 2057 831 2106 procuratores
859 2057 1112 2107 actoresque
1134 2049 1262 2108 hujus
1284 2053 1435 2097 mundi

21 2102 29 2170 i
56 2116 165 2163 nihil
186 2116 354 2162 faciunt
375 2118 455 2161 nisi
472 2128 685 2177 quantum
711 2118 919 2162 Dominus
940 2118 1055 2162 sinit.
1078 2121 1173 2163 Non
1195 2121 1310 2164 enim
1330 2121 1436 2167 latet

16 2187 29 2210 ⁷‘
57 2201 155 2232 eum
177 2186 343 2247 aliquid
359 2222 370 2241 ,
389 2187 500 2231 sicut
518 2188 765 2246 hominem3
787 2188 922 2232 autin
945 2187 1090 2248 aliquo
1105 2198 1168 2233 est
1191 2191 1333 2235 minus
1356 2208 1437 2251 po-

20 2231 29 2284 l
57 2266 176 2312 tens,
195 2266 244 2302 ut
267 2267 565 2316 procuratores
587 2262 718 2319 a'tque
746 2268 912 2303 actores
928 2293 939 2312 ‚
964 2259 1039 2317 qui
1061 2268 1161 2302 sunt
1184 2260 1228 2303 in
1247 2262 1336 2321 ejus
1360 2278 1438 2322 po-

21 2287 29 2366 l
57 2337 208 2377 testate
223 2363 235 2383 ‚
254 2328 419 2389 aliquid
441 2329 532 2389 ipso
553 2330 642 2375 sive
660 2346 748 2375 non
772 2330 1069 2390 permittente,
1090 2331 1178 2374 sive
1196 2334 1433 2390 nesciente,

57 2399 103 2448 in
123 2400 328 2460 subjectis
347 2400 429 2445 sibi
452 2416 529 2460 pro
545 2417 623 2446 suo
640 2401 777 2460 gradu
808 2402 935 2446 rebus
955 2401 1160 2446 efficiant.
1186 2405 1282 2448 Non
1298 2407 1357 2450 cis
1375 2417 1439 2451 ta-

54 2484 156 2519 men
177 2470 456 2531 rependitur,
491 2472 612 2533 quod
639 2474 695 2518 de
718 2473 818 2534 ipsis
840 2474 955 2534 juste
982 2473 1065 2527 sit,
1088 2472 1163 2518 sed
1181 2490 1270 2535 quo
1293 2478 1437 2522 animo

55 2540 134 2603 ipsi
169 2540 336 2588 faciunt
356 2561 366 2589 ς
400 2543 502 2604 quia
539 2559 682 2605 neque
712 2544 896 2590 liberam
929 2542 1199 2590 voluntatem
1240 2547 1436 2594 rationali

104 2632 116 2650 ¹
141 2638 154 2661 ι
169 2627 250 2662 Tim·
269 2638 296 2670 1,
313 2637 368 2673 20.v
387 2644 429 2656 —
449 2635 462 2655 ²
485 2640 497 2663 1
519 2631 591 2664 Cor.
611 2639 644 2673 v,
662 2631 695 2670 8,
716 2633 781 2663 etc.

1185 2683 1223 2722 8.
