1924 3309
471 256 556 298 450
903 261 937 291 S·
973 259 1203 292 Auens‘mm
1236 263 1418 291 EP15COP1

468 334 613 379 minus
634 330 741 375 dicit
766 337 905 375 totam
935 332 1096 388 Legem
1134 328 1459 387 Prophetasque
1496 322 1709 385 pendere,
1753 323 1853 368 satis

468 402 701 452 ostendens
729 400 1009 447 dilectionem
1031 414 1120 444 esse
1141 398 1460 458 plenitudinem
1482 397 1608 456 Legis
1632 415 1641 441 :
1665 396 1726 440 ita
1762 394 1854 453 ipsa

467 475 621 521 decem
640 483 859 534 praecepta
876 474 923 518 in
939 472 1111 517 duabus
1125 470 1284 515 tabulis
1299 470 1399 515 data
1421 479 1536 514 sunt.
1572 469 1669 513 Tria
1690 467 1855 528 quippe

468 548 677 594 dicuntur
692 546 740 592 in
760 562 849 591 una
862 543 1013 590 tabula
1027 557 1117 588 esse
1134 542 1378 602 conscripta
1395 549 1440 585 et
1454 549 1619 600 septem
1635 540 1681 584 in
1703 538 1854 584 altera.

473 618 595 665 Sicut
625 627 772 664 autem
805 616 879 661 illa
917 615 999 660 tria
1020 614 1240 674 pertinent
1267 611 1324 658 ad
1353 611 1631 658 dilectionem
1661 609 1764 665 Dei,
1797 609 1875 655 ita'

470 698 637 750 septem
658 697 813 733 caetera
834 684 1057 731 dilectioni
1074 683 1259 744 proximi
1275 683 1559 743 deputantur.

526 763 608 806 ΙΙΙ.
635 760 830 805 Primum
852 765 916 802 est
937 755 1118 802 illorum
1147 756 1280 800 trium
1312 773 1321 799 ε
1347 773 1368 796 «
1391 753 1507 798 Audi
1527 751 1682 808 Israel,
1706 751 1859 797 Domi-

471 849 492 873 »
509 846 592 876 nus
606 833 720 875 Deus
735 837 837 873 tuus
858 826 1070 872 Dominus
1091 842 1204 870 unus
1229 834 1310 870 est.
1333 827 1432 871 Non
1449 816 1582 868 'facies
1595 823 1676 868 tibi
1690 821 1859 867 idolum

469 920 488 943 »
506 911 583 947 aut
593 902 662 961 cuj
669 914 855 960 usquam
861 897 1210 954 similitudinem,
1220 912 1364 957 neque
1377 911 1476 956 quae
1487 895 1534 940 in
1543 894 1657 940 coelo
1668 909 1856 950 sursum,

467 989 487 1013 >›
522 986 668 1032 neque
684 986 785 1031 quae
802 970 849 1014 in
872 978 987 1013 terra
1007 968 1212 1012 deorsum
1225 1002 1237 1023 ,
1257 976 1301 1011 et
1313 975 1468 1011 caetera
1485 965 1646 1026 quibus
1660 964 1715 1008 ad
1730 964 1860 1009 unius

467 1060 487 1084 »
523 1042 603 1086 Dei
618 1040 790 1087 cultum
811 1039 959 1084 relicta
974 1038 1198 1084 idolorum
1221 1038 1508 1083 fornicatione
1525 1035 1781 1093 constringit
1794 1037 1855 1079 ¹.»

469 1111 725 1156 Secundum
747 1118 894 1154 autem
915 1117 1187 1168 praeceptum
1208 1117 1272 1152 est
1299 1127 1309 1152 z
1339 1127 1360 1150 «
1378 1109 1477 1153 Non
1493 1106 1676 1165 accipies
1697 1120 1861 1150 nomen

466 1182 642 1226 Domini
664 1181 742 1225 Dei
761 1181 828 1224 tui
858 1181 904 1223 in
940 1194 1102 1224 vanum
1116 1182 1148 1222 2.
1178 1197 1199 1220 »
1226 1179 1447 1233 Tertium,
1472 1177 1527 1222 de
1559 1177 1862 1222 observatione

467 1251 657 1295 sabbati.
683 1249 829 1296 Credo
845 1258 1024 1308 propter
1043 1248 1298 1293 Trinitatem
1314 1249 1395 1292 tria
1412 1256 1628 1307 praecepta
1645 1247 1863 1307 pertinent

471 1321 525 1366 ad
547 1320 828 1366 dilectionem
851 1319 945 1363 Dei.
966 1319 1116 1363 Unitas
1139 1319 1253 1362 enim
1276 1318 1511 1363 divinitatis
1528 1335 1551 1362 a
1575 1321 1702 1362 Patre
1730 1318 1863 1364 habet

467 1391 694 1437 exordium
716 1409 725 1436 :
748 1390 850 1434 inde
873 1389 1064 1448 primum
1084 1397 1353 1449 praeceptum
1376 1388 1431 1433 de
1452 1404 1542 1434 uno
1565 1391 1656 1433 Deo
1676 1389 1863 1433 maxime

466 1462 680 1523 loquitur.
701 1459 1009 1506 Admonemur
1029 1467 1175 1502 autem
1205 1457 1398 1503 secundo
1428 1468 1673 1519 praecepto,
1698 1474 1753 1503 ne
1785 1458 1863 1503 Fi-

466 1532 577 1577 lium
589 1532 669 1577 Dei
684 1539 930 1576 creaturam
944 1539 1166 1589 putemuS‚
1182 1528 1217 1574 si
1231 1545 1333 1574 eum
1350 1531 1644 1590 acceperimus
1661 1530 1707 1577 in
1719 1545 1864 1590 aequa-

466 1602 556 1648 lem
578 1602 712 1648 Patri.
737 1601 890 1646 Omnis
913 1600 1032 1644 enim
1065 1609 1264 1644 creatura
1281 1634 1292 1655 ,
1328 1600 1439 1645 sicut
1469 1600 1577 1646 dicit
1605 1600 1862 1660 Apostolus,

470 1674 653 1719 vanitati
674 1671 851 1718 subdita
869 1680 933 1716 est
959 1689 968 1716 :
992 1670 1053 1715 ibi
1067 1680 1215 1715 autem
1235 1672 1507 1731 praecipitur,
1528 1686 1584 1716 ne
1597 1686 1760 1716 nomen
1775 1673 1865 1715 Do-

470 1744 580 1788 mini
600 1744 679 1789 Dei
698 1743 835 1787 nostri
856 1742 901 1786 in
928 1756 1090 1786 vanum
1112 1742 1387 1801 accipiamus.
1423 1745 1447 1786 J
1452 1758 1522 1787 am
1569 1757 1673 1787 vero
1697 1741 1865 1787 donum

471 1816 580 1871 Dei,
614 1812 736 1875 quod
766 1822 830 1858 est
853 1812 1036 1871 Spiritus
1057 1821 1231 1857 sanctus
1245 1847 1257 1868 ‚
1295 1812 1508 1872 promittit
1529 1814 1727 1874 requiem
1749 1827 1865 1857 sem-

472 1886 713 1945 piternam,
749 1899 849 1943 quae
877 1883 1060 1926 sabbato
1089 1883 1304 1940 figuratur
1328 1901 1337 1926 :
1364 1883 1484 1926 unde
1514 1898 1593 1927 nos
1631 1883 1865 1928 sabbatum

472 1954 722 2015 spiritaliter
744 1953 1046 2007 observamus,
1082 1951 1117 1996 si
1145 1967 1234 1996 non
1271 1950 1480 1998 faciamus
1513 1968 1644 2014 opera
1675 1952 1861 1999 servilia.

471 2026 541 2072 Ab
554 2026 620 2070 his
643 2024 759 2069 enim
781 2023 913 2067 etiam
934 2021 1096 2066 carnali
1122 2022 1352 2067 intellectu
1372 2026 1397 2067 J
1401 2023 1517 2068 udaei
1540 2025 1730 2069 'sabbato
1760 2039 1865 2084 pro·
1896 2082 1897 2088 ἵ

472 2097 698 2141 hibentur.
720 2094 803 2148 Qui
831 2102 978 2138 autem
1003 2092 1210 2153 spiritalia
1235 2093 1332 2139 vult
1352 2094 1594 2155 intelligere
1621 2110 1753 2155 opera
1773 2109 1866 2140 ser-

473 2168 574 2213 vilia
589 2201 601 2223 ‚
626 2165 776 2211 audiat
791 2165 1028 2211 Dominum
1045 2163 1264 2209 dicentem
1289 2183 1298 2210 :
1329 2183 1350 2207 «
1373 2165 1525 2210 Omnis
1547 2165 1622 2226 qui
1645 2165 1750 2210 facit
1763 2180 1866 2225 pec·

476 2256 498 2279 »
534 2246 704 2292 catum,
749 2250 898 2280 servus
934 2243 998 2278 est
1026 2234 1193 2293 peccati
1208 2235 1240 2278 ³.
1275 2252 1297 2276 »
1324 2237 1556 2280 Peccatum
1591 2244 1738 2280 autem
1775 2250 1865 2280 non

475 2308 617 2354 solum
638 2305 749 2352 illud
782 2315 846 2351 est
865 2340 877 2362 ‚
910 2304 1029 2365 quod
1052 2305 1099 2349 in
1121 2305 1239 2365 turpi
1268 2314 1344 2350 aut
1365 2305 1517 2366 iniquo
1548 2304 1665 2351 facto
1686 2314 1867 2367 apparet

475 2379 728 2425 hominibus
749 2399 760 2435 3
782 2377 859 2422 sed
888 2377 1017 2421 etiam
1040 2377 1074 2420 si
1094 2376 1255 2420 habeat
1287 2377 1473 2436 speciem
1496 2377 1601 2422 boni
1639 2377 1802 2437 operis,
1823 2384 1868 2420 et

474 2460 622 2496 tamen
656 2458 834 2509 propter
855 2447 1102 2492 mercedem
1137 2447 1421 2505 temporalem
1443 2448 1519 2492 fiat
1536 2482 1547 2502 ,
1568 2463 1659 2492 non
1687 2457 1866 2508 propter

473 2523 669 2583 requiem
699 2520 1021 2580 sempiternam.
1047 2517 1285 2572 Quodlibet
1307 2520 1422 2562 enim
1453 2520 1637 2579 quisque
1670 2517 1798 2576 facit,
1830 2519 1865 2564 si

522 2610 531 2627 ¹
555 2607 654 2638 Exod.
675 2616 732 2647 xx,
752 2614 786 2647 2,
805 2608 869 2637 etc.
887 2620 928 2627 --
954 2609 967 2626 ²
989 2605 1085 2636 Deut.
1107 2613 1143 2644 v,
1163 2603 1197 2644 6,
1216 2606 1283 2635 etc.
1308 2618 1349 2624 -—
1372 2601 1384 2624 3
1403 2601 1494 2636 Joan.
1516 2612 1588 2645 vlu,
1607 2601 1662 2645 34.
