1924 3309
482 283 506 319 L)
518 281 566 317 16
914 290 946 316 s·
984 290 1214 319 Aucuszrmi
1248 293 1429 319 EPlscorl

480 374 498 397 »
536 354 735 398 charitas.
782 355 1015 399 sectamini
1058 355 1313 399 charitatem
1342 358 1372 398 ¹.
1429 374 1448 397 »
1492 360 1719 415 Interrogo
1761 373 1864 416 ergo

473 425 663 467 amicum
689 423 743 467 de
765 424 919 468 amico.
948 425 1024 468 Dic
1047 424 1178 479 mihi,
1203 424 1385 469 obsecro
1403 434 1444 469 te
1465 445 1474 469 ι
1500 425 1653 469 Fidem
1672 426 1864 485 possides

473 509 572 538 cum
595 495 677 538 isto
701 494 745 537 in
769 504 1021 553 paupertate
1044 495 1166 554 ejus?
1204 493 1357 538 Fidem
1380 495 1570 553 possides
1593 511 1693 540 curn
1716 496 1798 540 isto
1820 497 1866 540 in

474 575 728 626 paupertate
751 567 867 625 ejus?
886 566 1044 619 Plane,
1070 565 1215 624 inquit
1241 584 1249 609 :
1278 566 1425 609 audivi
1447 567 1562 610 euim
1578 568 1662 611 hoc
1687 568 1732 610 in
1748 583 1867 612 sacra

475 636 718 695 Scriptura,
763 645 806 680 et
842 635 1147 679 commendavi
1197 634 1322 679 cordi
1356 650 1474 690 meo,
1506 645 1549 679 et
1583 637 1628 679 in
1658 638 1868 681 memoria

474 721 568 749 mea
591 707 764 764 reposui
790 725 798 749 :
822 705 963 748 libens
988 703 1149 759 recolo,
1175 703 1382 748 libentius
1408 704 1535 749 facio.
1569 706 1728 750 Audivi
1750 707 1867 751 enim

473 785 667 820 sanctum
692 774 875 819 verbum
903 794 912 819 :
934 794 954 817 «
977 775 1130 818 Fidem
1152 774 1323 833 posside
1345 791 1445 819 cum
1465 776 1664 833 proximo
1685 776 1861 836 inpau-

478 865 497 888 »
534 855 699 905 pertate
737 845 885 904 ipsius.
917 865 935 886 »
959 847 1016 888 Et
1038 859 1145 902 ego:
1171 847 1314 898 Quare
1336 845 1420 889 hoc
1449 844 1580 889 facis?
1611 862 1664 890 an
1690 857 1866 906 propter

471 916 583 961 illud
604 915 722 976 quod
740 916 952 975 sequitur,
976 934 994 956 «
1024 917 1080 958 Ut
1098 924 1140 957 et
1164 915 1287 959 bonis
1305 916 1396 975 ejus
1420 916 1682 974 pertruaris?
1710 936 1728 957 u
1748 917 1864 969 Quid

470 1001 573 1044 ergo
625 985 846 1044 expectas?
891 987 946 1028 Ut
984 983 1189 1044 quando,
1240 985 1407 1044 inquit,
1459 986 1578 1030 dives
1618 985 1749 1029 fuerit
1773 1021 1784 1040 ‚
1827 995 1869 1029 et

469 1057 582 1100 bona
635 1055 916 1109 accesserint,
974 1054 1178 1097 admittat
1230 1070 1298 1097 me
1341 1055 1396 1098 ad
1449 1056 1565 1098 bona
1613 1071 1710 1110 sua,
1765 1056 1869 1114 quia

469 1143 558 1170 nou
597 1126 788 1170 fastidivi
810 1126 921 1169 mala
958 1126 1104 1184 ipsius.
1148 1129 1299 1168 Patere
1336 1141 1439 1183 ergo
1476 1125 1620 1168 adhuc
1656 1141 1725 1169 nie
1761 1141 1869 1184 pau-

469 1196 611 1240 lulum
634 1197 989 1254 interrogantem.
1018 1195 1135 1247 Quid
1174 1196 1207 1238 si
1251 1196 1356 1248 iste,
1403 1211 1504 1238 cum
1546 1211 1634 1253 quo
1677 1211 1868 1255 paupere

470 1266 662 1326 possides
699 1265 857 1320 fidem,
903 1278 1131 1323 nunquam
1168 1264 1249 1306 erit
1286 1264 1436 1308 dives?
1479 1264 1588 1324 quid
1622 1265 1655 1308 si
1701 1281 1869 1325 pauper

472 1336 645 1381 futurus
676 1345 738 1380 est
760 1351 900 1395 usque
923 1336 978 1378 ad
995 1337 1209 1378 mortem?
1234 1336 1348 1378 Perit
1382 1334 1514 1390 fides,
1556 1336 1658 1395 quia
1686 1336 1868 1396 decepta

473 1416 536 1451 est
558 1409 680 1466 spes?
702 1407 812 1458 Quia
836 1421 923 1450 non
947 1405 1108 1465 poteris
1141 1420 1294 1448 aurum
1328 1405 1548 1464 possidere
1578 1421 1678 1450 cum
1705 1406 1839 1450 divite
1854 1442 1865 1460 ‚

474 1477 707 1538 poenitebit
735 1486 776 1520 te
798 1477 930 1519 fidem
958 1476 1195 1535 possedisse
1223 1491 1322 1519 cum
1347 1478 1563 1536 paupere?
1588 1477 1629 1521 Si
1653 1477 1763 1536 sapit
1784 1478 1871 1521 hu-

474 1563 675 1603 manum,
712 1547 800 1590 imo
842 1546 875 1589 si
913 1547 1024 1605 sapit
1046 1561 1222 1600 verum,
1243 1547 1327 1589 hac
1350 1547 1688 1604 interrogatione
1716 1547 1869 1590 turba-

476 1619 610 1673 bitur,
648 1627 691 1661 et
728 1617 844 1661 dicet
866 1617 972 1660 mihi
1000 1635 1008 1659 :
1042 1618 1207 1660 Verum
1244 1616 1364 1660 dicis.
1396 1619 1516 1660 Bona
1540 1632 1604 1660 res
1627 1627 1710 1671 est,
1736 1617 1870 1660 fidem

476 1689 694 1749 possidere
716 1705 814 1733 cum
834 1689 1051 1748 proximo3
1076 1688 1149 1732 sed
1171 1689 1204 1732 si
1225 1687 1366 1732 dicas:
1388 1691 1473 1747 Spe
1494 1688 1740 1746 possidetur
1759 1688 1866 1731 fides

476 1775 577 1805 cum
596 1761 796 1818 proximo
820 1772 1031 1816 paupere,
1054 1766 1101 1800 ut
1124 1760 1177 1800 ad
1201 1761 1291 1816 ejus
1326 1758 1498 1801 divitias
1532 1758 1835 1817 perveniamus
1853 1793 1865 1813 ,

477 1841 526 1875 ut
548 1833 593 1875 in
623 1830 681 1873 eis
710 1844 811 1873 cum
833 1828 909 1871 illo
932 1828 1286 1872 communionem
1310 1828 1548 1872 habeamus
1579 1850 1590 1886 3
1616 1830 1708 1872 sine
1731 1828 1868 1874 dubio

477 1917 578 1946 cum
603 1909 801 1944 mortuus
838 1898 969 1942 fuerit
1001 1899 1080 1942 istc
1108 1914 1286 1957 pauper,
1313 1914 1401 1941 non
1425 1899 1732 1942 accedentibus
1765 1917 1866 1960 quae

476 1971 764 2032 sperabantur
801 1968 986 2023 divitiis,
1033 1968 1169 2012 totius
1204 1967 1318 2012 illius
1356 1969 1459 2012 boni
1496 1968 1728 2027 ptenitehit
1770 1986 1865 2025 nos,

477 2041 599 2104 quod
621 2042 732 2085 bene
762 2039 1004 2093 mulsimus,
1031 2038 1143 2082 male
1178 2038 1426 2082 fundemus.
1468 2039 1598 2083 Vides
1620 2054 1724 2098 ergo
1740 2039 1868 2083 altius

478 2128 567 2158 esse
614 2113 740 2156 istam
778 2109 1037 2154 sententiam
1085 2108 1443 2168 perscrutandam
1459 2143 1470 2163 ‚
1515 2124 1604 2153 non
1643 2111 1867 2169 quomodo

476 2184 713 2244 vulgariter
741 2182 924 2241 intelligi
958 2189 1121 2241 potest,
1157 2182 1233 2225 sed
1253 2179 1475 2242 quomodo
1498 2179 1643 2224 divina
1677 2181 1867 2226 auetori-

477 2266 566 2300 tate
583 2253 868 2307 conditaest,
895 2250 948 2296 ad
973 2250 1138 2311 aliquid
1162 2266 1367 2310 maguum
1392 2250 1701 2295 insinuandum
1720 2286 1730 2305 ‚
1752 2267 1867 2311 pra:-

478 2325 751 2386 cipiendum‚
775 2322 1079 2383 imperandum
1102 2322 1251 2375 1101115,
1286 2322 1361 2365 ubi
1383 2337 1477 2380 spes
1501 2331 1645 2365 nostra
1669 2336 1759 2365 non
1781 2321 1867 2365 sal-
1915 2346 1918 2355 ·

478 2393 1035 2454 latur,nepoeniteatfidem
1051 2392 1301 2452 possedisse.
1322 2391 1390 2435 Ad
1404 2393 1661 2435 sententiam
1675 2400 1867 2436 nostram
1916 2404 1917 2407 ’

484 2485 572 2514 11011
587 2469 746 2529 poteris
763 2467 822 2511 sic
846 2465 1082 2525 pervenire.

542 2543 618 2585 IV.
646 2542 760 2597 Ergo
781 2536 957 2582 attende
978 2536 1099 2580 illum
1137 2550 1371 2593 pauperem
1412 2538 1620 2578 Lazarum
1648 2535 1865 2593 jacentem

535 2632 541 2647 ¹
567 2637 577 2657 1
597 2627 668 2657 Cor.
691 2635 757 2665 xm,
779 2624 831 2665 13,
853 2627 970 2663 ctx1v‚
996 2633 1021 2653 1.
