1867 3320
310 273 448 300 5ΕῆΜο
481 271 598 308 xvn,
636 273 678 299 ια
714 271 876 300 PSALMo
909 274 1031 310 xLix,
1068 264 1106 300 3.
1321 266 1399 303 321

35 337 77 383 Si
96 336 236 381 dicam
259 335 387 381 alicui
414 337 458 380 in
481 346 718 396 conspectu
739 346 880 382 vestro
896 372 906 391 ‚
929 340 994 381 Tu
1011 338 1093 382 hoc
1122 338 1256 383 fecisti
1283 361 1291 385 2
1317 356 1406 385 res-

32 406 241 468 pondebit
262 416 426 466 postea,
445 410 667 460 Quantum
691 410 806 452 erat?
828 411 951 452 Intus
973 424 1041 451 me
1063 419 1277 464 moneret,
1293 411 1410 456 intus

32 477 138 522 mihi
165 477 354 533 diceret,
384 478 483 538 quia
518 478 630 522 male
665 477 746 522 feci
766 514 775 532 ‚
811 478 928 522 intus
962 478 1153 522 viderem
1185 491 1410 538 peccatum

34 563 174 592 meum
197 567 205 592 :
231 564 366 608 quare
387 549 432 592 in
454 548 618 608 populo
641 549 810 608 arguit?
828 549 944 602 Quid
965 549 999 592 si
1015 548 1097 593 feci
1113 584 1123 603 ,
1145 559 1187 593 et
1208 566 1294 594 non
1317 567 1413 596 cor-

34 620 208 665 rexisti?
229 618 345 672 Quid
366 620 400 663 si
427 619 508 664 feci
525 655 535 674 ‚
564 629 606 663 et
634 619 776 664 adhuc
800 621 1075 679 perseveras?
1099 621 1211 673 Quid
1240 622 1272 664 si
1301 622 1382 665 feci
1400 657 1411 676 ‚

33 699 76 735 et
98 690 240 734 adhuc
258 690 337 734 tibi
353 691 462 734 bene
487 689 634 735 fecisse
655 690 811 735 videris
828 691 872 734 in
892 691 1022 735 corde
1044 700 1120 735 tuo
1135 693 1151 735 Ρ
1169 694 1278 744 Quia
1303 699 1415 737 'tacet

34 760 104 806 ille
121 795 132 816 ,
148 762 290 821 justus
324 764 399 806 es?
431 762 538 814 Quia
560 761 633 805 ille
652 761 783 806 modo
819 778 907 806 non
931 761 1140 818 vindicat,
1172 761 1281 807 nihil
1302 764 1414 807 male

34 829 203 876 fecisti?
223 834 322 877 Non
340 831 484 886 times,
510 850 530 872 «
555 834 747 891 Arguam
772 835 842 875 te?
861 849 886 873 ·»
908 835 1005 878 Non
1031 833 1167 887 times,
1197 853 1217 875 «
1241 834 1416 878 Consti-

35 920 56 944 »
91 911 211 946 tuam
234 911 275 946 te
295 911 395 946 ante
418 901 573 946 faciem
598 912 719 946 tuam
738 905 754 944 ἰ)
774 922 792 943 »
815 918 905 947 non
926 903 1083 947 times?

91 974 190 1015 VII.
220 971 304 1016 Sed
326 973 453 1030 longe
475 982 565 1028 est,
594 973 764 1032 inquis,
784 973 1013 1032 judicium.
1047 973 1191 1018 Primo
1218 974 1314 1034 quis
1341 975 1418 1018 tibi

34 1042 164 1096 dixit,
194 1042 296 1102 quia
316 1041 446 1101 longe
481 1051 544 1087 est
566 1042 656 1086 dies
683 1044 868 1103 judicii?
890 1043 1116 1103 Numquid
1137 1044 1171 1087 si
1197 1043 1325 1102 longe
1357 1053 1420 1088 est

34 1111 125 1157 dies
141 1112 294 1173 judicii
310 1148 320 1166 ,
346 1112 476 1172 longe
508 1122 572 1157 est
593 1112 682 1157 dies
705 1116 836 1158 tuus?
860 1114 983 1158 Unde
1013 1115 1093 1158 scis
1125 1115 1304 1174 quando
1328 1116 1421 1158 est?

34 1183 187 1228 Nonne
213 1182 339 1227 multi
369 1184 460 1227 sani
489 1182 763 1227 dormierunt
798 1193 840 1227 et
888 1184 1225 1228 obduruerunt?
1263 1187 1416 1228 Nonne

32 1268 155 1298 casus
190 1263 358 1298 nostros
394 1253 622 1298 nobiscum
655 1255 700 1297 in
722 1255 802 1298 hac
824 1270 951 1298 carne
984 1256 1236 1314 portamus?
1264 1257 1418 1299 Nonne

31 1322 272 1381 fragiliores
292 1338 455 1378 sumus,
482 1339 615 1383 quam
637 1324 671 1368 si
701 1324 822 1368 vitrei
857 1326 1077 1368 essemus?
1109 1325 1279 1369 Vitrum
1303 1327 1419 1368 enim

1 1442 5 1450 V,
33 1393 111 1438 etsi
140 1392 293 1452 fragile
327 1403 416 1452 est,
447 1403 592 1438 tamen
623 1403 838 1438 servatum
877 1394 951 1438 diu
989 1395 1118 1438 durat
1144 1414 1152 1439 ι
1179 1404 1220 1438 ct
1255 1394 1420 1439 invenis

33 1462 184 1508 calices
206 1464 262 1507 ab
292 1465 380 1508 avis
409 1472 452 1508 et
486 1465 656 1523 proavis
674 1499 684 1518 ‚
722 1465 766 1508 in
791 1466 948 1524 quibus
978 1464 1138 1509 bibunt
1169 1473 1348 1524 nepotes
1378 1474 1420 1508 et

3 1544 7 1549 ’
33 1544 306 1595 pronepotes,
335 1538 473 1579 Tanta
494 1533 700 1594 fragilitas
733 1535 947 1580 custodita
969 1545 1031 1580 est
1062 1552 1138 1595 per
1160 1552 1308 1580 annos.
1336 1538 1421 1581 Nos

6 1613 9 1622 '
33 1615 178 1650 autem
209 1605 428 1661 homines,
449 1615 492 1650 et
514 1605 596 1649 sub
623 1607 752 1650 tantis
773 1607 942 1650 casibus
965 1606 1228 1666 quotidianis
1252 1605 1422 1663 fragiles

9 1722 13 1738 ι
32 1673 331 1731 ειῐηίσυὴιῐηυες
372 1675 450 1718 etsi
490 1690 611 1718 casus
646 1676 725 1734 ipsi
762 1677 976 1734 repentini
1018 1691 1105 1718 non
1142 1675 1416 1729 acciderent,

9 1743 13 1762 ⁷
32 1744 110 1790 diu
128 1753 273 1788 tamen
295 1744 440 1788 vivere
455 1759 542 1788 non
562 1744 815 1788 valeremus.
840 1745 936 1788 Vita
955 1745 1146 1789 humana
1170 1755 1257 1789 tota
1281 1746 1422 1789 brevis

12 1827 13 1832 ’
34 1823 122 1869 est,
148 1815 202 1858 ab
220 1814 404 1859 infantia
428 1829 565 1874 usque
579 1814 633 1857 ad
651 1815 915 1873 decrepitam
931 1824 1198 1859 senectutem
1220 1825 1307 1859 tota
1332 1816 1421 1859 bre-

14 1885 96 1929 vis
113 1894 191 1929 cst.
218 1883 357 1928 Adam
381 1885 415 1927 si
438 1884 582 1928 adhuc
600 1884 784 1936 viveret,
817 1894 859 1927 et
877 1884 1007 1928 hodie
1027 1894 1288 1938 moreretur,
1315 1886 1421 1945 quid

12 1928 19 1969 l
35 1953 96 1999 illi
117 1955 218 1999 vitae
235 1952 464 2011 longitudo
482 1952 744 2012 profuisset?
761 1956 856 1996 Huc
875 1953 1040 1998 accedit
1058 1989 1068 2007 ‚
1089 1956 1189 2013 quia
1208 1955 1297 2013 ipse
1314 1955 1419 2008 dies,

16 2000 108 2086 qui
126 2025 250 2084 quasi
284 2023 541 2068 naturaliter
578 2024 734 2077 servit,
774 2025 928 2068 morbo
957 2024 1101 2068 illecto
1130 2024 1317 2069 incertus
1341 2034 1418 2069 cst.

17 2071 241 2149 Quotidie
277 2094 525 2139 moriuntur
559 2094 756 2137 homines
789 2104 866 2137 :et
905 2095 979 2154 qui
1016 2095 1167 2138 vivunt
1199 2094 1424 2138 deducunt

20 2136 131 2210 ¹illos
146 2200 157 2220 ,
183 2165 407 2225 exsequias
427 2164 668 2218 celebrant,
685 2173 727 2208 et
746 2164 875 2208 vitam
897 2165 975 2207 sibi
996 2165 1269 2222 promittunt.
1289 2167 1425 2208 Nemo

13 2213 163 2287 ldicit‚
190 2235 412 2293 Corrigam
437 2250 527 2289 me,
553 2250 607 2278 nc
627 2249 719 2278 cras
742 2234 823 2279 hoc
846 2235 924 2278 sim
948 2234 1066 2294 quod
1091 2236 1167 2278 iste
1186 2250 1316 2294 quem
1345 2235 1422 2278 do.-

27 2305 157 2351 duxi.
200 2305 376 2351 Placent
404 2306 526 2351 vobis
549 2305 704 2359 verba,
742 2321 823 2364 ego
854 2321 1003 2365 qim‘ro
1032 2306 1157 2350 iacta.
1195 2305 1336 2351 Nolite
1358 2321 1426 2349 nu·

41 2377 295 2422 contristare
311 2377 453 2436 pravis
468 2377 660 2423 moribus
676 2377 824 2422 vestris
844 2397 851 2420 ;
868 2378 968 2436 quia
982 2376 1213 2422 delectatio
1227 2392 1318 2421 mea
1339 2393 1425 2420 non

32 2455 101 2493 st
122 2448 166 2492 in
195 2448 276 2493 hac
301 2447 410 2502 vita,
436 2448 662 2493 nisivestra
688 2448 802 2494 bona
826 2449 924 2492 vita.

207 2675 358 2704 cxxiv.
1199 2668 1238 2700 -)1
