1924 3309
447 229 531 268 202
879 239 915 270 s.
949 240 1180 273 Aucusnm
1212 244 1393 274 Enscom

444 306 568 351 uehis
590 305 857 366 indefensus,
875 319 918 356 et
932 326 1022 356 non
1035 311 1098 356 illi
1112 311 1322 358 ostendis:
1339 329 1365 358 o
1382 312 1415 372 si
1435 328 1606 358 mecum
1622 314 1829 360 haberet!

444 379 706 437 Luctamini,
721 390 764 425 et
785 381 959 426 vincite.
975 383 1018 427 Si
1033 383 1149 426 enim
1166 382 1297 428 vellet
1313 384 1509 430 Christus
1520 385 1674 445 jubere
1690 394 1831 442 terrae,

442 449 620 510 quando
637 466 661 495 a
673 453 697 495 J
702 452 836 496 udaeis
854 462 973 497 tanta
992 469 1138 513 passus
1157 463 1235 510 est,
1250 464 1301 500 ut
1312 464 1460 516 aperta
1477 456 1673 500 sorberet
1689 472 1834 516 perse-

442 529 614 566 cutores
629 523 664 583 ej
672 538 735 580 us,
748 539 837 569 non
856 526 1024 584 posset?
1042 525 1085 569 Si
1104 540 1207 584 ergo
1223 526 1299 586 qui
1310 526 1465 571 habuit
1479 535 1755 586 potestatem,
1771 529 1832 573 sic

442 606 514 637 eos
530 593 726 653 pertulit,
747 610 978 655 quousque
993 594 1212 640 levaretur
1232 596 1278 640 in
1300 612 1492 653 crucem,
1511 606 1554 641 et
1571 598 1766 658 pendens
1787 599 1833 643 in

441 679 571 709 cruce
597 665 685 711 ait:
713 685 732 708 «
758 670 905 723 Pater,
931 667 1107 726 ignosce
1139 666 1250 723 illis,
1273 668 1375 727 quia
1403 669 1605 713 nesciunt
1629 669 1737 729 quid
1765 668 1834 715 fa-

444 753 464 777 »
484 737 629 780 ciunt¹
647 756 655 781 :
671 746 752 781 »tu
765 752 886 782 serve
901 736 1125 798 redempte
1139 739 1350 798 sanguine
1365 739 1740 785 crucifixiDomini
1751 742 1831 798 tui,

441 822 531 852 non
553 807 792 853 imitaberis
809 808 1076 854 Salvatorem
1091 812 1244 854 tuum?
1258 809 1375 864 Quid
1392 811 1509 855 enim
1532 810 1595 855 illi
1612 827 1722 871 opus
1744 821 1835 857 erat

440 886 561 922 tanta
578 880 683 938 pati,
711 879 781 924 cui
796 880 959 925 licebat
972 890 1015 926 et
1036 897 1122 926 non
1146 882 1267 942 pati?
1290 884 1399 928 Nam
1419 883 1479 928 sic
1499 883 1627 928 dixit:
1653 886 1835 929 «Potes-

441 967 462 990 »
488 957 619 993 tatem
632 950 774 996 habeo
788 951 979 1012 ponendi
996 952 1185 997 animam
1198 968 1355 1009 meam,
1368 963 1411 998 et
1421 963 1679 1014 potestatem
1693 955 1834 1000 habeo

442 1038 463 1062 »
488 1020 689 1066 sumendi
706 1037 800 1067 eam
820 1038 974 1068 :nemo
996 1023 1111 1068 tollit
1133 1039 1228 1069 eam
1242 1040 1265 1069 a
1278 1040 1349 1069 me
1367 1046 1378 1083 3
1393 1024 1468 1070 sed
1484 1039 1563 1084 ego
1577 1041 1696 1086 pono
1717 1041 1829 1082 eam,

442 1110 461 1132 »
482 1101 526 1136 et
543 1092 703 1136 iterum
723 1108 891 1139 sumam
916 1110 1010 1139 eam
1024 1099 1056 1139 ².
1071 1113 1092 1136 »
1119 1098 1175 1140 Et
1190 1095 1250 1140 sic
1273 1094 1390 1141 fecit.
1403 1096 1521 1150 Quid
1538 1097 1653 1141 enim
1667 1095 1832 1141 factum

437 1171 500 1207 est
518 1198 528 1217 ‚
555 1162 741 1209 fratres?
765 1165 988 1210 Pendebat
1003 1168 1047 1210 in
1068 1182 1197 1211 cruce
1212 1202 1222 1222 ‚
1247 1166 1472 1227 quomodo
1491 1168 1505 1194 3
1528 1168 1832 1227 Competenti-

438 1233 520 1277 bus
542 1233 727 1293 legimus
748 1254 757 1280 ι
784 1245 827 1280 at
844 1236 919 1280 ubi
937 1235 1048 1281 vidit
1071 1237 1308 1297 completas
1329 1238 1376 1281 in
1398 1253 1441 1281 se
1463 1253 1614 1282 omnes
1633 1238 1831 1298 Scriptu-

436 1320 502 1349 ras
521 1341 531 1360 ,
553 1315 602 1349 ut
624 1305 687 1349 illi
705 1307 861 1350 darent
877 1308 1004 1351 etiam
1025 1317 1197 1352 acetum
1220 1328 1228 1353 ;
1257 1307 1540 1352 «Perfectum
1565 1318 1650 1363 est,
1674 1309 1734 1352 ait
1754 1328 1763 1354 :
1788 1318 1832 1353 et

439 1394 458 1416 »
494 1375 720 1421 inclinavit
737 1386 886 1437 caput,
901 1386 945 1421 et
967 1378 1109 1422 emisit
1127 1378 1326 1438 spiritum
1343 1379 1358 1403 4
1372 1399 1382 1435 3
1396 1378 1552 1438 »quasi
1570 1379 1626 1423 ad
1643 1379 1727 1424 hoc
1749 1388 1831 1423 sta·

435 1456 528 1500 ret,
557 1457 605 1491 ut
627 1447 897 1507 impleretur.
934 1450 1046 1493 Cum
1077 1448 1209 1493 vellet
1230 1464 1332 1507 ergo
1351 1484 1362 1504 ‚
1389 1449 1580 1494 animam
1604 1465 1726 1494 suam
1748 1465 1829 1510 po-

434 1519 534 1562 suit.
562 1521 616 1563 Et
635 1518 735 1563 ideo
755 1519 829 1563 iile
860 1523 972 1564 Deus
996 1533 1088 1564 erat
1104 1555 1114 1575 ‚
1135 1519 1197 1564 illi
1221 1520 1420 1565 homines
1436 1555 1446 1574 ‚
1468 1521 1544 1580 qui
1562 1522 1686 1580 juxta
1703 1520 1828 1565 illum

434 1599 558 1634 erant
573 1591 782 1635 crucifixi.
800 1590 878 1635 Ille
900 1591 1027 1636 citius
1046 1591 1245 1645 moritur,
1262 1590 1325 1635 illi
1343 1590 1523 1635 tardius.
1545 1593 1601 1635 Et
1621 1605 1720 1635 cum
1733 1592 1828 1651 jus-

434 1675 530 1705 sum
553 1670 677 1717 esset,
699 1670 749 1706 ut
771 1677 952 1720 corpora
973 1663 1300 1720 deponerentur
1317 1660 1370 1705 de
1388 1676 1517 1706 cruce
1534 1671 1712 1721 propter
1733 1662 1829 1706 sab-

434 1731 603 1786 batum,
622 1741 671 1775 ut
688 1731 991 1791 sepelirentur,
1009 1733 1274 1776 invenerunt
1288 1731 1384 1775 illos
1402 1731 1591 1776 latrones
1613 1732 1824 1788 viventes,

433 1812 476 1848 et
498 1804 557 1848 eis
578 1819 705 1848 crura
725 1803 977 1862 fregerunt3
1003 1803 1236 1848 Dominum
1257 1812 1404 1848 autem
1421 1805 1511 1863 jam
1534 1803 1794 1849 defunctum
1811 1840 1823 1861 ‚

433 1883 476 1918 et
498 1883 645 1918 tamen
660 1890 774 1919 unus
795 1875 989 1934 ipsorum
1011 1873 1162 1919 lancea
1183 1875 1393 1933 percussit
1412 1874 1525 1918 latus
1539 1875 1647 1934 ejus,
1665 1884 1709 1919 et
1725 1891 1826 1935 pro-

320 1948 380 1999 f·
433 1945 560 1989 fluxit
583 1947 755 2005 sanguis
787 1956 830 1990 et
865 1962 992 2006 aqua.
1019 1948 1132 1991 Ecce
1164 1946 1351 2005 pretium
1386 1954 1530 1990 tuum.
1556 1946 1673 1999 Quid
1706 1948 1823 1992 enim

384 2052 387 2068 Ξ
432 2016 641 2076 profluxit
662 2016 717 2061 de
738 2016 888 2072 latere,
904 2017 984 2061 nisi
1002 2026 1319 2062 sacramentum
1333 2016 1454 2077 quod
1476 2017 1698 2076 accipiunt
1719 2017 1823 2062 fide-

433 2086 525 2132 les?
554 2088 762 2148 Spiritus,
789 2089 962 2148 sanguis
977 2123 987 2143 ‚
1014 2097 1057 2132 et
1080 2104 1206 2148 aqua.
1230 2089 1414 2148 Spiritus
1433 2103 1566 2148 quem
1589 2088 1754 2143 emisit,
1779 2098 1822 2133 et

384 2162 387 2193 ἶ
432 2159 605 2217 sanguis
623 2168 665 2203 et
687 2175 800 2220 aqua
822 2175 920 2220 quae
944 2160 998 2203 de
1019 2158 1153 2203 latere
1174 2159 1492 2218 profluxerunt.
1515 2162 1577 2204 De
1605 2159 1698 2219 ipso
1719 2175 1821 2206 san-

434 2230 565 2289 guine
583 2240 625 2275 et
642 2247 754 2291 aqua
776 2231 1041 2290 significatur
1063 2239 1163 2274 nata
1185 2230 1388 2274 Ecclesia.
1416 2233 1472 2275 Et
1492 2228 1821 2291 quando'exivit

433 2301 605 2359 sanguis
624 2311 667 2345 et
688 2318 800 2362 aqua
819 2301 874 2346 de
896 2301 1058 2346 latere?
1081 2303 1194 2346 Cum
1207 2302 1296 2361 jam
1319 2301 1529 2365 dormiret
1550 2302 1748 2347 Christus
1769 2302 1815 2347 in

433 2387 562 2416 cruce
585 2391 593 2416 ;
614 2373 714 2432 quia
737 2374 877 2416 Adam
899 2373 944 2416 in
962 2371 1159 2431 paradiso
1181 2373 1588 2432 somnumaccepit,
1613 2381 1657 2416 et
1673 2373 1732 2418 sic
1755 2372 1818 2417 illi

432 2444 487 2488 de
508 2442 641 2488 latere
664 2446 753 2489 Eva
774 2444 987 2504 producta
1005 2453 1082 2488 est.
1102 2447 1212 2488 Ecce
1229 2459 1332 2502 ergo
1353 2445 1541 2502 pretium
1560 2453 1700 2488 tuum.
1718 2444 1818 2489 Imi-

497 2549 504 2564 ¹
530 2544 605 2574 Luc.
628 2553 724 2582 xxm,
747 2542 798 2583 34.
824 2560 865 2565 -
881 2550 893 2565 ²
924 2544 1013 2574 Joan.
1036 2553 1074 2583 x,
1101 2542 1151 2574 18.
1175 2559 1215 2565 —-
1237 2541 1249 2564 3
1272 2543 1374 2574 For-te
1394 2543 1477 2584 quod
1499 2543 1604 2575 modo.
1626 2559 1667 2565 —-
1688 2541 1703 2567 ⁶
1721 2545 1812 2574 Joan.

434 2607 501 2638 xrx,
523 2597 571 2629 30<
