1924 3309
439 272 524 311 216
881 283 913 308 s.
950 279 1181 310 Aucus-rim
1217 283 1397 310 EPISCOPI

439 349 494 391 ad
516 361 588 391 eos
610 346 817 401 misisset,
843 346 1063 405 respondit
1085 365 1092 390 ι
1113 349 1243 404 «Ego
1260 363 1355 390 sum
1377 349 1451 408 qui
1471 363 1566 392 sum
1586 350 1614 392 ¹.
1638 366 1657 390 »
1676 352 1825 410 Neque

440 420 523 462 hoc
557 424 851 471 transeunter,
886 415 962 460 sed
997 417 1252 475 repetitione
1289 418 1599 462 commendans
1636 418 1793 478 adjecit
1814 440 1823 466 2

443 508 463 531 «
498 488 620 533 Dices
638 488 786 548 itaque
803 487 900 532 filiis
922 487 1075 542 Israel,
1098 489 1179 541 Qui
1199 498 1262 533 est
1286 490 1401 533 misit
1422 505 1491 533 me
1510 490 1563 534 ad
1582 506 1701 535 vos.»
1722 494 1827 535 Pos-

437 570 577 605 tremo
594 560 686 619 jam
708 559 936 603 enuntiato
958 559 1135 602 nomine
1157 574 1252 614 suo,
1274 560 1417 604 adhuc
1441 560 1663 619 adjunxit:
1686 581 1705 603 «
1725 564 1827 607 Haec

440 650 461 674 »
496 630 611 675 dices
633 631 930 684 eis‚Dominus
951 632 1062 673 Deus
1080 639 1253 689 patrum
1275 640 1536 686 vestrorum,
1554 635 1666 676 Deus
1693 633 1829 677 Abra-

442 720 462 743 »
497 702 616 756 ham,
637 709 680 744 et
704 703 817 744 Deus
837 703 954 743 Isaac
969 735 980 754 ‚
1006 709 1049 744 et
1065 703 1178 744 Deus
1201 702 1337 746 Jacob
1362 702 1476 746 misit
1498 717 1566 745 me
1586 702 1642 746 ad
1663 718 1754 747 vos.
1774 706 1829 747 Et

444 790 464 813 o
497 772 582 816 hoc
600 771 707 815 mihi
724 786 885 815 nomen
905 780 969 815 est
989 772 1035 814 in
1057 780 1271 815 aeternum
1287 775 1320 814 ².
1350 790 1369 813 »
1397 775 1458 816 De
1480 773 1546 816 his
1563 808 1578 829 ,
1599 773 1720 833 quod
1743 776 1829 818 Do-

441 843 584 886 minus
622 842 786 897 donat,
815 841 977 886 audite.
1013 846 1171 901 Magna
1198 843 1377 903 quidem
1400 853 1529 899 sunt,
1550 854 1758 905 tanquam
1786 846 1829 889 in

441 913 618 957 volucra
642 912 948 970 mysteriorum
982 913 1058 957 Dei
1084 933 1092 958 z
1120 930 1219 974 quae
1253 915 1287 959 si
1317 924 1608 974 congruenter
1642 925 1685 960 et
1706 915 1830 959 suffi-

440 985 603 1028 cienter
639 999 849 1029 conemur
883 985 1102 1040 evolvere,
1139 1001 1218 1030 nec
1253 987 1364 1031 vires
1379 1022 1389 1042 ,
1428 1002 1508 1031 nec
1532 996 1704 1047 tempus
1737 987 1829 1031 sui-

442 1056 601 1100 ficient.

502 1129 561 1170 ΙΙ.
585 1125 716 1179 Quod
735 1142 838 1185 ergo
856 1127 1045 1171 breviter
1070 1142 1298 1187 possumus
1321 1128 1466 1172 dicere
1484 1164 1495 1184 ‚
1522 1144 1610 1173 non
1637 1128 1795 1173 frustra
1817 1164 1828 1184 ‚

443 1212 531 1242 non
554 1199 765 1252 inaniter,
791 1214 879 1242 non
908 1199 999 1242 sine
1027 1198 1208 1258 alicujus
1233 1199 1549 1257 significatione
1583 1201 1756 1255 secreti,
1788 1201 1829 1244 in

441 1268 553 1312 rubo
576 1268 752 1312 flamma
772 1278 884 1322 erat,
904 1278 946 1312 et
964 1269 1100 1312 rubus
1120 1284 1208 1313 non
1224 1270 1516 1313 cremabatur.
1540 1270 1694 1313 Rubus
1717 1271 1831 1314 enim

441 1339 663 1398 spinarum
699 1348 762 1382 est
783 1338 1007 1398 quoddam
1028 1355 1190 1397 genus:
1225 1355 1305 1383 nec
1336 1340 1379 1383 in
1403 1339 1532 1384 laude
1556 1339 1699 1400 aliqua
1728 1342 1831 1400 poni

443 1410 587 1469 potuit
603 1445 613 1465 ‚
635 1410 756 1469 quod
778 1410 993 1469 peccatori
1017 1419 1128 1454 terra
1147 1411 1366 1469 produxit.
1391 1414 1499 1456 Nam
1522 1411 1722 1470 primitus
1739 1427 1831 1471 pec-

442 1481 559 1525 canti
589 1481 756 1525 homini
778 1480 945 1524 dictum
968 1490 1033 1524 est
1057 1500 1065 1525 2
1095 1484 1224 1525 Terra
1247 1482 1390 1541 spinas
1413 1491 1456 1526 et
1477 1482 1662 1526 tribulos
1695 1483 1831 1542 pariet

446 1552 523 1596 tibi
539 1554 570 1595 3.
586 1555 737 1612 Neque
753 1550 942 1610 idipsum
961 1551 1082 1611 quod
1106 1553 1241 1596 rubus
1264 1569 1352 1596 non
1376 1553 1667 1609 cremabatur,
1688 1552 1733 1596 id
1751 1563 1828 1607 est,
1862 1575 1866 1579 >

446 1624 620 1667 flamma
648 1639 737 1666 non
767 1622 1243 1682 comprehendebatur,
1284 1624 1449 1667 bonum
1481 1623 1649 1683 aliquid
1678 1634 1832 1683 putare

444 1694 670 1737 debemus.
699 1694 741 1737 Si
763 1694 877 1736 enim
902 1694 1075 1736 ssamma
1099 1694 1311 1751 significat
1335 1694 1501 1755 aliquid
1520 1695 1651 1749 boni,
1679 1696 1723 1738 in
1747 1712 1832 1755 qua

446 1764 638 1823 Angelus
661 1764 918 1823 apparebat,
944 1763 1013 1807 vel
1034 1764 1269 1822 Dominus·,
1295 1766 1413 1808 unde
1435 1766 1565 1809 etiam
1594 1782 1693 1810 cum
1714 1767 1833 1811 venit

449 1835 633 1892 Spiritus
655 1843 844 1888 sanctus,
862 1834 963 1878 visae
981 1843 1081 1877 sunt
1102 1833 1184 1878 illis
1198 1834 1361 1892 linguae
1375 1835 1521 1879 divisae
1534 1835 1656 1880 velut
1673 1836 1830 1895 ignis⁴3

447 1903 759 1963 comprehendi
787 1904 998 1947 debemus
1016 1904 1100 1947 hoc
1122 1904 1220 1961 igne
1239 1940 1250 1961 ,
1270 1920 1357 1948 non
1381 1914 1526 1948 autem
1550 1915 1726 1965 propter
1748 1906 1831 1950 du-

448 1976 589 2019 ritiam
611 1991 700 2019 non
718 1976 913 2019 cremari.
942 1975 1095 2019 Rubus
1118 1991 1248 2035 quem
1273 1992 1362 2020 non
1384 1977 1619 2032 cremabat,
1644 1979 1832 2037 populus
1881 2000 1889 2011 ·=

449 2048 522 2106 qui
548 2049 635 2090 Deo
660 2046 971 2089 reluctabatur.
1006 2047 1238 2105 Spinosum
1267 2046 1401 2105 igitur
1424 2047 1637 2106 populum
1662 2048 1832 2093 Judaeo-

448 2133 545 2160 rum
573 2116 844 2175 significabat
872 2116 1006 2160 rubus
1028 2152 1038 2171 ,
1065 2133 1154 2176 quo
1176 2120 1346 2175 Moyses
1368 2117 1638 2162 mittebatur.
1656 2121 1713 2163 Et
1735 2120 1832 2164 ideo

446 2188 581 2232 rubus
603 2203 692 2231 non
710 2187 1000 2242 cremabatur,
1015 2188 1117 2246 quia
1135 2187 1295 2231 duritia
1314 2191 1337 2231 J
1343 2188 1585 2244 udmomm,
1600 2189 1711 2234 sicut
1728 2191 1829 2245 dixi,
1884 2197 1887 2207 ¹

450 2258 532 2316 legi
554 2259 632 2301 Dei
648 2257 959 2302 reluctabatur.
985 2260 1093 2303 Nam
1115 2257 1148 2300 si
1178 2257 1249 2301 ille
1271 2259 1460 2318 populus
1482 2260 1615 2319 spinis
1633 2276 1722 2305 non
1745 2262 1831 2320 sig·
1856 2318 1857 2321 Ἴ

448 2329 697 2372 nificaretur
711 2364 722 2384 ,
745 2345 834 2373 non
852 2331 906 2373 ab
926 2344 976 2373 eo
998 2328 1130 2388 spinis
1151 2329 1347 2373 Christus
1365 2340 1647 2375 coronaretur
1660 2335 1692 2377 5.

511 2401 589 2441 111.
616 2399 744 2451 Quod
770 2409 916 2443 autem
938 2399 1053 2444 idem
1077 2400 1192 2459 ipse,
1219 2400 1293 2459 qui
1322 2400 1585 2460 loquebatur
1605 2402 1770 2459 Moysi,
1791 2410 1833 2445 et

449 2469 640 2527 Angelus
662 2470 833 2513 Domini
853 2480 896 2514 et
918 2471 1128 2515 Dominus
1160 2470 1339 2525 dicitur,
1364 2487 1519 2530 magna
1540 2473 1723 2532 quaestio
1741 2481 1800 2516 est
1818 2507 1828 2526 ‚

512 2571 518 2585 ¹
550 2565 647 2596 Exod.
667 2576 716 2606 111,
745 2565 794 2607 14.
825 2583 864 2588 —-
886 2574 897 2588 ²
917 2567 998 2597 lbid.
1035 2566 1084 2598 15.
1107 2583 1145 2589 -—
1169 2565 1180 2587 3
1211 2569 1290 2598 Gen.
1315 2579 1371 2607 ιιι,
1407 2569 1454 2600 ¹8.
1485 2586 1522 2590 —
1541 2567 1556 2596 4
1576 2571 1647 2601 Act.
1668 2580 1702 2609 u,
1723 2568 1753 2599 3.
1789 2584 1826 2590 ——

452 2618 465 2641 5
486 2620 598 2651 Mauh.
620 2619 945 2662 xxvi1,²'‘297‹›tJoan.
969 2634 1031 2661 xix7
1052 2623 1081 2653 5.

1901 1618 1903 1630 μ
1899 1576 1902 1603 -
1898 1521 1902 1568 ——
1897 1174 1902 1510 ——2-—M»*->
1893 618 1900 1167 ——-————-2——-⁴—-————-—--—
1905 214 1914 223 e
1895 166 1898 169 .
