1867 3320
371 246 509 273 SERMO
541 246 679 287 xxxii,
715 251 759 277 m
792 248 991 278 PSALMUM
1023 254 1168 283 cxuu.
1372 248 1455 287 439

91 309 319 362 Gentibus,
355 323 443 352 non
471 309 637 355 invenit
665 313 745 356 nisi
779 313 900 372 quod
924 314 1162 361 damnaret.
1198 322 1253 363 Et
1280 321 1376 366 ideo
1404 324 1457 366 ad

89 386 316 438 peccantes
338 376 513 421 humilis
534 378 672 424 voluit
699 381 861 436 venire,
901 398 988 427 non
1016 385 1162 442 judeX,
1206 403 1302 431 cum
1325 392 1460 448 parcit

89 447 189 502 illis,
211 457 262 492 ut
272 447 414 506 primo
437 459 699 506 praerogaret
712 452 1042 497 misericordiam
1059 455 1259 501 donando
1271 470 1458 516 peccata,

88 527 132 562 et
152 518 213 562 sic
233 526 382 577 postea
397 516 598 562 redderet
621 521 892 565 severitatem
917 522 1138 581 puniendo
1160 537 1346 583 peccata.
1366 532 1462 574 Non

89 587 339 642 abutamur,
362 587 407 630 id
429 596 507 642 est,
533 603 623 632 non
649 589 763 633 male
784 600 957 635 utamur
986 593 1274 639 misericordia
1294 599 1398 656 ejus,
1421 609 1464 643 et

89 673 178 702 non
195 658 428 702 sentiemus
445 658 716 703 severitatem
731 661 837 720 ejus.
858 664 973 721 Ergo
990 663 1073 707 hoc
1087 673 1148 707 est
1159 664 1290 709 homo
1304 674 1461 724 totum,

89 727 210 788 quod
227 729 265 772 ei
277 729 507 772 innotescit
526 732 640 773 Deus
652 765 663 785 ,
688 731 808 790 quod
825 730 899 776 dat
915 733 978 776 illi
1000 734 1178 792 gratiam
1196 750 1333 791 suam,
1348 738 1465 782 unde

88 799 379 859 praesumebat
397 798 536 844 David
563 819 572 844 ε
597 800 742 846 Golias
764 811 907 847 autem
930 804 984 848 de
1006 819 1067 859 se,
1105 804 1160 849 de
1182 806 1346 851 viribus
1361 808 1461 864 suis,

87 868 317 927 superbus,
331 868 484 924 elatus,
504 869 694 925 inflatus,
711 872 851 930 primo
864 881 1001 917 totam
1018 874 1240 918 victoriam
1255 876 1464 921 universae

88 938 224 998 partis
256 954 346 982 suae
377 940 422 982 in
444 954 487 983 se
508 955 598 984 uno
620 942 858 985 constituit.
896 945 953 986 Et
979 944 1080 1001 quia
1111 945 1246 988 omnis
1268 946 1465 1004 superbia

88 1008 222 1052 habet
243 1008 561 1068 impudentiam
581 1010 753 1065 frontis,
795 1012 837 1054 in
861 1011 995 1069 ipsam
1018 1013 1205 1055 frontem
1228 1014 1371 1072 lapide
1389 1030 1464 1059 ve-

89 1078 236 1122 niente
257 1077 450 1138 dejectus
472 1088 550 1123 est.
577 1082 796 1124 Evacuata
818 1089 882 1124 est
899 1079 1034 1135 frons,
1059 1097 1158 1141 quae
1178 1083 1366 1127 habebat
1387 1085 1466 1126 im-

89 1147 345 1208 pudentiam
367 1149 582 1207 superbiae
615 1164 703 1193 suae
728 1170 739 1206 3
764 1158 807 1193 et
832 1149 932 1193 vicit
972 1149 1103 1204 frons,
1144 1167 1244 1210 quae
1280 1152 1468 1198 habebat

89 1216 381 1262 humilitatem
405 1218 543 1262 crucis
557 1218 731 1263 Christi.

149 1289 277 1330 XIII.
305 1290 536 1346 Propterea
568 1297 611 1331 et
634 1302 712 1331 nos
734 1288 905 1345 signum
936 1288 1076 1346 ipsum
1099 1289 1235 1333 crucis
1256 1290 1301 1332 in
1326 1289 1467 1334 fronte

87 1365 328 1416 portamus,
369 1357 445 1416 qui
481 1356 593 1400 illud
629 1355 845 1413 intelligit.
888 1359 980 1400 Hoc
1006 1356 1118 1410 dico,
1163 1357 1327 1412 fratres,
1367 1360 1468 1418 quia

87 1426 215 1470 multi
236 1426 348 1470 illud
369 1425 557 1480 faciunt,
583 1435 627 1470 et
648 1425 887 1484 intelligere
908 1426 1078 1471 nolunt.
1104 1430 1327 1472 Factorem
1351 1444 1467 1486 quae·

89 1496 144 1540 rit
164 1500 278 1541 Deus
299 1496 520 1554 signorum
551 1511 754 1550 suorum,
798 1512 886 1540 non
921 1497 1143 1555 pictorem.
1181 1498 1395 1556 Si-portas
1424 1499 1468 1541 in

86 1565 230 1611 fronte
253 1566 424 1624 signum
458 1566 716 1610 humilitatis
740 1566 918 1620 Christi,
960 1575 1080 1625 porta
1111 1566 1154 1610 in
1182 1566 1466 1611 cordeimita—

86 1636 250 1682 tionem
272 1636 526 1680 humilitatis
549 1637 723 1681 Christi.
748 1637 937 1680 Diximus
961 1646 1128 1691 autem,
1156 1635 1303 1680 fratres
1319 1672 1330 1691 ‚
1366 1653 1465 1680 eum

87 1706 191 1750 dare
215 1706 360 1751 locum
388 1707 564 1751 diabolo
579 1741 590 1761 ,
614 1707 687 1766 qui
722 1706 781 1749 illi
804 1707 939 1765 aperit
956 1708 1108 1765 januas
1130 1706 1375 1764 cupiditatis
1397 1716 1469 1751 aut

88 1777 255 1821 timoris
277 1796 286 1821 ε
311 1776 386 1821 sed
402 1775 651 1835 cupiditatis
674 1778 814 1835 cujus,
841 1785 916 1820 aut
936 1776 1098 1819 timoris
1119 1776 1266 1835 cujus?
1287 1778 1393 1820 Nam
1426 1786 1468 1821 et

86 1862 271 1906 regnum
293 1847 505 1891 coelorum
528 1848 748 1903 cupimus,
782 1855 825 1889 et
860 1847 1102 1904 gehennam
1125 1846 1341 1889 timemus.
1385 1845 1467 1890 Sed

87 1916 581 1977 quomodoillaejanuae,
600 1916 817 1975 cupiditas
834 1931 980 1959 rerum
1004 1914 1328 1974 temporalium,
1354 1924 1393 1958 et
1418 1917 1468 1959 ti-

88 2002 184 2031 mor
217 2002 447 2046 poenarum
467 1986 770 2045 temporalium
794 1987 926 2030 trahit
948 1985 1204 2045 plerumque
1232 1984 1287 2029 ad
1315 1986 1469 2044 nequi-

88 2059 190 2103 tiam
205 2092 215 2111 ,
256 2067 299 2102 et
321 2058 397 2102 dat
413 2057 561 2102 locum
579 2056 755 2102 diabolo
778 2076 786 2102 :
812 2058 870 2102 sic
892 2057 1103 2116 cupiditas
1126 2071 1265 2099 rerum
1283 2065 1466 2100 aeterna-

88 2143 203 2182 rum,
230 2137 273 2172 et
296 2127 426 2172 timor
458 2143 688 2187 poenarum
712 2137 971 2171 aeternarum
995 2126 1094 2171 facit
1111 2126 1252 2170 locum
1276 2126 1316 2169 in
1336 2126 1466 2170 corde

88 2200 223 2245 verbo
241 2200 333 2243 Dei.

147 2271 268 2313 XIV.
295 2268 487 2312 Breviter
509 2282 634 2326 ergo,
667 2267 843 2320 fratres,
883 2267 915 2310 si
948 2265 1146 2308 volumus
1172 2266 1279 2308 bene
1302 2266 1462 2317 vivere,

89 2340 188 2400 plus
216 2354 409 2383 amemus
435 2338 555 2398 quod
578 2338 790 2397 promittit
813 2340 944 2388 Deus,
969 2351 1095 2394 quam
1118 2335 1235 2394 quod
1258 2336 1465 2393 promittit

89 2410 160 2454 hic
179 2408 368 2453 mundus
395 2429 405 2465 3
431 2417 473 2451 ct
488 2408 585 2466 plus
604 2407 826 2451 timeamus
848 2406 963 2464 quod
987 2405 1170 2447 minatur
1191 2408 1316 2456 Deus,
1335 2419 1464 2464 quam

89 2479 209 2539 quod
233 2479 420 2522 minatur
438 2478 508 2521 hic
528 2477 732 2521 mundus.
760 2474 981 2535 Numquid
997 2490 1199 2531 magnum
1215 2474 1375 2533 aliquid
1391 2484 1464 2517 aut

88 2548 269 2606 longum
303 2557 365 2592 est
397 2546 517 2607 quod
552 2546 764 2591 diximus?
802 2544 929 2589 Venit
967 2544 1145 2590 tentatio
1180 2544 1253 2588 tibi
1284 2542 1462 2600 alicujus
