1924 3309
397 279 451 316 92
830 288 863 318 s.
900 291 1130 320 Auous‘rrm
1163 292 1342 320 muscom

394 364 481 408 est,
507 370 615 415 quos
639 355 829 415 apellant
846 366 1109 416 peccatores,
1126 374 1226 401 cum
1244 359 1329 402 sint
1347 367 1389 402 et
1411 358 1491 417 ipsi
1513 366 1780 417 peccatores.

399 444 418 466 «
453 427 538 471 Nos
568 441 671 485 ergo
689 462 698 480 ,
724 426 868 487 inquit
886 463 896 483 ,
931 438 1085 472 natura
1111 429 1251 472 Judaei
1270 464 1280 482 ,
1311 447 1329 469 υ
1367 444 1467 472 cum
1491 428 1671 486 gentiles
1694 443 1782 472 non

393 512 581 542 essemus
595 533 606 552 ,
627 513 736 558 quos
758 499 838 557 ipsi
856 508 1100 558 peccatores
1123 500 1367 558 appellant,
1394 508 1538 542 tamen
1561 518 1580 541 «
1601 508 1644 543 et
1661 514 1740 543 nos
1760 517 1780 540 »

392 578 639 625 peccatores
661 589 680 612 «
705 571 750 614 in
785 571 957 615 Christo
982 573 1084 615 Jcsu
1106 571 1395 625 credidimus,
1420 579 1471 614 ut
1495 569 1787 630 justificemur

395 659 415 682 »
451 641 678 700 perfidem
698 641 857 686 Christi
874 644 904 685 1.
934 660 953 682 n
976 644 1075 687 Non
1105 651 1250 686 autem
1270 650 1518 702 quaererent
1528 641 1755 701 justificari
1771 677 1783 697 ,

392 712 474 756 nisi
497 722 638 756 essent
663 721 926 773 peccatores.
951 715 1020 756 An
1038 711 1150 758 forte
1173 714 1275 774 quia
1298 713 1344 756 in
1361 712 1533 758 Christo
1550 712 1788 757 voluerunt

387 783 641 843 justificari,
672 786 992 842 peccaverunt?
1021 784 1148 844 quia,
1174 785 1206 828 si
1232 786 1321 844 jam
1348 784 1456 844 justi
1486 792 1635 838 erant,
1667 782 1788 828 aliud

391 854 629 914 quaerendo
665 855 814 914 utique
845 865 1137 914 peccaverunt
1168 875 1177 900 ι
1203 856 1300 910 sed,
1328 855 1363 899 si
1394 855 1453 898 ita
1492 863 1584 909 est,
1618 855 1784 914 inquit,

393 941 496 984 ergo
522 945 541 967 «
566 926 763 970 Christus
781 927 951 986 peccati
975 928 1171 971 minister
1190 931 1294 971 est'2.
1326 945 1345 967 »
1373 926 1502 980 Quod
1525 926 1679 986 utique
1698 941 1789 971 non

390 1006 572 1056 possunt
594 996 737 1042 dicere
754 1034 764 1053 ,
790 999 890 1058 quia
913 1008 955 1043 et
977 1000 1053 1058 ipsi
1079 999 1155 1058 qui
1178 998 1388 1042 nolebant
1410 998 1490 1041 nisi
1518 996 1783 1041 circumcisis

392 1067 605 1111 Gentibus
637 1068 745 1112 tradi
774 1069 1089 1127 Evangelium,
1126 1070 1170 1113 in
1208 1069 1382 1114 Christo
1416 1067 1708 1112 crediderant.
1731 1071 1788 1112 Et

392 1138 491 1183 ideo
511 1139 632 1199 quod
657 1140 784 1194 dicit,
816 1159 835 1182 «
860 1141 1007 1194 Absit,
1036 1160 1055 1181 n
1090 1157 1180 1186 non
1202 1141 1318 1185 solus
1341 1176 1350 1195 ,
1372 1139 1448 1183 sed
1471 1156 1571 1184 cum
1593 1140 1695 1199 ipsis
1717 1138 1788 1183 di-

395 1209 470 1253 cit.
495 1211 713 1253 Destruxit
739 1219 885 1254 autem
920 1210 1169 1270 superbiam
1200 1210 1458 1270 gloriantem
1493 1210 1547 1253 de
1583 1210 1788 1269 operibus

394 1279 519 1338 Legis
537 1315 547 1334 ,
573 1296 673 1340 quae
694 1280 857 1324 destrui
876 1290 919 1324 et
941 1281 1119 1325 deberet
1149 1290 1190 1324 et
1223 1290 1393 1340 posset,
1429 1295 1484 1323 ne
1523 1280 1660 1338 gratia
1687 1279 1789 1324 fidei

394 1348 616 1394 videretur
649 1367 738 1395 non
768 1352 1028 1405 necessaria,
1063 1353 1095 1396 si
1126 1367 1256 1411 opera
1286 1352 1411 1410 Legis
1436 1352 1565 1395 etiam
1589 1352 1682 1396 sine
1714 1351 1787 1395 illa

388 1421 627 1481 justificare
650 1423 949 1466 crederentur.
978 1426 1033 1466 Et
1057 1422 1155 1467 ideo
1184 1423 1488 1482 praevaricator
1510 1431 1595 1476 est,
1622 1423 1655 1466 si
1689 1439 1786 1466 rur—

393 1508 465 1537 sus
482 1493 555 1537 illa
578 1492 795 1547 aedificat,
820 1494 969 1538 dicens
991 1494 1114 1554 quod
1135 1510 1268 1554 opera
1282 1494 1406 1552 Legis
1425 1494 1556 1538 etiam
1579 1494 1670 1537 sine
1691 1510 1788 1553 gra-

393 1564 450 1608 tia
469 1564 735 1623 justificant,
776 1574 826 1608 ut
855 1565 1053 1609 Christus
1087 1565 1255 1625 peccati
1289 1565 1486 1609 minister
1520 1565 1783 1609 inveniatur.

395 1638 542 1679 Posset
564 1650 666 1693 ergo
688 1635 751 1678 illi
776 1635 908 1695 objici
942 1635 1130 1688 dicenti,
1161 1654 1180 1676 «
1205 1635 1247 1678 Si
1275 1634 1391 1678 enim
1430 1650 1529 1694 quae
1567 1634 1783 1687 destruxi,

397 1725 416 1747 »
453 1707 546 1750 haec
568 1707 721 1750 eadem
742 1722 889 1750 rursus
919 1705 1111 1760 aedifico,
1137 1705 1513 1765 praevaricatorem
1536 1721 1604 1749 me
1644 1707 1785 1765 ipsum

396 1796 416 1818 »
453 1777 732 1821 constitutoss.
763 1776 917 1830 »Quid
940 1791 1043 1835 ergo
1061 1812 1071 1831 ,
1092 1777 1195 1835 quia
1218 1775 1349 1819 fidem
1372 1776 1532 1821 Christi
1554 1791 1786 1836 oppugna-

397 1847 469 1891 bas
487 1857 612 1891 antea
625 1883 635 1902 ,
656 1863 787 1906 quam
807 1863 924 1891 nunc
942 1847 1162 1891 aedificans
1176 1882 1186 1901 ,
1208 1848 1582 1906 praevaricatorem
1602 1857 1644 1891 te
1661 1863 1787 1893 cons-

394 1918 515 1961 tituis
535 1920 553 1961 P
578 1917 660 1962 Sed
679 1917 798 1961 illam
822 1933 911 1961 non
934 1916 1168 1972 destruxit,
1189 1918 1292 1977 quia
1311 1917 1502 1960 destruxi
1520 1933 1609 1961 non
1625 1927 1781 1976 potest.

396 1991 518 2032 Hanc
542 1997 685 2032 autem
710 1988 960 2046 superbiam
982 2003 1083 2031 vere
1118 1987 1389 2031 destruxerat
1405 2023 1415 2042 ,
1448 1997 1786 2048 constanterque

394 2059 669 2113 destruebat,
695 2059 797 2118 quia
812 2058 974 2102 destrui
997 2067 1180 2117 poterat.
1208 2062 1265 2102 Et
1286 2058 1384 2103 ideo
1407 2073 1496 2103 non
1519 2058 1592 2102 ille
1613 2074 1784 2118 praeva-

394 2131 552 2174 ricator
574 2140 663 2184 est,
690 2130 766 2191 qui
789 2145 880 2173 rem
898 2145 1044 2173 veram
1072 2144 1171 2173 cum
1205 2139 1436 2174 conaretur
1469 2129 1716 2184 destruere,
1742 2140 1786 2175 ct

394 2210 542 2260 postea
560 2216 705 2244 veram
725 2215 814 2244 csse
837 2215 885 2243 ac
908 2199 1071 2243 destrui
1093 2215 1180 2243 non
1213 2215 1336 2258 posse
1372 2209 1653 2258 cognosceret
1669 2236 1679 2255 ,
1717 2209 1782 2244 te·

394 2271 492 2314 nuit
513 2287 608 2314 eam
632 2271 740 2314 utin
765 2287 812 2314 ea
835 2270 1122 2313 aedificaretur
1141 2289 1148 2313 :
1178 2270 1250 2313 sed
1270 2269 1342 2313 ille
1365 2271 1668 2329 prsevaricator
1691 2281 1780 2324 est,

394 2342 470 2402 qui
489 2356 589 2384 cum
607 2341 868 2384 destruxerit
892 2356 980 2384 rem
1004 2339 1173 2394 falsam,
1196 2341 1295 2400 quia
1314 2340 1476 2385 destrui
1497 2346 1663 2401 potest,
1689 2357 1783 2385 eain

394 2428 541 2457 rursus
556 2412 762 2456 aedifieat.

454 2485 596 2527 XVII.
624 2502 643 2523 «
670 2485 895 2527 Mortuum
914 2491 1058 2526 autem
1077 2497 1120 2526 se
1144 2482 1246 2540 Legi
1263 2483 1278 2507 ⁴
1302 2501 1320 2523 »
1354 2482 1485 2537 dicit,
1512 2492 1562 2526 ut
1586 2483 1674 2541 jam
1701 2483 1783 2526 snb

392 2556 507 2611 Lege
534 2569 622 2598 non
657 2563 793 2608 esset,
830 2553 905 2598 sed
927 2564 1072 2598 tamen
1107 2572 1127 2595 «
1163 2569 1239 2613 per
1276 2556 1433 2612 Legem
1468 2573 1476 2597 :
1511 2555 1645 2597 »sive
1677 2555 1779 2613 quia

444 2637 571 2668 'Galah
590 2650 622 2677 11,
647 2639 695 2670 16.
719 2656 758 2660 -
776 2646 786 2659 ⁷
809 2639 874 2671 {bid
914 2650 962 2681 17.
988 2656 1026 2660 —-
1059 2637 1070 2659 3
1094 2638 1173 2670 ibid.
1200 2638 1248 2669 18.
1274 2638 1519 2679 -4ΙΙ)ἰι1.ῐς),
