1924 3309
396 200 478 242 402
827 208 860 235 S·
896 204 1125 235 AUGUSTIM
1158 204 1337 233 Ex‘lscom

400 374 469 392 ΦἋῚ
473 373 540 390 Nux
544 371 611 388 νυνὶ
619 368 1038 387 ἏΜΑΝἊΜὮΜὯΝἉΝᾺΊΛΛΝἏ
1042 366 1109 384 vm
1114 364 1463 383 vmmxmwm⁴wn
1469 363 1534 380 Ml
1539 362 1604 379 ἏΜ
1608 360 1746 378 ΜἋΙΛΜ
1751 361 1781 378 u

839 496 1071 545 SERMO
1119 494 1299 542 XXVII
1319 495 1352 537 1.

396 666 458 709 De
479 661 608 708 titulo
631 670 674 706 et
701 658 918 721 prioribus
947 655 1173 703 versiculis
1191 653 1350 700 Psalmi
1371 669 1468 709 xcv,
1494 662 1538 698 et
1560 653 1616 697 de
1646 652 1790 698 verbis

456 731 653 794 Apostoli
682 731 737 776 ad
765 734 892 775 Rom.
920 745 995 773 1x:
1022 724 1296 772 Mz'serebor
1327 725 1411 770 cai
1436 724 1656 770 misertas
1669 721 1791 787 fae-

461 820 514 850 ro
529 839 540 858 ,
567 813 659 849 etc.
684 805 848 849 Contra
866 798 1139 860 Pelagianos.

463 968 496 1008 Ι.
533 966 752 1017 Quoivrono
775 962 910 1021 janua
946 957 1189 1004 introducit
1222 957 1268 1002 in
1298 956 1510 1009 domum,
1548 953 1609 998 sic
1641 952 1795 998 titulus

404 1034 563 1080 Psalmi
586 1032 826 1078 introducit
850 1033 896 1075 in
929 1029 1218 1075 intellectum.
1255 1032 1531 1073 Praenotatur
1559 1025 1677 1070 enim
1698 1025 1758 1070 sic
1783 1044 1793 1070 :

408 1125 424 1145 «
461 1106 648 1160 Quando
665 1105 822 1148 domus
840 1102 1142 1147 aedificabatur
1159 1109 1255 1161 post
1272 1099 1567 1158 captivitatem
1584 1099 1616 1141 ².
1638 1117 1655 1139 »
1672 1099 1798 1151 Quae·

406 1176 461 1220 ris
483 1191 582 1235 quae
603 1174 760 1219 domus
779 1208 790 1227 ,
814 1173 980 1216 indicat
1000 1172 1081 1216 tibi
1093 1173 1184 1231 jam
1208 1169 1403 1214 Psalmus
1424 1188 1434 1214 :
1458 1188 1475 1209 «
1503 1170 1686 1213 Cantate
1708 1170 1799 1212 Do-

407 1265 428 1288 »
464 1245 582 1290 mino
605 1245 824 1288 canticum
848 1258 1011 1287 novum
1026 1278 1036 1297 ,
1062 1250 1233 1286 cantate
1253 1241 1440 1285 Domino
1465 1240 1603 1284 omnis
1626 1248 1756 1283 terra.
1778 1258 1796 1280 »

408 1320 522 1362 Ecce
543 1331 642 1376 quae
664 1314 834 1359 domus.
876 1311 1064 1367 Quando
1086 1313 1226 1357 omnis
1259 1321 1374 1356 terra
1412 1319 1559 1356 cantat
1581 1310 1802 1356 canticum

410 1403 574 1433 novum
591 1423 601 1442 ‚
634 1385 789 1431 domus
812 1385 890 1429 Dei
912 1393 991 1429 est.
1026 1382 1256 1429 Cantando
1283 1382 1553 1438 aedificatur,
1583 1379 1801 1427 credendo

412 1457 624 1503 fundatur
641 1493 651 1512 ,
687 1454 901 1516 sperando
921 1455 1125 1513 erigitur⁷
1152 1453 1381 1513 diligendo
1402 1453 1644 1513 perficitur.
1669 1449 1804 1497 Modo

413 1546 516 1590 ergo
538 1529 778 1574 aedificatur
798 1546 808 1572 ε
833 1525 909 1571 sed
926 1526 971 1570 in
993 1526 1080 1570 fine
1097 1525 1245 1570 saeculi
1262 1524 1507 1569 dedicatur.
1529 1526 1805 1570 Concurrant

413 1618 515 1661 ergo
537 1600 703 1661 lapides
725 1599 811 1644 vivi
834 1598 889 1642 ad
909 1597 1131 1643 canticum
1157 1612 1344 1652 novum,
1371 1604 1636 1642 concurrant
1663 1603 1707 1640 et
1736 1609 1808 1640 co-

417 1681 622 1732 aptentur
649 1672 692 1715 in
717 1679 981 1715 structuram
1006 1668 1157 1729 templi
1191 1669 1269 1714 Dei
1297 1688 1305 1713 :
1339 1676 1578 1728 agnoscant
1608 1665 1808 1712 Salvato-

418 1758 509 1788 rem
529 1776 540 1797 ‚
560 1740 771 1799 recipiant
786 1737 1096 1781 habitatorem.

480 1816 539 1857 II.
564 1811 739 1857 Dictum
759 1818 822 1853 est
843 1824 941 1869 quae
974 1808 1131 1852 domus
1155 1824 1167 1851 .·
1192 1805 1429 1851 dicendum
1457 1816 1521 1853 est
1548 1815 1647 1867 post
1675 1822 1810 1867 quam

422 1883 730 1944 captivitatem.
762 1883 818 1924 Et
839 1880 923 1923 hoc
946 1879 1025 1922 tibi
1048 1877 1212 1922 indicat
1244 1876 1440 1922 Psalmus
1455 1912 1466 1934 ‚
1491 1892 1672 1938 sequere
1698 1893 1811 1938 pau-

422 1955 563 2001 lulum
585 1972 594 1998 2
625 1970 641 1992 «
664 1953 847 1997 Cantate
869 1949 1056 1994 Domino
1078 1949 1298 1994 canticum
1319 1964 1485 1995 novum
1505 1984 1516 2005 ‚
1541 1957 1714 1994 cantate
1731 1952 1816 1995 Do-

425 2047 446 2071 »
482 2026 601 2070 mino
628 2023 767 2068 omnis
784 2030 913 2066 terra.
940 2023 1124 2067 Cantate
1147 2021 1357 2077 Domino,
1382 2020 1628 2066 benedicite
1650 2036 1814 2067 nomen

429 2121 446 2143 »
482 2099 574 2159 ejus
589 2132 599 2152 ‚
624 2096 736 2140 bene
762 2094 961 2138 nuntiate
984 2093 1039 2136 de
1067 2093 1137 2136 die
1167 2093 1212 2137 in
1235 2092 1351 2137 diem
1372 2090 1560 2136 salutare
1592 2092 1700 2153 ejus.
1721 2095 1814 2137 An-

430 2192 446 2213 »
482 2169 681 2214 nuntiate
703 2166 815 2209 inter
838 2172 985 2222 gentes
1007 2162 1223 2207 mirabilia
1244 2164 1337 2223 ejus
1355 2197 1366 2217 ‚
1386 2161 1432 2207 in
1452 2161 1657 2207 omnibus
1676 2178 1812 2224 popuu

431 2262 448 2284 »
483 2240 535 2285 lis
558 2238 736 2299 gloriam
760 2236 895 2296 ejus³.
936 2234 1149 2289 Quoniam
1174 2248 1322 2278 omnes
1346 2232 1407 2277 dii
1429 2233 1625 2293 gentium
1646 2232 1816 2279 daemo-

434 2334 451 2355 »
487 2312 593 2356 nia4.
607 2330 626 2351 »
648 2313 761 2354 Ecce
783 2308 863 2353 sub
886 2321 1074 2367 quorum
1097 2304 1348 2364 captivitate
1368 2303 1536 2350 latebat
1551 2304 1724 2351 domus.
1749 2307 1817 2350 Ex

431 2384 565 2443 prima
589 2382 701 2425 enim
725 2377 1062 2436 transgressione
1082 2375 1210 2435 primi
1228 2375 1440 2432 hominis,
1467 2375 1719 2422 universum
1740 2390 1817 2434 ge-

430 2470 510 2498 nus
544 2453 784 2496 humanum
825 2458 976 2492 natum
1012 2462 1113 2491 cum
1141 2445 1407 2506 obligatione
1447 2446 1611 2505 peccati
1627 2481 1638 2502 ‚
1678 2446 1818 2492 victor

481 2557 486 2571 ¹
506 2550 587 2581 Alias
613 2549 652 2580 de
668 2547 773 2579 verbis
789 2544 928 2587 Apostoli
947 2552 1047 2577 20³-
1061 2549 1072 2565 2
1088 2542 1167 2575 Psat.
1180 2553 1252 2585 xcv,
1276 2553 1351 2574 1.-
1367 2540 1378 2565 3
1399 2542 1482 2576 lbid.
1504 2551 1538 2585 2,
1558 2541 1663 2576 3.-4
1683 2541 1765 2577 lbid.
1781 2542 1815 2575 5.
