1867 3320
279 262 419 289 §ntimo
453 262 624 299 xxxvii,
661 265 704 291 m
738 266 980 295 Pnovssnuns
1011 267 1256 300 SALowoms.
1375 264 1456 303 473

86 341 162 387 pro
189 336 400 385 tempore,
426 342 524 386 quac
542 330 747 373 Dominus
765 334 1033 389 suggesserit,
1050 334 1203 380 dicam.
1225 339 1321 381 Dies
1342 343 1455 385 enini

84 406 148 440 est
167 398 411 453 Martyrum
439 415 448 441 :
473 406 516 439 et
536 397 634 443 ideo
655 401 787 459 magis
809 401 1026 446 laudanda
1051 413 1113 448 est
1142 416 1274 450 mater
1295 412 1457 454 Marti*-

83 482 196 511 rum.
217 468 316 510 Jam
333 482 433 526 quae
455 467 507 511 sit
528 467 606 511 ista
628 469 798 526 mulier,
819 486 888 515 me
905 471 1190 533 proloquente
1207 462 1425 536 accepistis
1445 501 1453 526 :

81 538 225 582 videte
247 537 377 582 etiam
401 546 450 581 ut
483 552 552 581 me
585 538 753 596 legente
785 543 1038 600 agnoscatis.
1065 544 1214 588 Omnis
1236 562 1351 592 nunc
1381 566 1457 592 au-

21 607 25 611 ’
81 607 218 663 ditor,
258 618 474 668 quantum
498 623 550 651 ex
584 609 743 654 affectu
765 622 905 656 vestro
933 615 1031 658 satis
1061 625 1262 674 apparet,
1290 618 1392 664 dicit
1414 622 1456 665 in

20 673 24 678 ’
79 677 210 723 corde
229 694 307 723 suo
323 714 334 733 ,
360 678 551 722 Ecclesia
572 678 702 724 debet
723 696 827 726 esse.
846 684 1067 728 Confirmo
1090 685 1213 730 istam
1237 688 1458 743 cogitatio-

80 764 195 792 nem.
222 751 331 794 Nam
349 764 449 809 quae
474 749 617 808 potuit
635 765 722 794 esse
755 751 887 796 altera
914 756 1155 812 Martyrum
1184 760 1351 801 mater?
1377 762 1456 803 Ista

0 819 15 840 s
79 829 141 864 est
167 839 175 864 :
200 818 320 880 quod
347 817 637 875 intellexistis,
663 823 743 865 hoc
766 831 827 866 est
855 822 935 866 :de
959 840 1044 884 qua
1061 826 1240 870 muliere
1259 827 1456 872 volumus

78 891 242 951 aliquid
263 889 407 935 dicere
425 926 436 946 ,
463 891 652 936 Ecclesia
675 902 751 937 est.
777 896 873 939 Non
897 896 1011 939 enim
1034 895 1204 941 deceret
1240 914 1316 942 nos
1341 899 1454 960 loqui

77 962 132 1008 de
144 978 423 1023 quacumque
435 962 515 1006 alia
529 964 985 1025 muliereQuanquam
999 976 1042 1010 et
1054 968 1098 1010 in
1109 969 1354 1013 recitatione
1369 987 1458 1029 pas-

77 1035 207 1079 sionis
224 1037 467 1093 Martyrum
491 1035 734 1078 audivimus
757 1035 978 1093 foeminas,
1003 1036 1057 1079 de
1079 1037 1236 1096 quibus
1259 1038 1458 1083 decenter

15 1124 19 1129 ·
76 1103 338 1164 loquamur:
361 1103 437 1147 sed
457 1119 537 1148 nee
572 1119 642 1147 eas
673 1104 1065 1164 praetermittimus,
1106 1106 1281 1166 quando
1312 1124 1456 1152 earum

0 1168 1 1175 ¹
77 1184 261 1219 matrem
281 1174 528 1220 laudamus.

137 1249 193 1290 11.
221 1246 446 1291 Attendite
473 1249 596 1307 cujus
634 1248 827 1292 membra
853 1248 960 1292 'estis
988 1269 996 1293 ε
1021 1248 1217 1309 inspicite
1239 1253 1359 1310 cujus
1385 1253 1455 1296 tilii

80 1317 194 1361 estis.
225 1316 494 1361 «Mulierem
525 1317 683 1362 fortem
709 1318 804 1377 quis
832 1318 1116 1362 inveniet¹?»
1142 1322 1351 1379 Congruit
1373 1322 1454 1365 dici

79 1390 324 1444 Martyrum
347 1386 559 1432 fortitudo
591 1388 799 1432 mulieris.
826 1389 912 1433 Nisi
947 1389 1061 1432 enim
1085 1390 1206 1434 fortis
1245 1402 1351 1435 esset
1387 1392 1455 1435 illa

82 1457 236 1502 mulier
252 1493 264 1512 ,
295 1459 491 1502 membra
507 1460 598 1519 ejus
621 1460 665 1503 in
686 1460 880 1519 passione
903 1458 1170 1504 defecissent.
1197 1481 1215 1503 «
1234 1462 1455 1506 Mulierem

81 1548 102 1571 »
138 1529 296 1574 fortem
319 1529 416 1589 quis
434 1530 658 1574 inveniet?
681 1549 699 1571 υ
724 1529 906 1575 Difficile
931 1540 994 1574 est
1015 1532 1206 1575 invenire
1228 1548 1319 1576 eam
1336 1569 1345 1586 ,
1374 1534 1458 1578 imo

78 1599 255 1644 difficile
276 1610 339 1644 est
354 1600 519 1644 nescire
535 1616 644 1644 eam.
675 1604 830 1645 Nonne
852 1602 939 1661 ipsa
966 1611 1029 1645 cst
1050 1602 1195 1646 civitas
1219 1604 1261 1646 in
1282 1615 1427 1648 monto
1442 1640 1454 1657 ,

78 1686 177 1730 quae
200 1670 408 1714 abscondi
430 1686 517 1715 non
533 1673 728 1730 potest2?
746 1674 888 1724 Quare
906 1687 1007 1729 crgo
1029 1670 1192 1715 dictum
1208 1682 1270 1716 cst
1285 1709 1294 1724 ‚
1315 1694 1334 1714 «
1355 1676 1458 1726 Qui>v

83 1759 102 1781 »
139 1741 357 1784 inveniet?
383 1760 402 1782 n
424 1756 524 1785 cum
548 1741 634 1785 dici
656 1740 876 1785 debuerit:
899 1742 1000 1794 Quis
1022 1757 1112 1785 non
1131 1742 1350 1786 inveniet
1377 1744 1455 1786 Sed

82 1821 128 1855 tu
150 1811 369 1855 civitatem
392 1814 437 1855 in
457 1821 606 1856 monte
630 1812 812 1871 positam
835 1811 953 1855 vides
976 1831 984 1856 ;
1008 1820 1056 1854 ut
1085 1821 1227 1855 autem
1250 1813 1292 1855 in
1316 1823 1459 1856 mont(-

79 1891 314 1942 poneretur
330 1917 341 1936 ,
362 1882 539 1925 inventa
558 1891 622 1926 est
639 1898 737 1941 quae
755 1882 952 1941 perierat.
971 1883 1155 1934 Quando
1174 1882 1362 1926 illutrata
1379 1894 1455 1928 cst.

79 1954 176 2015 quis
198 1968 292 1997 eam
316 1969 406 1997 non
427 1954 576 1998 videt?
598 1953 774 2014 quando
790 1953 968 2007 latebat,
989 1955 1083 2013 quis
1101 1969 1193 1996 eam
1216 1955 1419 1998 inveniret
1442 1964 1457 1995 Τ

83 2028 177 2084 Ipsa
196 2024 311 2068 enim
337 2024 483 2068 civitas
507 2033 569 2068 est
589 2059 599 2078 ,
641 2033 683 2068 et
714 2039 801 2068 una
841 2022 911 2067 illa
936 2025 1025 2068 ovis
1043 2060 1053 2078 ,
1088 2039 1216 2084 quam
1248 2026 1453 2083 perditam

79 2097 281 2158 quaesivit
296 2105 462 2156 pastor,
490 2105 532 2140 et
564 2096 783 2140 inventam
807 2095 1000 2154 gaudens
1025 2097 1066 2139 in
1090 2096 1276 2139 humeris
1309 2111 1453 2155 sopor-

82 2167 239 2212 tavitss.
276 2170 372 2226 Ipse
402 2176 569 2226 pastor,
604 2182 726 2211 mons
762 2176 825 2210 est
859 2186 867 2210 ;
906 2167 992 2210 ovis
1019 2176 1160 2209 autem
1196 2166 1238 2208 in
1273 2167 1454 2209 lnunwiis

80 2240 171 2298 ejus
188 2274 199 2293 ,
224 2238 371 2283 civitas
392 2239 436 2282 in
466 2247 628 2282 monte.
658 2237 801 2282 Facile
823 2246 884 2281 est
918 2246 964 2279 ut
984 2235 1123 2279 videas
1145 2252 1236 2279 cam
1269 2236 1454 2279 colloca-

83 2319 169 2354 tam
191 2309 235 2352 in
253 2317 401 2353 monte
423 2329 430 2352 :
457 2307 634 2368 quando
657 2324 750 2352 cam
774 2307 1004 2359 invenires,
1030 2321 1127 2349 eum
1151 2305 1300 2349 lateret
1325 2308 1363 2349 in
1385 2323 1455 2347 w·-

79 2379 259 2439 pribus,
299 2378 344 2422 in
376 2379 509 2438 spinis
547 2379 696 2438 utique
729 2377 984 2422 delictorum
1013 2380 1218 2419 suorum?
1243 2375 1305 2419 lbi
1342 2377 1451 2418 cuim

79 2450 296 2510 quaesisse,
318 2465 526 2506 magnum
549 2459 610 2494 cst
638 2470 645 2493 ·.
678 2450 737 2493 ibi
773 2449 994 2499 invenisse,
1021 2447 1215 2490 mirabih=
1244 2457 1318 2490 cst.
1357 2450 1453 2488 lhu-

80 2521 169 2578 eius
191 2519 377 2564 difficilis
399 2520 589 2564 inventio
608 2519 955 2570 commcmlatur,
977 2534 1074 2561 cuni
1098 2517 1254 2561 dicitur
1272 2553 1280 2564 ,
1310 2539 1325 2555 ιι
1357 2520 1452 2560 ttu-

132 2612 138 2626 ¹
163 2608 239 2636 l‘rnv
272 2617 492 2643 XXU,10.>-
511 2614 521 2628 ²
542 2607 656 2637 ΧΙιιΙΙΙι,
681 2607 762 2640 ⁸1¹¹·
801 2623 836 2626 --
870 2606 969 2635 ”Ι,ιιι“,
995 2616 1044 2636 xv.
1076 2604 1097 2643 j
