1867 3320
358 275 565 305 EPISTOLAE
597 273 652 304 An
685 273 884 305 Romanos
915 276 1149 305 EXPOSITIO.
1392 268 1446 307 63

65 355 210 401 guere,
228 356 328 402 quae
347 356 424 400 per
443 340 651 401 Spiritum
669 351 867 386 sanctum
886 342 1129 386 ministrata
1150 343 1236 385 est?
1250 344 1447 394 Quorum

66 420 208 456 tamen
225 411 354 455 saluti
377 420 420 455 et
436 412 528 470 ipse
546 411 758 456 Dominus
780 420 1010 456 attestatur
1027 447 1037 467 3
1058 412 1104 455 in
1123 427 1175 456 eo
1197 412 1273 471 qui
1297 413 1350 455 de
1370 414 1449 457 de-

62 497 155 526 cern
178 482 356 541 leprosis
375 482 596 525 mundatis
618 481 734 527 solus
753 498 946 526 reversus
965 492 1028 526 est
1044 492 1091 526 ut
1109 491 1254 541 ageret
1275 483 1445 540 gratias,

61 568 161 598 cum
185 561 294 597 esset
318 552 612 597 Samaritanus
628 555 641 579 ¹
661 572 672 609 3
692 562 736 598 et
756 554 802 597 in
824 553 897 597 illa
918 553 1098 597 muliere
1115 587 1126 607 ‚
1159 568 1260 597 cum
1285 569 1372 613 qua
1394 552 1450 597 ad

59 632 239 683 puteum
265 632 382 667 sexta
403 623 510 667 hora
538 622 712 667 locutus
732 633 816 679 est,
840 622 909 667 vel
928 623 988 668 eis
1014 624 1091 683 qui
1112 639 1190 682 per
1210 623 1330 667 illam
1353 638 1449 668 cre-

59 693 267 737 diderunt
280 694 313 737 ².
340 696 440 737 Post
455 693 629 737 Domini
651 703 796 738 autem
819 694 1114 738 ascensionem
1129 729 1140 749 ,
1165 695 1278 738 sicut
1303 695 1350 738 in
1371 697 1450 738 Ac-

58 763 176 807 tibus
193 762 504 822 Apostolorum
520 764 731 822 scriptum
745 773 823 818 est,
839 762 1004 822 Quanta
1022 763 1311 822 gratulatione
1331 779 1449 808 sanc-

58 841 200 877 torum
236 832 389 891 recipit
427 833 616 877 Samaria
649 834 832 878 verbum
869 835 1001 879 Dei³P
1025 835 1244 879 Simonem
1269 849 1448 895 quoque

56 917 233 962 magum
255 917 440 961 arguens
461 905 611 947 Petrus
632 902 869 962 apostolus,
887 903 1008 964 quod
1028 914 1118 949 tam
1141 904 1255 949 male
1277 904 1332 948 de
1357 904 1450 964 Spi-

57 974 143 1018 ritu
163 983 312 1018 sancto
332 973 534 1028 senserit,
559 983 611 1018 ut
633 989 733 1018 eum
756 974 955 1019 venalem
977 984 1137 1034 putans
1159 976 1346 1035 pecunia
1367 974 1449 1019 sibi

56 1043 291 1088 emendum
323 1044 598 1103 poposcerit3
623 1060 712 1089 non
734 1053 882 1089 tamen
916 1046 975 1090 ita
995 1045 1050 1090 de
1071 1045 1148 1090 illo
1174 1046 1444 1105 desperavit,

55 1124 106 1159 ut
125 1116 263 1160 veniae
284 1115 431 1159 locum
453 1115 626 1159 nullum
657 1115 924 1176 relinqueret
949 1136 957 1161 :
983 1132 1083 1161 nam
1107 1117 1295 1174 benigne
1317 1117 1447 1162 etiam

56 1195 106 1230 ut
127 1201 226 1230 eum
250 1187 485 1246 poeniteret
509 1185 753 1231 admonuit.
784 1190 880 1246 Ipsa
909 1187 1100 1247 denique
1117 1186 1345 1232 catholicae
1363 1190 1447 1232 Ec·

56 1256 194 1300 clesiae
217 1265 305 1300 tam
322 1257 501 1316 insignis
523 1259 782 1312 auctoritas,
810 1273 909 1318 quae
931 1258 975 1300 in
999 1257 1154 1301 eodem
1170 1257 1290 1302 dono
1312 1258 1447 1316 Spiri-

54 1335 124 1369 tus
155 1327 289 1370 sancti
319 1326 516 1371 omnium
551 1336 801 1371 sanctorum
824 1336 963 1370 mater
995 1337 1089 1372 toto
1123 1327 1315 1372 secunda
1339 1327 1446 1372 orbe

54 1394 344 1450 diffunditur,
376 1397 444 1440 cui
477 1411 671 1454 unquam
705 1397 910 1438 haeretico
939 1395 1009 1437 vel
1031 1397 1302 1438 schismatico
1324 1410 1446 1454 spem

53 1465 342 1516 liberationis,
367 1465 401 1508 si
426 1480 469 1508 se
498 1466 708 1523 corrigat,
745 1465 1019 1523 amputavit?
1042 1465 1112 1508 cui
1135 1464 1337 1523 placandi
1368 1465 1444 1510 Dei

56 1534 221 1578 aditum
237 1533 388 1578 clausit
406 1536 423 1575 ‘3
445 1536 600 1578 Nonne
624 1549 774 1577 omnes
792 1534 847 1576 ad
866 1535 1000 1577 ubera
1025 1549 1118 1586 sua,
1134 1551 1233 1593 quae
1255 1535 1445 1594 superbo

54 1604 230 1649 fastidio
252 1603 539 1664 reliquerunt,
560 1618 660 1648 cum
683 1602 890 1660 lacrymis
909 1605 1113 1647 revocat?
1129 1604 1235 1656 Quis
1257 1619 1359 1648 vero
1376 1604 1446 1648 vel

55 1676 110 1720 de
132 1676 424 1735 principibus,
449 1674 517 1719 vel
545 1673 600 1718 de
633 1674 837 1733 gregibus
870 1674 1176 1718 haereticorum
1199 1674 1442 1730 invenitur,

55 1748 131 1807 qui
155 1763 243 1792 non
266 1746 517 1791 adversetur
542 1745 719 1804 Spiritui
743 1747 925 1789 sancto?
951 1745 1041 1790 Nisi
1070 1744 1183 1790 forte
1214 1746 1445 1806 quisquam

56 1826 144 1862 tam
173 1832 372 1877 perverse
394 1816 552 1870 sentit,
578 1824 627 1859 ut
651 1815 887 1859 arbitretur
916 1830 1016 1858 eum
1041 1815 1178 1859 teneri
1201 1831 1347 1870 reum,
1368 1816 1445 1875 qui

56 1888 259 1932 adversus
279 1887 485 1946 Spiritum
509 1895 707 1930 sanctum
732 1885 898 1944 aliquid
918 1884 1072 1930 dixerit
1091 1906 1102 1943 3
1126 1901 1226 1930 eum
1243 1902 1346 1931 vero
1368 1886 1446 1946 qui

57 1959 260 2002 adversus
283 1957 489 2016 Spiritum
513 1965 711 2000 sanctum
734 1955 872 1999 multa
891 1956 1057 2007 fecerit,
1083 1972 1171 2000 non
1189 1956 1341 2000 teneri.
1360 1956 1446 2009 Qui

57 2036 202 2071 autem
225 2035 342 2069 tanta
361 2025 573 2070 evidentia
592 2035 742 2070 contra
767 2026 974 2084 Spiritum
1000 2035 1196 2070 sanctum
1218 2036 1442 2085 pugnant,

57 2111 188 2157 quam
204 2095 267 2139 illi
291 2095 493 2139 adversus
513 2096 719 2138 Ecclesioe
743 2111 891 2153 pacem
918 2096 1234 2154 superbissimis
1258 2105 1445 2140 conten-

58 2167 250 2212 tionibus
272 2166 487 2210 saeviunt?
522 2165 605 2210 Sed
628 2166 659 2208 si
683 2164 737 2208 de
765 2167 909 2210 verbis
946 2167 1130 2226 quaestio
1162 2175 1226 2210 cst
1243 2201 1253 2220 ,
1296 2182 1447 2226 quaero

57 2248 207 2283 utrum
241 2236 348 2282 nihil
378 2237 524 2281 dicant
549 2235 752 2280 adversus
773 2236 980 2295 Spiritum
1005 2247 1227 2291 sanctum,
1252 2252 1353 2281 cum
1377 2236 1447 2281 alii

59 2325 159 2354 eum
178 2344 192 2365 ,
217 2308 337 2368 quod
369 2307 424 2351 ad
448 2308 585 2366 ipsum
610 2308 783 2366 proprie
805 2308 1021 2365 pertinet,
1042 2308 1223 2351 omnino
1247 2323 1335 2352 non
1358 2323 1448 2352 esse

59 2388 331 2435 asseverent3
356 2377 505 2422 sedita
528 2393 618 2421 esse
633 2393 770 2422 unum
794 2380 928 2421 Deum
946 2412 956 2430 ‚
984 2385 1030 2420 ut
1052 2376 1165 2420 idem
1190 2378 1279 2436 ipse
1304 2381 1444 2430 Pater,

59 2452 174 2496 idem
199 2452 285 2510 ipse
310 2449 437 2493 Filius
455 2484 464 2502 ‚
510 2449 621 2492 idem
653 2448 742 2508 ipse
771 2449 952 2507 Spiritus
984 2456 1158 2492 sanctus
1186 2447 1445 2508 appelletur.

62 2521 147 2567 Alii
171 2521 389 2566 fateantur
407 2519 583 2578 quidem
607 2534 697 2563 esse
722 2519 929 2578 Spiritum
951 2527 1146 2563 sanctum
1167 2539 1179 2575 3
1203 2518 1278 2563 sed
1299 2534 1449 2578 aequa-

112 2614 119 2631 ¹
138 2609 213 2641 Luc.
236 2618 313 2648 xvu,
338 2607 386 2638 15.
412 2622 451 2628 -
473 2612 484 2628 ²
505 2607 596 2637 Jonn.
620 2616 665 2646 iv,
685 2616 715 2646 7.
734 2622 774 2629 —-
795 2604 891 2638 ³Act.
914 2615 979 2643 viu,
994 2617 1026 2646 ¹.)-
