1867 3320
359 342 497 370 sanim
529 342 589 370 iv.
624 341 679 369 mi
708 336 831 370 :Acon
863 340 916 369 ιτ
947 339 1067 369 ιεΑυ.
1320 335 1403 375 179

30 419 91 456 tes
107 423 249 469 spem,
268 420 357 452 non
378 405 582 451 viderunt
599 405 736 451 oculis
755 406 976 452 hominem
991 442 1003 461 ,
1028 415 1071 451 et
1091 416 1243 466 putare
1264 424 1405 469 coepe-

29 489 129 526 runt
147 514 158 536 ,
183 479 285 540 quia
314 493 404 523 non
426 478 488 522 ibi
508 487 617 523 esset
639 481 753 522 Deus
772 512 783 533 ,
807 493 909 522 cum
928 478 1020 537 ipse
1040 477 1156 522 solus
1178 493 1254 538 per
1275 483 1405 538 Moy-

29 566 102 597 sen
126 559 244 595 tanta
281 558 485 609 patraret.
522 549 795 603 Quaesierunt
826 549 1048 595 hominem
1073 547 1208 593 oculis
1235 550 1403 606 carnis,

29 621 127 682 quia
147 635 237 664 non
265 619 490 663 habebant
510 619 658 664 oculos
688 617 828 663 cordis
847 653 859 674 ,
883 618 1002 664 unde
1033 622 1169 663 Deum
1189 619 1236 663 in
1256 623 1407 678 Moyse

28 687 236 736 viderent.
251 688 541 734 Perdiderunt
561 703 663 747 ergo
678 689 911 748 primatum
929 705 1073 745 suum,
1088 689 1191 750 quia
1211 689 1408 734 conversi

29 761 156 808 eorde
176 763 222 807 in
243 765 485 821 AEgyptum
504 760 879 825 manducaverunt
899 760 1077 806 lentem.
1104 761 1314 821 Accipite.
1331 765 1408 806 Po-

0 855 2 896 3
28 832 157 894 pulus
182 833 443 878 christianus
470 841 564 889 est,
595 830 671 876 sed
692 832 852 892 inipso
885 831 1051 892 populo
1085 833 1318 877 christiano
1343 832 1408 876 illi

0 898 3 966 l
27 904 262 963 primatum
283 911 460 958 tenent,
483 902 557 962 qui
575 902 795 961 pertinent
813 901 870 947 ad
895 902 1032 947 Jacob
1054 921 1062 947 ε
1084 903 1161 963 qui
1187 918 1290 948 vero
1311 917 1408 947 car-

0 970 179 1069 *naliter
207 975 387 1028 vivunt,
420 972 648 1018 carnaliter
684 971 871 1018 credunt
893 1008 904 1028 ,
935 973 1166 1018 carnaliter
1199 983 1376 1033 sperant
1395 1008 1406 1028 ,

2 1075 6 1111 l
27 1043 253 1089 carnaliter
281 1042 493 1102 diligunt,
519 1043 663 1087 adhuc
686 1043 741 1087 ad
767 1045 900 1088 Vetus
933 1047 1257 1088 Testamentum
1278 1043 1411 1103 perti-

3 1122 155 1173 meat,
191 1113 388 1159 nondum
425 1114 481 1158 ad
515 1117 717 1172 Novum,
754 1114 898 1160 adhuc
923 1115 969 1159 in
1003 1125 1118 1160 sorte
1138 1124 1241 1160 sunt
1264 1113 1407 1170 Esaii,

4 1176 8 1194 ⁴
28 1183 226 1229 nondum
244 1185 291 1228 in
313 1183 615 1228 benedictione
638 1184 789 1229 Jacob.

5 1197 12 1301 l
81 1257 205 1299 XIII.
230 1255 435 1299 Intendat
455 1255 667 1300 Sanctitas
689 1257 856 1299 Vestra.
886 1255 1147 1300 Benedicere
1163 1269 1268 1313 ergo
1291 1253 1413 1298 vole·

8 1309 100 1384 ibat
120 1326 326 1385 majorem
361 1325 500 1370 filium
536 1329 655 1371 Isaac
693 1341 824 1370 senex
852 1326 1094 1383 caliginosis
1119 1324 1254 1370 oculis
1270 1361 1280 1380 ,
1305 1327 1409 1386 quia

26 1398 160 1441 Vetus
182 1399 507 1441 Testamentum
529 1398 584 1445 ad
606 1397 782 1442 Judaeos
803 1396 1017 1440 directum
1041 1406 1146 1440 erat.
1173 1396 1303 1450 Quod
1324 1399 1413 1441 Ve-

27 1474 94 1512 tus
125 1469 446 1511 Testamentum
481 1482 571 1512 non
594 1467 648 1511 ab
683 1466 741 1510 eis
761 1466 1087 1526 intelligebatur
1102 1502 1113 1522 ,
1137 1466 1237 1511 ideo
1259 1466 1411 1527 caligi-

25 1537 117 1581 nosi
134 1536 249 1582 oculi
272 1536 494 1581 dicuntur.
522 1539 579 1581 Ut
608 1535 725 1592 dixi,
751 1534 904 1580 fratres
922 1572 934 1591 ,
960 1537 1016 1581 ad
1036 1538 1242 1597 majorem
1265 1537 1410 1598 loqui-

28 1614 119 1660 tur,
142 1603 197 1648 ad
214 1602 426 1647 minorem
449 1606 646 1661 pervenit
668 1605 929 1651 benedictio.
951 1608 1124 1651 Etenim
1142 1617 1280 1652 mater
1301 1609 1380 1653 ista
1396 1642 1407 1663 ,

25 1674 184 1735 quaein
205 1673 360 1717 sanctis
376 1672 580 1717 omnibus
601 1675 875 1729 intelligitur,
894 1676 940 1716 id
963 1687 1026 1717 est
1041 1708 1051 1727 ,
1076 1676 1282 1729 Ecclesia,
1307 1692 1408 1736 quae

27 1743 235 1789 'ntellexit
258 1742 529 1802 prophetiam
545 1777 556 1797 ,
576 1742 667 1801 ipsa
690 1741 765 1786 dat
795 1742 1024 1787 consilium
1047 1743 1138 1788 filio
1160 1745 1338 1800 minori,
1365 1755 1408 1790 et

56 1815 130 1859 icit
144 1813 206 1858 illi
228 1833 237 1858 ε
266 1832 286 1855 «ι
311 1816 404 1872 Ego
425 1814 515 1872 ipsa
539 1812 684 1856 audivi
709 1821 873 1871 patrem
897 1821 1023 1857 tuum
1044 1813 1262 1858 dicentem
1285 1814 1408 1860 fratri

32 1903 51 1926 η
84 1892 161 1929 tuo
176 1918 187 1938 ,
212 1882 354 1937 Vade,
376 1892 422 1926 et
445 1883 553 1927 affer
581 1882 687 1926 mihi
719 1883 994 1927 venationem
1010 1918 1020 1937 ,
1047 1893 1095 1927 ut
1118 1885 1403 1941 manducem,

33 1971 52 1996 n
85 1963 129 1998 et
152 1952 379 1997 benedicat
401 1962 442 1996 te
475 1952 616 1996 anima
652 1967 745 1996 mea
767 1987 777 2006 ,
809 1962 1043 2012 antequam
1075 1955 1247 1999 moriar.
1282 1959 1408 2001 Nunc

42 2043 52 2067 ›
87 2039 188 2082 ergo
208 2059 218 2079 ,
255 2024 314 2067 fili
333 2059 343 2077 ,
368 2023 470 2067 audi
494 2024 606 2066 me¹.
635 2041 654 2064 »
677 2026 728 2066 Et
749 2022 870 2067 dedit
890 2023 950 2067 illi
971 2025 1199 2068 consilium
1222 2035 1272 2070 ut
1296 2027 1404 2083 iret,

54 2094 288 2154 fferretque
309 2092 419 2137 duos
443 2093 588 2137 haedos
607 2092 663 2136 de
687 2093 880 2151 proximo
902 2107 1045 2152 grege,
1063 2104 1105 2138 et
1131 2095 1288 2139 laceret
1313 2096 1407 2140 illos

74 2173 185 2220 uter,
214 2163 586 2224 quemadmodum
608 2163 906 2207 delectabatur
924 2174 1046 2223 paler
1068 2166 1158 2224 ejus
1179 2186 1189 2223 3
1214 2175 1257 2209 ct
1280 2182 1406 2210 man-

0 2255 1 2259 *
60 2243 207 2281 ucaret
225 2270 236 2290 ,
263 2243 305 2278 et
344 2235 617 2278 benediceret
643 2233 779 2278 fllium
815 2250 942 2279 suum
984 2236 1192 2280 minorem
1231 2236 1407 2282 absente

0 2346 1 2352 ,
79 2306 206 2367 ajore.
233 2304 310 2348 Ille
330 2313 474 2348 autem
497 2305 671 2360 timuit,
700 2313 743 2349 et
760 2305 818 2349 ait
843 2323 852 2349 ε
883 2324 902 2346 «
932 2308 1079 2349 Frater
1103 2321 1222 2350 meus
1245 2307 1406 2366 pilosus

0 2382 5 2411 l
48 2393 58 2417 ›
86 2384 151 2420 est
168 2410 179 2432 ,
199 2391 280 2435 ego
301 2385 443 2419 autem
462 2374 569 2419 lenis
590 2389 685 2419 sum
702 2410 712 2430 ,
737 2390 793 2419 ne
814 2376 1038 2434 conlingat
1062 2391 1131 2419 me
1155 2385 1197 2421 et
1219 2378 1408 2438 compal-

0 2464 6 2475 ·
49 2462 58 2486 ι
87 2455 162 2507 pet
195 2454 317 2506 pater
347 2460 494 2501 meus,
525 2454 568 2490 et
591 2444 802 2503 intelligat
833 2446 938 2506 quia
958 2462 1038 2504 ego
1059 2462 1154 2490 sum
1178 2449 1340 2502 Jacob,
1366 2458 1408 2493 et

0 2528 7 2557 ἓ
50 2533 59 2556 ›
88 2517 307 2578 acquiram
325 2532 414 2561 non
434 2516 799 2571 benedictionem,
823 2516 897 2560 sed
922 2516 1285 2562 maltdictionem.
1309 2537 1328 2559 n
1353 2522 1407 2563 At

0 2599 8 2627 l·
50 2584 129 2643 ΙΙΙ,
155 2606 178 2631 «
202 2588 344 2644 Vade,
370 2589 538 2648 inquit,
564 2588 646 2644 lili,
672 2587 774 2634 audi
798 2604 865 2632 mc
889 2607 898 2633 ι
923 2587 1168 2634 maledictio
1185 2598 1260 2634 tua
1279 2605 1409 2649 super

83 2674 92 2693 ¹
111 2671 190 2705 Gen.
212 2682 311 2714 xxm,
329 2672 364 2715 6,
383 2676 446 2706 otc.
