1924 3309
464 241 546 281 354
900 248 935 278 s.
970 248 1200 279 Aneus'rmt
1232 249 1414 278 EPISCOPI

457 319 580 361 nium
607 325 801 362 vestrum
826 316 957 361 corda
979 330 1186 361 concussa
1208 315 1322 368 sint,
1348 327 1429 357 nec
1453 313 1712 373 cujusquam
1736 328 1842 358 con-

458 388 635 432 scientia
657 387 738 432 sub
762 387 829 432 his
852 387 994 432 verbis
1011 385 1227 444 intrepida
1250 384 1431 428 steterit.
1453 384 1595 437 «Quis
1612 384 1728 427 enim
1747 383 1844 442 glo-

459 476 479 499 »
515 458 723 514 riabitur,
759 468 922 503 castum
957 472 1000 501 se
1029 457 1191 500 habere
1214 457 1319 500 cor?
1350 464 1426 499 aut
1445 455 1541 514 quis
1563 454 1840 512 gloriabitur,

458 545 480 570 »
514 528 733 574 mundum
764 545 808 573 se
831 543 920 572 esse
937 543 960 571 a
978 535 1158 587 peccato
1173 527 1217 568 ¹?
1236 544 1257 567 »
1284 527 1346 570 Ac
1369 540 1445 585 per
1465 525 1550 570 hoc
1571 540 1672 570 cum
1697 525 1843 584 Scrip-

458 607 555 643 tura
571 598 677 644 dicit
700 618 709 644 ι
735 599 888 644 «Sicut
904 597 1002 642 fluit
1018 611 1116 641 cera
1137 612 1161 640 a
1182 595 1292 640 facie
1313 595 1439 654 ignis,
1464 595 1523 640 sic
1540 604 1720 655 pereant
1738 609 1845 656 -pec-

455 686 475 709 »
511 678 676 713 catores
699 684 723 712 a
743 668 855 712 facie
875 667 979 722 Dei,
1006 685 1026 708 »
1051 666 1149 727 quis
1169 681 1260 710 non
1278 665 1611 720 contremiscat,
1636 665 1733 725 quis
1754 680 1845 711 non

452 738 731 797 pavibundus
764 737 938 782 exiliat?
973 737 1091 790 Quid
1123 751 1225 795 ergo
1263 734 1497 789 faciemus,
1528 745 1604 780 aut
1624 751 1725 796 quae
1746 750 1842 795 spes

455 809 581 852 nobis
603 811 697 852 est?
714 810 863 868 Neque
886 807 1002 852 enim
1024 806 1182 852 frustra
1204 808 1298 852 haec
1333 816 1565 852 cantantur
1583 827 1595 864 3
1630 815 1707 851 aut
1741 821 1844 851 vero

455 894 557 923 cum
582 880 676 924 haec
699 878 804 924 dicit
826 880 1071 938 Propheta,
1113 889 1236 938 optat
1270 894 1319 923 ea
1354 878 1635 933 hominibus,
1670 892 1719 922 ac
1754 892 1845 922 non

451 950 596 1008 potius
614 958 800 994 ventura
822 949 1048 1009 praevidet.
1062 953 1115 994 In
1135 949 1278 994 verbis
1295 949 1475 1009 quidem
1494 949 1633 1008 figura
1655 947 1845 1008 optantis

453 1030 632 1079 apparet
658 1055 668 1075 ,
710 1021 786 1064 sed
821 1020 1082 1079 intelligitur
1118 1020 1390 1080 praescientia
1425 1019 1682 1064 nuntiantis.
1725 1019 1845 1063 Sicut

453 1091 569 1135 enim
586 1090 788 1151 quaedam
803 1091 849 1135 in
866 1092 1088 1150 Scriptura
1105 1093 1422 1151 Prophetarum
1438 1100 1646 1151 tanquam
1668 1090 1714 1133 in
1731 1104 1845 1149 prae-

454 1161 631 1204 teritum
666 1160 777 1204 facta
812 1170 1074 1217 narrantur,
1097 1177 1198 1206 cum
1229 1161 1378 1206 {utura
1411 1160 1706 1220 praedicantur
1735 1178 1745 1204 ι
1784 1159 1844 1203 ita

452 1230 655 1290 quaedam
680 1239 893 1289 tanquam
913 1240 1017 1275 voto
1053 1231 1261 1275 dicuntur
1293 1231 1508 1291 optantis3
1533 1229 1608 1274 scd
1629 1229 1706 1290 qui
1727 1235 1854 1274 recte'

451 1300 700 1359 intelligunt
718 1301 840 1361 quod
862 1301 1072 1357 audiunt,
1103 1303 1314 1347 visionem
1331 1301 1666 1361 praenuntiantis
1687 1315 1843 1359 agnos-

450 1380 570 1416 cunt.
598 1375 747 1430 Longe
781 1380 928 1415 autem
953 1381 1054 1416 ante
1077 1372 1347 1417 nativitatem
1380 1371 1611 1416 dominicae
1638 1371 1841 1415 incarna-

450 1442 577 1486 tionis
594 1477 604 1497 ‚
640 1442 711 1486 isti
746 1442 904 1486 Psalmi
934 1441 1041 1487 dicti
1075 1452 1206 1503 atque
1227 1442 1462 1502 conscripti
1485 1450 1602 1486 sunt.
1628 1444 1726 1488 Non
1743 1450 1842 1486 ante

453 1516 592 1557 Deum
614 1513 860 1568 Christum,
885 1514 962 1557 sed
980 1522 1080 1557 ante
1099 1523 1254 1558 natum
1279 1528 1330 1557 ex
1352 1513 1518 1572 virgine
1541 1512 1677 1558 Maria
1694 1512 1844 1557 Chris-

455 1591 562 1626 tum.
588 1585 694 1629 Nam
720 1582 916 1642 profecto
938 1592 1060 1642 pater
1090 1584 1313 1628 Abraham
1333 1583 1462 1641 longe
1490 1592 1591 1627 ante
1610 1581 1747 1628 David
1770 1597 1839 1626 re-

454 1669 551 1713 gern
570 1689 581 1710 ,
607 1656 732 1713 cujus
754 1664 947 1713 tempore
969 1654 1015 1697 hi
1048 1653 1206 1698 Psalmi
1227 1653 1389 1698 cantati
1419 1662 1520 1697 sunt
1534 1688 1544 1708 ,
1565 1652 1665 1697 fuit.
1696 1653 1841 1697 Domi-

454 1739 536 1768 nus
558 1733 704 1767 autem
726 1722 832 1766 dixit
856 1742 864 1767 ε
894 1742 914 1765 t<
934 1726 1047 1767 Ante
1071 1723 1291 1767 Abraham
1314 1738 1395 1781 ego
1416 1738 1513 1767 sum
1526 1726 1587 1766 ².»
1605 1725 1700 1782 Ipse
1722 1723 1839 1767 enim

455 1803 518 1837 est
534 1793 728 1837 Verbum
746 1793 838 1846 Dei,
862 1807 939 1851 per
955 1791 1076 1852 quod
1091 1791 1207 1837 facta
1224 1801 1326 1836 sunt
1347 1793 1492 1836 omnia
1512 1811 1520 1836 :
1549 1791 1624 1836 sed
1646 1792 1737 1852 ipse
1754 1793 1840 1836 im-

455 1863 576 1922 plens
595 1863 852 1921 Prophetas,
884 1863 928 1905 in
951 1877 1080 1922 carne
1101 1877 1144 1905 se
1167 1877 1257 1905 esse
1277 1871 1511 1906 venturum
1533 1877 1609 1920 per
1628 1877 1700 1906 eos
1723 1877 1838 1921 prae-

453 1933 576 1976 dixit.
591 1932 660 1976 Ad
672 1934 763 1991 ejus
781 1940 926 1975 autem
943 1931 1286 1976 incarnationem
1302 1932 1491 1991 pertinet
1512 1932 1665 1991 passio.
1687 1934 1838 1993 Neque

455 2003 569 2046 enim
591 2002 734 2061 potuit
755 2001 845 2060 pati
867 1996 939 2045 illa
960 2017 1060 2061 quae
1082 2001 1128 2045 in
1156 2000 1396 2061 Evangelio
1418 2002 1577 2061 scripta
1601 2011 1703 2046 sunt
1720 2036 1732 2057 ‚
1756 2002 1838 2047 nisi

454 2074 498 2117 in
521 2088 649 2117 carne
672 2071 843 2125 mortali
865 2080 908 2115 et
924 2071 1135 2131 passibili,
1155 2087 1288 2131 quam
1310 2072 1501 2129 gerebat.
1525 2074 1580 2116 Et
1601 2071 1663 2117 ibi
1685 2072 1838 2132 utique

454 2144 635 2202 legitur,
670 2141 1044 2203 quemadmodum
1072 2143 1257 2186 Domino
1288 2142 1493 2187 crucifixo
1530 2142 1576 2186 hi
1597 2143 1675 2202 qui
1696 2143 1839 2188 cruci-

454 2215 642 2258 fixerunt
663 2228 763 2257 eum
780 2248 791 2267 ‚
816 2213 1069 2257 vestimenta
1087 2213 1178 2271 ejus
1198 2211 1438 2256 diviserunt
1454 2212 1557 2267 sibi,
1583 2222 1749 2258 etcum
1765 2213 1836 2269 in-

456 2284 672 2328 venissent
697 2284 743 2327 in
765 2283 823 2327 eis
845 2283 1038 2327 tunicam
1055 2281 1240 2341 desuper
1262 2292 1422 2328 textam
1441 2318 1451 2338 ‚
1476 2281 1716 2328 noluerunt
1743 2298 1839 2328 eam

458 2353 764 2408 conscindere,
798 2353 874 2397 sed
907 2361 1067 2397 sortem
1104 2367 1230 2411 super
1259 2368 1353 2397 eam
1390 2353 1660 2411 miserunt³3
1697 2362 1749 2398 ut
1784 2351 1840 2398 ad

457 2440 588 2484 quem
612 2424 878 2484 perveniret,
904 2423 1071 2483 integra
1091 2422 1336 2482 perveniret
1367 2443 1375 2468 :
1401 2438 1488 2482 qua
1515 2423 1840 2482 significabatur
1868 2464 1873 2467 .

456 2497 639 2540 charitas
653 2531 663 2550 ,
688 2511 786 2554 quae
809 2493 943 2539 dividi
966 2510 1055 2538 non
1072 2501 1228 2552 potest.
1255 2494 1359 2537 Haec
1382 2509 1485 2552 ergo
1503 2508 1603 2538 cum
1625 2493 1670 2538 in
1691 2495 1838 2539 Evan-
1907 2509 1910 2515 ·

503 2588 509 2602 ¹
532 2583 623 2612 Prov.
648 2591 701 2619 xx,
718 2591 749 2621 9.
768 2596 809 2601 ·-—
827 2586 839 2601 2
860 2581 951 2611 Joan.
972 2589 1040 2619 vin,
1060 2577 1114 2611 58.
1135 2594 1176 2600 —
1198 2575 1210 2600 3
1228 2578 1273 2609 Id.
1298 2587 1365 2618 xix,
1385 2578 1437 2610 23.
