1867 3320
251 327 392 357 senno
425 329 573 369 xxxix,
607 333 661 359 niz
693 333 838 361 vntum
869 334 1177 366 zchEs1AsT1C1.
1312 329 1394 368 507

25 392 157 438 modo
173 394 207 437 si
227 393 452 439 mendicus
474 394 688 452 dormiat,
710 406 754 442 et
774 398 819 441 in
835 399 994 443 somnis
1010 400 1073 444 illi
1093 402 1237 446 veniat
1256 403 1395 448 haere-

25 463 164 519 ditas,
201 463 311 508 nihil
337 463 414 509 illo
448 464 617 510 felicius
655 476 889 527 antequam
920 479 1080 528 surgat.
1112 472 1241 516 Videt
1277 488 1319 516 se
1352 474 1398 518 in

22 534 182 580 somnis
210 543 399 579 tractare
431 536 632 580 manibus
664 546 801 582 vestes
838 539 1051 596 egregias,
1088 542 1269 598 pretiosa
1299 558 1397 587 vasa

23 619 151 649 aurea
183 613 228 648 et
260 614 485 664 argentea,
521 606 681 650 intrare
703 607 747 650 in
767 608 1056 653 amoenissima
1078 618 1120 652 et
1144 611 1398 670 amplissima

22 674 185 735 praedia
200 709 212 730 ,
232 675 416 735 obsequi
436 676 518 719 sibi
540 691 716 735 magnas
738 675 920 722 familias
938 697 947 722 :
972 679 1161 737 evigilat,
1184 690 1226 723 et
1244 680 1394 739 plorat.

20 748 78 791 Et
99 745 321 806 quomodo
343 744 526 805 vigilans
548 758 720 792 accusat
735 749 957 792 hominem
975 750 1051 809 qui
1073 749 1197 793 illum
1213 751 1400 810 expolia-

19 816 104 870 vit,
136 816 195 861 sic
219 815 292 860 ille
321 827 494 861 accusat
510 818 587 877 qui
609 817 730 862 illum
755 818 969 863 excitavit.
1001 820 1277 878 Apertissime
1300 821 1399 865 hinc

18 885 191 931 locutus
235 895 299 930 est
333 886 524 931 Psalmus
556 907 565 932 :
596 907 616 930 «
653 889 957 943 Dormierunt‚
989 889 1158 949 inquit,
1197 906 1398 934 somnum

22 973 42 998 »
77 971 223 1011 suum,
237 964 282 1000 et
303 955 413 1000 nihil
430 957 692 1002 invenerunt
707 973 858 1002 omnes
876 959 954 1002 viri
976 958 1225 1002 divitiarum
1244 961 1287 1003 in
1309 975 1399 1004 ma-

20 1044 41 1067 »
75 1026 204 1070 nibus
226 1026 312 1070 suis
328 1061 340 1081 ‚
365 1036 512 1086 postea
534 1042 667 1087 quam
684 1028 893 1072 finierunt
913 1043 1115 1072 somnum
1136 1044 1262 1071 suum
1278 1032 1309 1073 ¹.
1339 1049 1358 1070 »

77 1099 155 1141 VI.
177 1097 286 1150 Quia
315 1113 419 1157 ergo
442 1098 551 1142 nihil
586 1097 797 1154 attulisti,
822 1097 930 1142 nihil
963 1099 1064 1142 hinc
1090 1098 1312 1143 ablaturus
1339 1115 1395 1143 es.

16 1167 142 1213 Mitte
167 1182 336 1212 sursum
370 1167 491 1228 quod
528 1169 757 1223 invenisti,
796 1178 839 1212 et
863 1185 951 1213 non
983 1168 1230 1228 perditurus
1255 1184 1312 1212 es.
1340 1172 1399 1213 Da

17 1237 191 1283 Christo
211 1237 433 1292 3Christus
455 1239 570 1282 enim
592 1239 662 1282 hic
679 1238 819 1282 voluit
838 1240 1046 1297 accipere.
1068 1242 1126 1282 Da
1149 1239 1340 1292 Christo,
1358 1247 1400 1281 et

18 1321 108 1351 non
126 1304 284 1365 perdis.
310 1308 407 1351 Non
430 1306 599 1365 perdis,
623 1308 656 1350 si
669 1308 947 1352 commendas
968 1323 1089 1352 servo
1111 1318 1212 1365 tuo3
1236 1318 1278 1351 et
1299 1323 1398 1366 per-

19 1376 107 1431 diS,
133 1376 167 1421 si
179 1376 458 1420 commendas
480 1377 663 1421 Domino
686 1386 762 1421 tuo
776 1379 794 1421 P
810 1380 906 1422 Non
926 1378 1091 1436 perdis,
1116 1378 1149 1420 si
1176 1392 1398 1420 commen-

19 1447 96 1492 das
117 1462 242 1492 servo
264 1456 340 1491 tuo
371 1447 493 1507 quod
526 1449 770 1508 acquisisti3
790 1458 832 1491 et
853 1448 1005 1508 perdes
1021 1484 1031 1502 ‚
1065 1450 1095 1491 si
1125 1447 1399 1492 commendes

20 1516 205 1561 Domino
227 1526 304 1561 tuo
322 1518 442 1577 quod
476 1518 676 1577 accepisti
699 1519 753 1561 ab
781 1519 873 1577 ipso
903 1518 1085 1562 Domino
1123 1519 1231 1561 tuo?
1263 1520 1399 1574 Egere

16 1589 87 1633 hie
106 1588 247 1633 voluit
281 1589 501 1642 Christus,
526 1590 600 1632 sed
640 1598 815 1648 propter
852 1605 944 1633 nos.
975 1590 1134 1633 Omnes
1163 1603 1394 1647 pauperes,

16 1675 125 1720 quos
147 1659 300 1703 videtis
316 1694 326 1714 ‚
352 1659 496 1719 potuit
513 1659 607 1703 illos
630 1661 826 1704 Christus
848 1675 1019 1718 pascere
1036 1695 1046 1714 ‚
1079 1658 1298 1718 quomodo
1323 1673 1399 1716 per

17 1745 195 1775 corvum
212 1729 353 1773 Eliam
366 1730 508 1788 pavit²
529 1748 537 1773 :
555 1739 700 1773 tamen
714 1740 755 1772 et
768 1730 847 1788 ipsi
863 1730 966 1772 Eliae
980 1729 1188 1772 subtraxit
1204 1742 1396 1781 corvum,

16 1811 66 1845 ut
95 1817 118 1844 a
155 1800 285 1845 vidua
326 1809 572 1859 pasceretur
608 1816 696 1844 non
737 1799 844 1843 Eliae
879 1800 1100 1858 praestitit,
1134 1798 1206 1842 sod
1240 1798 1396 1841 vidum.

17 1869 205 1924 Quando
225 1883 326 1926 ergo
344 1872 458 1912 Deus
481 1883 691 1927 pauperes
722 1870 850 1921 facit,
877 1871 975 1926 quia
1002 1871 1089 1925 ipse
1121 1885 1208 1911 non
1242 1868 1332 1911 vult
1356 1877 1402 1912 ut

17 1941 96 2000 ipsi
123 1940 341 1995 habeant3
365 1937 544 1998 quando
569 1938 670 1981 facit
692 1952 924 1996 pauperes,
952 1939 1106 1995 probat
1139 1937 1305 1980 divites.
1336 1938 1401 1980 Sic

17 2012 133 2055 enim
155 2011 363 2069 scriptum
386 2019 449 2052 est
475 2028 483 2052 :
507 2028 526 2050 «
556 2011 724 2067 Pauper
739 2018 781 2051 et
800 2007 919 2051 dives
937 2016 1217 2052 occurrerunt
1239 2006 1357 2050 sibi-³.
1379 2026 1396 2046 ι»

21 2081 102 2126 Ubi
123 2081 203 2124 sibi
226 2080 535 2124 occurrerunt?
551 2081 602 2121 In
625 2079 705 2121 hac
728 2078 828 2121 vita.
846 2080 979 2121 Natus
997 2087 1059 2121 est
1078 2077 1168 2129 ille,
1197 2086 1320 2119 natus
1338 2085 1400 2118 est

17 2160 60 2195 et
74 2150 147 2194 ille
171 2170 180 2195 :
205 2151 468 2194 invenerunt
488 2164 548 2202 se,
575 2157 860 2191 occurrerunt
877 2148 974 2190 sibi.
998 2150 1051 2190 Et
1074 2147 1167 2206 quis
1190 2145 1288 2188 fecit
1308 2145 1400 2189 illos

0 2222 198 2266 *ambosi'
227 2220 452 2265 Dominus.
487 2219 698 2271 Divitem,
724 2218 841 2262 unde
870 2233 1100 2277 pauperem
1145 2216 1363 2274 adjuvat-vt
1387 2237 1398 2272 3

21 2306 253 2352 pauperem
271 2325 281 2345 ,
309 2289 426 2333 unde
447 2288 627 2332 divitem
649 2289 862 2346 probaret.
888 2291 967 2331 Pro
990 2286 1150 2328 viribus
1173 2286 1257 2328 suis
1280 2286 1374 2343 quis

18 2377 105 2422 que
126 2361 256 2406 faciat
284 2380 292 2404 :
315 2375 402 2403 non
426 2360 483 2403 sic
503 2359 652 2411 iaciat,
680 2368 727 2402 ut
746 2359 834 2416 ipse
854 2358 1038 2417 patiatur
1056 2356 1285 2412 augustias.
1308 2358 1399 2398 Non

18 2432 102 2476 hoc
123 2431 323 2475 dicimus.
353 2429 579 2487 Superllua
613 2437 684 2471 tua
721 2427 950 2470 necessaria
974 2435 1073 2468 sunt
1098 2424 1180 2467 alii.
1216 2425 1400 2467 Audistis

67 2500 177 2555 odo,
202 2516 301 2544 cum
327 2499 611 2556 Evangelium
635 2497 849 2555 legeretur
872 2515 879 2539 :
902 2516 919 2535 «
939 2495 1212 2552 Quicumque
1235 2492 1399 2536 ‹ledi-rit

71 2605 78 2620 ¹
102 2597 176 2629 t‘sal.
197 2608 289 2636 Luv,
308 2609 339 2637 ς).
360 2612 397 2617 -ψ-
419 2602 430 2618 ²
453 2596 470 2626 3
490 2598 565 2633 neg.
589 2606 664 2635 xvii,
685 2595 717 2626 (ἱ.
741 2611 780 2615 -
804 2593 814 2614 ³
835 2595 922 2623 Ιίηηκ
950 2603 1024 2626 nn,
1045 2602 1073 2621 ιζ.
