1924 3309
473 385 494 408 »
528 367 599 410 hae
617 399 629 422 ,
667 363 879 410 imitando
914 363 1048 409 fidem
1079 365 1268 410 Abrahae
1283 367 1314 410 ¹.
1343 383 1363 407 »
1396 367 1513 424 Ergo
1533 379 1612 409 nos
1644 363 1856 409 imitando

469 435 594 481 illum
611 436 667 481 ad
686 435 922 481 Ecclesiam
945 434 1239 489 admittimur,
1265 445 1308 480 et
1324 435 1467 495 ipsum
1496 436 1550 479 ab
1571 434 1761 480 Ecclesia
1780 450 1857 479 ex-

468 506 630 551 clusuri
650 508 825 551 sumus?
838 509 941 551 Haec
954 505 1147 550 Ecclesia
1160 506 1429 565 significatur
1444 506 1490 551 in
1506 506 1703 550 Rebecca
1720 521 1856 550 uxore

467 581 586 623 Isaac
607 596 617 624 ε
640 578 733 623 haec
755 577 947 622 Ecclesia
971 585 1063 620 erat
1100 576 1146 621 in
1168 577 1326 621 san-ctis
1348 577 1480 621 etiam
1505 577 1753 636 Prophetis,
1777 576 1855 636 qui

466 648 767 707 intelligebant
789 650 923 692 Vetus
947 649 1295 702 Testamentum,
1321 648 1424 707 quia
1446 647 1750 707 promissiones
1769 646 1856 691 illae

467 719 658 764 carnales
692 717 884 779 spiritale
913 718 1057 762 nescio
1093 717 1202 778 quid
1238 717 1557 777 significabant.
1582 718 1625 763 Si
1643 716 1851 778 spiritale,

464 789 674 849 spiritales
710 804 814 849 ergo
842 788 899 833 ad
919 789 1134 834 minorem
1155 787 1297 833 filium
1319 807 1329 834 :
1353 789 1455 850 quia
1475 789 1594 849 prior
1614 798 1679 834 est
1699 803 1854 834 carna-

463 858 515 904 lis
532 894 544 916 ,
569 869 612 904 et
630 869 780 920 postea
801 859 1020 919 spiritalis.

518 926 626 975 XII.v
646 933 743 975 Jam
769 932 972 976 hesterno
994 931 1065 975 die
1097 931 1387 991 praemisimus
1409 932 1637 977 Sanctitati
1655 933 1821 975 Vestrae
1836 965 1849 987 ,

459 999 559 1045 ideo
581 1002 788 1061 majorem
819 1001 958 1045 filium
990 1000 1077 1046 dici
1107 1001 1245 1057 Esaii,
1271 1001 1375 1062 quia
1397 1017 1529 1046 nemo
1548 1002 1598 1045 fit
1619 996 1850 1061 spiritalis,

461 1069 545 1114 nisi
582 1085 634 1115 ex
660 1070 824 1116 carnali
849 1088 861 1116 .-
888 1071 966 1116 sed
997 1072 1031 1116 si
1058 1080 1303 1131 perseveret
1338 1072 1384 1115 in
1414 1071 1648 1132 prudentia
1686 1071 1850 1127 carnis,

462 1154 631 1199 semper
647 1142 728 1186 erit
750 1141 864 1186 Esaii
884 1159 893 1186 ε
914 1141 950 1186 si
970 1150 1119 1186 autem
1135 1142 1210 1186 fiat
1228 1142 1446 1202 spiritalis,
1464 1151 1527 1187 est
1548 1142 1662 1187 filius
1684 1143 1849 1200 minor;

462 1208 539 1252 sed
559 1209 650 1268 ipse
687 1212 829 1256 minor
850 1210 931 1255 erit
951 1212 1119 1271 major:
1145 1211 1218 1255 1118
1240 1212 1355 1256 8111111
1383 1221 1581 1272 tempore
1616 1212 1850 1273 praecedit,

461 1279 540 1323 iste
557 1279 735 1324 virtute.
757 1283 956 1341 Namque
973 1296 1075 1325 cum
1096 1282 1278 1326 coxisset
1300 1281 1464 1327 lentem
1487 1284 1624 1328 Jacob
1643 1318 1653 1339 ,
1678 1282 1852 1328 deside-

460 1352 571 1395 ravit
588 1351 705 1396 Esaii
722 1351 917 1411 accipere
934 1386 946 1407 ,
968 1361 1204 1412 antequam
1225 1354 1394 1398 veniret
1417 1353 1473 1398 ad
1492 1354 1620 1399 istam
1641 1355 1852 1399 benedic-

461 1421 626 1466 tionem
648 1441 657 1467 :
677 1431 721 1467 et
740 1422 813 1467 ille
833 1423 893 1467 ait
910 1421 974 1466 illi
992 1440 1002 1467 2
1023 1425 1118 1467 «Da
1140 1423 1248 1467 mihi
1263 1424 1551 1484 primogenita
1569 1434 1660 1481 tua,
1677 1434 1721 1470 et
1737 1426 1853 1470 dabo

462 1511 483 1534 »
518 1493 598 1538 tibi
618 1493 783 1539 lentem
799 1528 811 1550 ,
836 1509 968 1554 quam
1000 1494 1099 1538 coxi
1118 1496 1149 1538 ².
1175 1513 1196 1536 »
1222 1494 1430 1540 Vendidit
1464 1496 1754 1556 primogenita
1776 1511 1853 1541 sua

463 1563 647 1610 minori:
674 1565 854 1609 abstulit
877 1563 952 1608 1118
973 1563 1243 1624 voluptatem
1261 1565 1560 1624 temporalem,
1586 1565 1765 1607 abstulit
1781 1565 1855 1608 ille

461 1631 719 1690 dignitatem
742 1635 1064 1708 sempiternam.
1089 1638 1206 1691 Ergo
1224 1636 1301 1691 qui
1322 1632 1634 1692 temporalibus
1655 1632 1855 1712 volupta-

464 1702 582 1747 tibus
604 1702 799 1747 serviunt
818 1701 863 1745 in
884 1700 1092 1757 Ecclesia,
1110 1701 1274 1745 lentem
1295 1703 1578 1749 manducant.
1599 1709 1738 1759 Quam
1760 1705 1854 1765 qui-

466 1772 567 1818 dem
588 1774 705 1817 coxit
720 1772 879 1826 Jacob,
904 1771 979 1815 sed
994 1787 1084 1816 non
1103 1772 1382 1817 manducavit
1402 1776 1574 1820 Jacob.
1599 1775 1716 1820 idola
1737 1776 1855 1820 enim
1916 1787 1924 1821 1

466 1844 602 1902 magis
622 1843 666 1887 in
686 1845 880 1902 AEgypto
902 1843 1147 1901 viguerant.
1183 1846 1295 1887 Lens
1315 1844 1437 1888 cibus
1468 1854 1532 1889 est
1548 1846 1745 1906 AEgypti.
1773 1849 1854 1890 Per
1915 1847 1924 1898 ι’

468 1914 631 1958 lentem
658 1928 808 1958 omnes
844 1928 1008 1957 errores
1035 1913 1242 1957 Gentium
1273 1915 1587 1973 significantur.
1619 1918 1730 1970 Quia
1751 1931 1855 1977 ergo
1917 1931 1924 1959 ι

469 1984 661 2029 Ecclesia
677 1984 938 2028 eminentior
958 1992 1001 2028 et
1021 1983 1320 2029 manifestior
1310 2001 1355 2030 in
1371 1986 1463 2031 filio
1480 1988 1646 2032 minore
1668 1987 1723 2033 de
1741 1989 1854 2033 Gen·
1922 1995 1924 1997 ’

472 2056 590 2101 tibus
615 2065 798 2101 ventura
819 2054 1173 2114 significabatur,
1201 2054 1365 2099 lentem
1397 2057 1560 2101 coxisse
1588 2058 1748 2103 dicitur
1779 2062 1861 2104 Ja-

472 2129 583 2185 cob,
603 2136 647 2172 et
668 2127 951 2171 manducasse
967 2125 1097 2169 Esaii.
1122 2126 1297 2170 Etenim
1317 2126 1574 2172 dimiserunt
1597 2128 1714 2174 idola
1735 2131 1863 2174 Gen-2

474 2208 559 2255 tes,
591 2214 691 2260 quae
722 2197 955 2255 colebant,
977 2195 1121 2240 Judaei
1140 2205 1286 2240 autem
1307 2197 1553 2242 serviebant
1573 2197 1730 2245 idolis:
1751 2207 1864 2244 nam

475 2273 670 2315 conversi
707 2268 874 2315 corde
863 2283 910 2312 111
931 2269 1200 2345 AEgyptum,
1239 2266 1513 2312 ducebantur
1531 2285 1609 2329 per
1629 2285 1851 2315 eremum
1839 2292 1865 2330 ,

475 2350 518 2386 et
534 2355 635 2385 cum
653 2339 871 2385 interfecti
892 2348 1032 2384 essent
1047 2339 1094 2382 in
1115 2338 1223 2382 mari
1243 2339 1387 2384 hostes
1405 2355 1573 2398 eorum,
1589 2351 1633 2387 et
1649 2342 1854 2387 fluctibus

476 2413 621 2459 obruti
643 2422 783 2457 essent
815 2410 977 2456 inimici
1003 2425 1183 2466 eorum,
1219 2410 1574 2458 desideraverunt
1593 2413 1763 2459 idolum
1786 2413 1857 2460 ἰω-

477 2499 590 2540 cere,
607 2484 710 2545 quia
731 2497 822 2527 non
838 2481 1041 2528 viderunt
1061 2485 1259 2540 Moysen,
1279 2490 1322 2527 et
1343 2498 1431 2527 non
1453 2483 1761 2529 intellexerunt
1786 2499 1853 2530 se-

475 2570 576 2601 cum
593 2564 851 2615 praesentem
872 2555 1060 2606 Deum³;
1076 2552 1178 2599 sed
1168 2569 1212 2598 ln
1229 2554 1458 2613 praesentia
1480 2555 1668 2600 hominis
1689 2555 1854 2601 haben-

529 2641 653 2675 ¹.Rom
679 2650 726 2681 w,
747 2646 800 2681 12,
815 2641 849 2673 et
868 2637 937 2673 Gal.
960 2648 1028 2681 xm,
1045 2648 1079 2681 7,
1092 2654 1133 2663 -
1153 2644 1166 2663 ²
1186 2639 1267 2674 Gen.
1286 2648 1361 2682 xxV,
1381 2637 1436 2674 31.
1458 2655 1499 2665 -
1521 2637 1535 2667 3
1556 2639 1655 2680 Exod.
1670 2649 1828 2684 xxxu,1·

479 291 559 330 178
902 303 935 329 s.
971 301 1201 330 Ancus-nm
1235 302 1414 330 Errscom

1892 2051 1924 2293 3

1891 2296 1924 2474 3

1889 2475 1924 2752 3

1887 2785 1893 2982 3

1835 3068 1924 3309 3
