1924 3309
499 278 583 321 514
938 289 973 321 s.
1008 278 1238 323 Avensa-mi
1269 294 1450 325 tmscon

971 593 1203 657 SERMo
1238 594 1348 640 XLI
1362 596 1392 639 ¹.

488 755 551 798 De
571 768 624 799 eo
644 752 766 815 quod
785 755 995 814 scriptum
1017 763 1082 799 est
1104 753 1393 799 Ecclesiastiei
1414 769 1507 798 xxu
1534 772 1544 800 :
1565 751 1742 799 Fidem
1762 770 1878 814 pos-

545 823 648 870 side
669 840 778 870 cam
799 826 959 885 primo
979 826 1029 870 in
1046 832 1341 885 paupertate.
1374 826 1545 885 ipsius,
1577 835 1627 871 at
1661 835 1707 872 et
1741 824 1877 872 bonis

541 893 644 954 ejus
660 894 955 956 perfruarzs.

534 1054 571 1096 I.
596 1053 701 1098 CUM
723 1051 883 1098 divinae
911 1052 1147 1112 Scripturae
1170 1052 1420 1111 legerentur
1438 1086 1449 1107 ‚
1481 1051 1536 1095 de
1558 1066 1747 1111 quarum
1768 1066 1877 1097 sen·

476 1123 617 1167 tentiis
653 1123 860 1168 omnibus
900 1139 1020 1168 nunc
1054 1123 1176 1184 loqui
1209 1139 1301 1169 non
1333 1123 1552 1178 valemu8‚
1588 1122 1875 1168 animadverti

475 1209 610 1237 unam
632 1196 897 1239 sententiam
916 1229 927 1250 ‚
952 1194 1188 1239 verborum
1206 1209 1391 1238 numero
1414 1193 1729 1249 brevissimam,
1760 1209 1874 1254 pon-

476 1261 579 1307 dere
603 1272 751 1308 autem
770 1279 920 1308 sensus
956 1262 1289 1323 amplissimam,
1315 1263 1434 1307 unde
1462 1263 1600 1323 elegi,
1642 1265 1874 1324 adjuvante

475 1334 663 1379 Domino
678 1369 689 1390 ,
714 1333 816 1379 huic
841 1343 973 1378 tantae
1003 1334 1291 1393 expectationi
1313 1334 1548 1379 Charitatis
1582 1335 1742 1379 Vestrae
1760 1371 1770 1391 ‚
1795 1350 1875 1395 pro

477 1404 635 1449 virium
657 1414 904 1450 nostrarum
928 1404 1229 1450 mediocritate
1251 1406 1409 1450 servire
1428 1440 1439 1461 ,
1460 1415 1503 1450 et
1530 1405 1773 1450 ministrare
1794 1421 1874 1451 vo-

475 1475 541 1519 bis
563 1474 618 1520 de
640 1476 815 1521 cellario
833 1476 1076 1531 Dominieo,
1099 1475 1218 1519 unde
1234 1484 1278 1519 et
1294 1490 1375 1535 ego
1397 1475 1624 1520 vobiscum
1636 1476 1750 1522 vivo.
1770 1477 1874 1520 Haec

476 1561 580 1606 ergo
600 1548 814 1592 sententia
836 1557 922 1603 est,
947 1547 1002 1591 de
1025 1563 1113 1607 qua
1134 1546 1293 1607 loquor
1318 1566 1327 1591 ε
1357 1565 1377 1589 «
1406 1547 1558 1591 Fidem
1580 1545 1751 1606 posside
1773 1561 1875 1591 cum

478 1635 498 1659 »
535 1619 732 1678 proximo
753 1619 799 1664 in
820 1628 1079 1679 paupertate
1102 1619 1234 1679 ipsius
1247 1653 1258 1674 ‚
1284 1627 1334 1662 ut
1352 1627 1396 1662 et
1414 1618 1538 1662 bonis
1562 1620 1653 1679 ejus
1674 1618 1873 1678 perfrua-

478 1705 499 1728 »
534 1689 632 1731 ris2.
656 1708 676 1732 »
698 1690 974 1750 Accipiamus
995 1691 1108 1734 hanc
1127 1689 1318 1748 primum
1337 1697 1387 1733 ut
1410 1688 1585 1734 videtur
1601 1704 1753 1732 sonare
1770 1689 1873 1732 sim-

474 1755 669 1815 pliciter,
709 1767 760 1802 ut
783 1773 879 1801 eam
912 1766 1094 1816 possunt
1129 1759 1372 1814 intelligere
1407 1772 1557 1802 omnes
1575 1792 1586 1813 ,
1621 1758 1753 1802 etiam
1794 1758 1872 1818 qui

475 1826 598 1872 nulla
618 1828 938 1886 Scripturarum
957 1826 1205 1871 divinarum
1227 1827 1457 1871 secretiora
1490 1828 1719 1872 rimantur.
1752 1847 1773 1870 «
1794 1829 1871 1872 Fi-

479 1915 500 1939 »
534 1898 634 1942 dem
646 1933 657 1953 ‚
676 1898 836 1958 inquit,
852 1898 1024 1957 posside
1041 1913 1142 1942 cum
1160 1897 1358 1956 proximo
1381 1897 1426 1941 in
1441 1908 1699 1957 paupertate
1716 1899 1867 1959 ipsius,

475 1986 496 2010 »
530 1977 581 2012 ut
616 1978 660 2013 et
684 1968 810 2013 bonis
845 1970 937 2029 ejus
961 1967 1209 2028 perfruaris.
1239 1986 1260 2010 »
1288 1970 1454 2013 Verum
1483 1979 1575 2025 est,
1606 1970 1766 2030 inquit,
1791 1971 1869 2030 qui

472 2038 724 2098 simpliciter
747 2038 943 2084 audivit:
973 2039 1152 2099 quando
1188 2039 1352 2084 amicus
1375 2055 1542 2098 pauper
1575 2049 1666 2096 est,
1706 2056 1797 2085 non
1827 2040 1869 2084 ei

471 2109 715 2169 frangenda
737 2119 801 2154 est
823 2111 952 2168 fides3
972 2110 1319 2169 permanendum
1342 2125 1443 2153 cum
1466 2110 1541 2154 illo
1559 2120 1643 2165 est,
1665 2127 1745 2155 nec
1766 2127 1867 2155 mu-

473 2180 604 2225 tanda
625 2181 834 2232 amicitia,
854 2179 1063 2225 facultate
1086 2189 1279 2237 mutata3
1305 2179 1380 2223 sed
1406 2179 1616 2224 servanda
1641 2180 1765 2237 fides,
1786 2197 1867 2226 vo-

471 2251 641 2295 luntate
671 2252 855 2295 firmata.
881 2251 1056 2295 Amicus
1079 2251 1196 2294 enim
1226 2265 1349 2294 meus
1366 2285 1376 2305 ,
1402 2251 1557 2295 sicum
1579 2250 1699 2296 dives
1724 2261 1833 2296 esset
1853 2287 1864 2308 ‚

472 2323 635 2366 amicus
657 2322 767 2380 fuit3
791 2337 893 2366 cum
923 2336 1088 2382 pauper
1110 2330 1173 2364 est
1191 2355 1201 2375 ‚
1228 2320 1393 2364 amicus
1426 2337 1515 2365 non
1537 2331 1622 2379 est3
1657 2337 1746 2366 non
1774 2322 1864 2382 ipse

468 2392 577 2436 mihi
594 2393 757 2436 amicus
773 2427 785 2447 ,
809 2391 886 2436 sed
908 2406 1064 2436 aurum
1081 2391 1171 2451 ejus
1194 2390 1294 2434 fuit.
1319 2390 1363 2435 Si
1384 2400 1530 2435 autem
1553 2391 1717 2436 amicus
1739 2406 1863 2436 meus

472 2462 562 2521 ipse
575 2463 709 2507 homo
732 2461 840 2519 fuit3
864 2471 908 2507 et
928 2470 1132 2506 manente
1155 2477 1261 2505 auro
1278 2496 1290 2516 ‚
1316 2470 1358 2505 et
1382 2461 1609 2506 recedente
1631 2477 1754 2518 auro,
1773 2462 1864 2521 ipse

473 2541 537 2577 est
553 2533 630 2593 qui
646 2532 731 2577 fuit
752 2552 761 2577 :
787 2547 922 2592 quare
939 2547 1043 2592 ergo
1058 2530 1189 2576 modo
1205 2547 1295 2576 non
1312 2531 1366 2575 sit
1383 2531 1561 2587 amicus,
1576 2533 1650 2592 qui
1667 2532 1746 2577 etsi
1760 2547 1861 2592 per-

521 2635 528 2651 ¹
554 2628 637 2662 Alius
662 2641 715 2671 ιι,
735 2640 774 2662 ex
791 2629 1027 2663 Sirmoudianis.
1047 2645 1087 2652 -
1105 2635 1118 2651 ²
1137 2627 1236 2661 Eccli.
1256 2637 1337 2669 xxu,
1361 2629 1420 2661 28.
