1867 3320
326 309 464 334 sEnMO
499 309 544 333 ιι.
582 308 634 333 DE
666 306 934 334 TEN'rATionE
969 307 1158 335 ABRAHAE.
1353 300 1425 337 161

57 379 322 415 manserunt.
349 374 446 416 Non
470 371 585 414 enim
615 370 766 415 colunt
787 371 1006 415 Christum
1026 406 1035 424 ‚
1062 370 1200 429 qualis
1228 372 1435 429 praedica-

0 458 2 499 ᾗ
58 452 127 486 tur
148 443 193 485 in
210 442 462 500 Evangelio,
479 441 553 485 sed
571 441 744 502 qualem
766 442 843 500 ipsi
862 441 943 484 sibi
961 442 1191 484 finxerunt.
1207 444 1435 500 Propterea

0 502 2 509 Ι
57 528 184 572 super
207 512 402 556 velamen
423 513 615 557 stultitiae
646 529 735 557 suae
773 512 1008 565 naturalis,
1048 511 1217 556 addunt
1254 512 1437 557 alterum

57 581 252 627 velamen
275 598 486 642 perversae
511 583 739 642 opinionis.
764 587 817 626 Et
839 584 1016 643 quando
1040 597 1115 641 per
1138 582 1300 641 duplex
1322 583 1439 626 vela-

59 668 158 697 men
175 653 333 711 poterit
354 653 489 697 videri
508 653 628 713 quod
645 653 763 698 lucet
782 654 826 697 in
845 653 1114 712 Evangelio?
1137 653 1341 712 Displicet
1364 654 1440 697 tibi

59 732 226 768 tentans
246 725 361 766 Deus
378 758 388 777 ‚
422 723 648 783 displiceat
678 724 754 768 tibi
779 733 950 768 tentans
985 725 1197 769 Christus.
1234 724 1318 769 Sed
1342 740 1443 768 cum

58 793 269 853 placuerit
291 794 372 838 tibi
394 804 566 838 tentans
581 795 804 848 Christus,
832 794 1000 853 placeat
1018 794 1098 838 tibi
1115 803 1287 839 tentans
1311 799 1440 839 Deus.

59 866 115 907 Et
135 865 330 909 Christus
348 864 463 908 enim
483 863 617 907 Filius
641 864 717 907 Dei
738 867 849 907 Deus
871 899 880 918 ,
915 874 957 908 et
979 880 1079 908 cum
1101 868 1227 908 Patre
1249 866 1445 910 Christus

2 936 5 945 “
58 950 170 978 unus
191 938 318 979 Deus.
334 935 416 978 Ubi
433 935 565 993 igitur
578 934 760 992 legimus
775 944 1016 979 tentantem
1032 937 1254 980 Christum
1270 939 1287 980 P
1301 940 1446 980 Evan-

59 1005 221 1064 gelium
243 1006 438 1066 loquitur
458 1024 466 1049 ε
493 1006 551 1049 ait
576 1005 692 1049 enim
716 1005 918 1065 Philippo
942 1026 950 1050 ;
981 1006 1137 1050 «Unde
1157 1023 1350 1051 ememus
1368 1024 1447 1066 pa-

4 1104 7 1107 >
63 1095 82 1118 »
117 1091 213 1130 nes,
239 1085 288 1119 ut
307 1075 575 1120 manducent
594 1076 640 1119 hi
653 1077 670 1119 P
683 1079 771 1120 »Et
785 1076 980 1135 sequitur
995 1076 1270 1135 Evangelista
1291 1095 1301 1122 .-
1321 1097 1341 1119 «
1355 1080 1447 1122 Hoc

62 1165 81 1188 »
117 1156 260 1190 autem
296 1146 497 1202 dicebat,
523 1156 693 1190 tentans
716 1147 831 1190 enirn
859 1166 867 1190 :
897 1148 986 1206 ipse
1010 1148 1125 1192 enim
1149 1148 1313 1192 sciebat
1341 1150 1448 1208 quid

62 1235 82 1257 »
117 1226 226 1260 esset
252 1215 493 1261 facturus¹.
525 1236 544 1257 »
572 1217 702 1260 Refer
732 1233 849 1261 nunc
873 1219 1066 1262 animum
1098 1219 1149 1263 ad
1189 1223 1328 1264 Deum
1353 1230 1448 1264 ten-

59 1296 222 1332 tantem
246 1287 467 1331 Abraham
490 1307 498 1331 2
533 1288 623 1346 ipse
646 1288 760 1332 enim
781 1290 943 1333 sciebat
966 1290 1074 1349 quid
1096 1301 1203 1335 esset
1233 1293 1443 1335 tacturus.

58 1357 318 1416 Agnoscitur
341 1366 530 1402 tentator
552 1358 751 1402 Christus
768 1394 777 1412 ,
814 1360 1060 1415 agnoscitur
1084 1370 1273 1405 tentator
1294 1364 1408 1405 Deus
1435 1381 1443 1404 :

58 1429 300 1486 corrigatur
320 1436 510 1471 tentator
526 1428 768 1472 haereticus.
790 1431 888 1472 Non
903 1431 1017 1472 enim
1034 1431 1092 1474 sic
1111 1440 1250 1474 tentat
1270 1432 1448 1475 haereti-

57 1513 133 1542 cus
149 1533 160 1552 ,
185 1497 408 1557 quomodo
431 1506 566 1542 tentat
594 1500 722 1541 Deus.
752 1501 866 1541 Deus
888 1500 1002 1541 enim
1027 1508 1191 1554 tentat,
1215 1510 1264 1544 ut
1286 1502 1451 1559 aperiat

59 1569 223 1613 homini
250 1588 258 1613 :
285 1569 512 1612 haereticus
533 1577 697 1620 tentat,
724 1577 772 1611 ut
795 1571 932 1611 Deum
953 1570 1031 1612 sibi
1055 1570 1247 1614 claudat.

120 1641 198 1682 [ΙΙ.
239 1642 355 1697 Ergo
395 1638 564 1682 noverit
595 1638 794 1683 Charitas
827 1641 977 1681 Vestra
1001 1674 1010 1692 ‚
1045 1640 1284 1683 tentatione
1313 1644 1449 1684 Deum

56 1724 145 1752 non
168 1709 211 1752 id
231 1724 354 1767 agere
369 1744 380 1763 ,
401 1719 450 1753 ut
472 1709 562 1768 ipse
584 1708 748 1768 aliquid
770 1719 1004 1767 cognoscat
1026 1711 1145 1769 quod
1170 1720 1270 1754 ante
1291 1713 1451 1755 nescie-

60 1777 131 1822 bat
150 1799 160 1834 3
180 1778 254 1821 sed
273 1788 321 1820 ut
343 1779 434 1836 ipso
457 1788 653 1822 tentante
668 1814 677 1832 ‚
705 1778 746 1822 id
772 1789 862 1833 est,
888 1780 1185 1838 interrogante
1204 1817 1215 1833 ⁷
1242 1782 1362 1841 quod
1385 1791 1448 1825 est

0 1868 2 1877 ¹
57 1849 99 1891 in
113 1848 289 1891 homine
302 1846 522 1892 occultum
540 1846 763 1905 prodatur.
779 1853 873 1891 Non
892 1851 1006 1891 enim
1023 1852 1105 1894 sibi
1130 1853 1261 1896 homo
1287 1853 1342 1896 ita
1365 1869 1436 1896 no-

0 1949 2 1961 .
58 1927 125 1963 tus
147 1929 239 1971 est,
266 1928 313 1962 ut
345 1918 539 1961 Creatori
558 1934 568 1967 ;
588 1933 669 1960 nce
692 1918 751 1960 sic
781 1932 892 1974 :eger
915 1918 994 1960 sibi
1015 1928 1142 1962 notus
1163 1931 1225 1964 est
1248 1956 1257 1974 ‚
1288 1932 1332 1965 ut
1352 1939 1444 1966 me-

0 2006 8 2020 ι’
55 1990 169 2033 dico.
197 1992 393 2046 AEg‘rotat
417 1990 546 2032 homo
568 2008 579 2045 3
604 1988 692 2045 ipse
716 1988 901 2045 patitur,
928 1987 1118 2032 medicus
1144 2006 1230 2033 non
1257 1993 1442 2049 patitur,

0 2067 9 2085 '¹
55 2069 96 2103 et
118 2059 173 2102 ab
210 2058 284 2102 illo
314 2059 388 2118 qui
413 2073 499 2102 non
526 2058 686 2117 patitur
706 2092 715 2109 ‚
750 2067 946 2116 expectat
976 2058 1125 2101 audire
1160 2061 1235 2118 qni
1261 2062 1438 2118 patitur.

4 2127 7 2131 ¹
58 2131 161 2174 Ideo
185 2131 227 2173 in
254 2129 423 2173 Psalmo
445 2129 602 2173 clamat
626 2129 787 2172 homo:
816 2148 832 2168 «
859 2129 924 2172 Ab
947 2129 1128 2173 occultis
1154 2132 1255 2173 ineis
1281 2133 1442 2176 munda

59 2218 79 2242 »
114 2216 207 2254 me,
230 2199 456 2243 Doniine².
486 2217 505 2239 »
533 2198 644 2251 Quia
668 2208 767 2242 sunt
799 2198 841 2241 in
866 2200 1042 2242 homine
1065 2201 1235 2243 occulta
1264 2201 1340 2259 ipsi
1362 2203 1439 2246 lio-

55 2271 160 2315 mini
184 2271 226 2314 in
250 2285 339 2329 quo
356 2278 457 2312 sunt
476 2289 487 2325 3
506 2278 549 2312 et
574 2284 661 2312 non
686 2268 957 2327 procedunt,
990 2286 1131 2328 neque
1154 2273 1409 2329 aperiuntur
1428 2311 1437 2321 ,

0 2360 8 2383 t
55 2356 197 2402 neque
218 2341 523 2394 inveniuntur,
558 2341 635 2383 nisi
671 2340 714 2383 in
742 2341 1067 2384 tentationibus.
1104 2342 1145 2385 Si
1173 2345 1283 2386 Deus
1306 2356 1436 2389 cessat

55 2419 244 2467 tentare,
268 2412 469 2469 magister
493 2420 627 2456 cessat
656 2412 825 2455 docere.
855 2412 937 2455 Sed
960 2415 1068 2455 Deus
1094 2421 1227 2457 tentat
1247 2451 1256 2465 ,
1287 2425 1332 2458 ut
1356 2418 1437 2460 ‹lo-

0 2502 11 2524 z·
55 2494 174 2542 ceat3
210 2483 410 2527 diabolus
444 2491 605 2534 tentat,
638 2483 940 2540 utde‹ripi;it³.
967 2483 1046 2525 Cui
1074 2493 1214 2527 tunicii
1251 2486 1327 2528 nisi
1366 2486 1435 2530 ἰΙΙι·

4 2572 10 2594 ·,
54 2555 127 2615 qui
161 2563 354 2599 tentatur
387 2552 556 2597 dederit
586 2553 731 2597 locum
750 2589 760 2605 ‚
789 2553 924 2596 inanis
950 2555 1128 2597 tentatio
1153 2566 1193 2599 vt
1219 2557 1432 2601 irridenda

105 2645 110 2660 ¹
132 2640 223 2671 Joan.
244 2649 286 2679 vi,
305 2639 336 2679 5,
351 2639 384 2668 (i.
407 2655 445 2660 —
475 2645 485 2660 ²
509 2637 587 2669 l’sal.
615 2649 700 2677 xviii,
725 2639 773 2670 13.
797 2655 836 2660 —-
862 2638 874 2659 ³
895 2638 978 2669 ltu-dat
997 2642 1025 2668 vl
1045 2639 1148 2671 Morus
1167 2642 1204 2671 ml
1226 2642 1340 2683 Ηώς».
1361 2655 1402 2673 ιν.

269 2702 422 2732 cxxiv.
1257 2700 1267 2732 1
1286 2700 1293 2733 1
