1867 3320
238 271 378 301 SERMO
409 274 526 312 xxm,
562 277 614 303 DE
648 265 672 304 3
706 279 837 307 vEnsu
870 282 1019 313 PSALMI
1051 288 1179 318 vafl.
1303 284 1385 323 3:15

24 338 136 398 gelio
151 339 242 398 jam
263 338 380 383 facta
401 348 654 396 narrentur,
688 343 817 403 longe
854 356 952 391 ante
983 351 1140 396 multos
1176 370 1305 401 annos
1343 360 1390 403 in

16 408 194 455 Psalmo
225 424 328 454 cum
360 407 509 454 futura
535 415 931 470 praenuntiarentur
947 453 959 474 ,
984 429 1188 481 tanquam
1214 436 1323 482 gesta
1346 438 1388 473 et

19 489 236 526 transacta
257 488 431 525 cantata
449 490 564 526 sunt.
596 501 615 525 «
636 484 858 531 Foderunt
877 523 888 543 ,
910 489 1053 549 inquit
1072 526 1083 546 ,
1108 508 1257 539 manus
1277 512 1389 542 meas

23 569 44 594 »
80 560 124 596 et
143 550 276 611 pedes
293 565 429 606 meos,
445 560 490 595 et
505 550 888 602 dinumeraverunt
906 561 1051 605 omnia
1072 576 1163 606 ossa
1185 578 1291 609 mea.
1307 568 1390 625 Ipsi

23 640 44 664 »
72 635 184 667 vero
199 620 585 666 consideraverunt
598 632 641 667 et
660 624 937 685 inspexerunt
953 645 1023 675 me
1041 651 1049 676 :
1065 632 1298 678 diviserunt
1315 636 1392 680 sibi

23 710 45 734 »
79 693 338 738 vestimenta
359 707 457 737 mea
472 727 484 748 ,
512 702 555 737 et
574 709 701 753 super
729 707 889 743 vestem
910 716 1048 746 meam
1070 703 1277 749 miserunt
1305 697 1394 750 sor-

24 781 45 805 »
81 765 214 808 tem1.
243 781 263 805 2)
284 763 442 807 Omnia
460 772 669 824 tanquam
700 770 912 825 praeterita
940 772 1166 829 dicuntur,
1187 784 1230 819 et
1250 775 1396 823 futura

22 833 338 894 praedicuntur.
370 833 491 878 Sicut
513 849 616 892 ergo
638 836 683 879 in
709 838 850 892 verbis
870 843 1072 898 praeteriti
1098 846 1300 904 temporis
1321 847 1394 892 lu-

21 913 120 950 tura
153 903 268 949 facta
292 904 591 963 significantur
627 925 636 951 z
662 907 720 951 sic
747 909 790 952 in
816 910 954 969 figura
976 916 1160 971 optantis
1191 931 1395 974 praenun-

21 974 168 1020 tiantis
189 990 313 1020 mens
341 974 624 1034 intelligenda
646 986 724 1021 est.
753 978 821 1022 Sic
842 988 885 1023 et
904 979 959 1024 de
989 984 1011 1025 J
1017 982 1100 1026 uda
1123 986 1291 1029 Domini
1310 996 1396 1031 tra-

0 1044 185 1102 ditore,
217 1055 429 1106 tanquam
453 1055 576 1106 optat
600 1046 639 1090 ei
658 1048 895 1107 Propheta,
922 1050 1040 1110 quod
1061 1062 1292 1098 venturum
1314 1071 1399 1100 esse

3 1115 235 1177 praedicit.
261 1119 319 1162 Et
340 1116 395 1160 de
419 1116 521 1176 ipsis
558 1117 721 1162 Judaeis
748 1138 755 1163 :
783 1137 803 1161 «
828 1120 944 1176 Fiat,
969 1122 1135 1182 inquit,
1160 1140 1302 1170 mensa
1324 1142 1398 1171 eo-

23 1204 45 1230 »
81 1203 179 1232 rum
192 1187 239 1232 in
254 1187 481 1247 laqueum,
502 1196 546 1231 et
566 1187 612 1231 in
633 1189 922 1245 venationem,
943 1201 985 1236 et
1003 1193 1047 1236 in
1069 1194 1316 1239 scandalum
1333 1199 1393 1239 ².»

21 1256 155 1311 Quod
172 1256 228 1302 de
248 1257 316 1301 his
344 1256 604 1316 praedictum
619 1273 710 1302 esse
722 1260 812 1302 sine
834 1259 1102 1306 dubitatione
1118 1266 1287 1322 exponit
1310 1285 1318 1310 :
1338 1267 1395 1310 si·

20 1337 96 1373 cut
117 1327 172 1372 de
209 1327 326 1372 Juda
357 1343 458 1388 quae
492 1328 576 1372 sub
599 1328 751 1373 eadem
778 1329 916 1388 figura
947 1334 1231 1390 praenuntiata
1266 1346 1391 1391 sunt,

0 1434 3 1442 .
20 1398 241 1459 apostolus
259 1401 412 1443 Petrus
431 1408 743 1443 commemorat
757 1400 789 1443 ³.

0 1466 3 1468 ³
78 1472 137 1514 Π.
161 1471 251 1516 Nec
271 1468 363 1513 sine
385 1484 516 1514 causa
543 1478 586 1513 et
605 1484 705 1528 quae
726 1468 874 1514 futura
896 1479 994 1514 sunt
1009 1506 1020 1526 ,
1045 1480 1251 1532 tanquam
1282 1484 1396 1519 tran-

0 1549 136 1589 tsacta
155 1539 380 1585 dicuntur.
402 1542 493 1584 Deo
515 1539 632 1583 enim
653 1539 713 1584 sic
735 1549 850 1584 certa
867 1550 989 1596 sunt,
1015 1551 1063 1585 ut
1073 1543 1160 1601 jam
1180 1559 1255 1601 pro
1278 1544 1396 1589 lactis

17 1610 265 1658 habeantur
285 1632 296 1669 3
321 1620 365 1656 et
393 1620 604 1671 tanquam
627 1620 781 1670 optans
805 1610 976 1655 videtur
997 1612 1136 1656 dicere
1154 1616 1362 1673 Propheta
1378 1651 1393 1670 ‚

17 1684 140 1744 quod
156 1692 325 1728 certum
348 1681 561 1742 praevidet
582 1697 672 1726 esse
688 1691 918 1726 venturum
939 1702 947 1726 z
974 1683 1078 1726 nihil
1101 1683 1233 1739 aliud,
1259 1703 1395 1744 quan-

17 1763 112 1800 tum
133 1754 240 1798 mihi
262 1752 460 1807 videtur,
486 1751 718 1796 ostendens
738 1787 748 1807 ,
774 1753 854 1796 nisi
877 1752 1000 1796 nobis
1030 1768 1115 1796 non
1133 1753 1287 1800 debere
1310 1757 1396 1801 ‹lis—

17 1824 176 1886 plicere
193 1823 412 1881 cognitam
434 1822 690 1867 sententiam
713 1822 806 1877 Dei,
820 1837 951 1882 quam
969 1823 1093 1866 fixam
1117 1824 1398 1871 immobilem-

48 1911 103 1940 ue
143 1893 383 1940 constituit.
425 1895 483 1936 Et
514 1891 613 1936 ideo
648 1892 694 1935 in
728 1892 902 1935 Actibus
930 1892 1255 1950 Apostolorum,
1295 1912 1394 1940 cum

17 1952 197 2028 quidam
226 1964 473 2023 Propheta,
505 1964 683 2007 nomine
714 1962 910 2020 Agabus,
941 1961 1188 2021 praediceret
1219 1976 1392 2023 aposto-

32 2051 109 2083 um
132 2033 319 2080 Paulum
340 2034 386 2077 in
409 2032 650 2076 Jerusalem
668 2047 692 2076 a
709 2031 867 2075 Judaeis
885 2031 1017 2075 multa
1039 2046 1124 2074 esse
1147 2047 1388 2090 passurum,

41 2115 60 2151 t
82 2120 220 2166 usque
249 2104 305 2150 ad
341 2102 514 2149 vincula
538 2111 849 2162 perventurum
871 2137 881 2156 ,
905 2116 1002 2145 cum
1027 2102 1105 2145 hoc
1131 2103 1277 2148 andito
1305 2107 1391 2150 lra-

81 2193 101 2222 s
118 2191 321 2223 revocare
334 2184 378 2219 et
394 2175 581 2219 retinere
598 2173 776 2228 vellent,
798 2188 851 2216 ne
874 2173 975 2216 illuc
994 2183 1185 2230 pergeret
1205 2194 1212 2218 :
1236 2195 1254 2216 «
1273 2178 1386 2228 Quid

77 2247 233 2302 facitis,
253 2246 414 2307 inquit,
438 2245 749 2290 conturbantes
769 2259 843 2288 cor
864 2258 1006 2286 mcum
1021 2246 1037 2284 ’ἰ
1063 2246 1148 2300 Ego
1168 2245 1279 2288 enim
1305 2264 1389 2291 non

78 2319 220 2364 solum
245 2317 429 2377 alligari,
445 2316 520 2362 sed
542 2318 671 2361 ctiam
694 2316 802 2360 mori
821 2323 988 2374 paratus
1008 2329 1099 2356 sum
1125 2330 1199 2373 pro
1220 2319 1393 2362 nominc

79 2389 255 2435 Domini
282 2389 418 2433 nostri
440 2391 544 2432 ,lesu
564 2386 766 2432 Cln·isti⁴.
798 2404 815 2426 »
842 2391 981 2443 Atque
1004 2384 1058 2426 ita
1083 2401 1179 2428 cnm
1202 2387 1391 2432 viderent

41 2472 174 2510 ratres
193 2461 464 2507 immobilem
485 2460 567 2505 viri
585 2460 637 2504 ad
657 2459 800 2503 omnia
821 2455 1069 2516 pont—reuda
1088 2460 1392 2510 constantiam,

57 2533 256 2579 ‘xeruntz
280 2551 301 2575 «
327 2532 425 2576 Fiat
448 2530 619 2575 Domini
650 2526 861 2574 voluntas.
892 2546 911 2569 »
936 2526 1156 2586 Numquid
1175 2544 1275 2586 crgo
1296 2546 1393 2588 qma

74 2625 84 2643 ¹
101 2619 181 2652 Psal.
202 2629 270 2660 xxr,
292 2629 345 2660 17,
365 2622 484 2651 cte.·-
504 2617 581 2649 ²1·1.
603 2625 710 2656 nrm,
732 2615 786 2647 23.
802 2630 840 2637 -
860 2612 872 2636 ³
891 2615 958 2646 Act.
978 2624 999 2652 ι,
1019 2623 1070 2645 ao.
1106 2631 1129 2634 ⁴
1161 2616 1174 2642 s·
1194 2615 1236 2645 Μ.
1260 2625 1324 2654 ιιι,
1348 2619 1394 2646 nri.

1178 2669 1239 2705 223.
