1924 3309
448 232 531 273 462
874 243 908 271 s.
943 240 1173 272 Anausnm
1205 244 1385 272 nmscom

449 416 1825 436 mmmmmwmmmmmmmmmmmmm

880 545 1109 594 SERMO
1153 546 1354 592 XXXVI
1369 547 1400 591 ¹.

441 712 504 754 De
528 724 580 754 eo
607 708 726 770 quod
748 708 956 768 scriptum
986 716 1050 751 est
1066 707 1111 751 in
1142 706 1382 751 Proverbiis
1407 705 1646 753 Salomonis
1668 723 1681 751 .-
1704 706 1827 753 Sunt

500 778 640 838 quise
653 777 818 823 divites
842 776 1080 840 affectant
1089 813 1104 834 ,
1131 775 1254 822 nihil
1269 775 1531 833 Izabentes,·
1551 785 1597 822 et
1616 785 1726 822 sant
1746 777 1830 835 qui

497 867 548 896 se
576 849 831 895 humiliant
846 886 856 902 ,
887 865 995 894 cam
1016 850 1111 894 sint
1134 847 1316 894 divites.
1341 847 1626 909 Redemptio
1648 849 1825 894 animae

497 922 592 966 viri
609 920 785 968 divitiae
798 920 899 984 ejus
917 939 925 966 :
942 936 1134 981 pauper
1156 928 1319 965 autem
1340 935 1436 965 non
1455 917 1626 983 suffert
1645 919 1820 965 minas.
1851 982 1853 984 Ι
1916 907 1919 946 f

1916 1010 1919 1025 »

494 1083 530 1125 Ι.
560 1082 716 1126 Sancta
740 1080 979 1139 Scriptura,
1004 1094 1104 1139 quae
1127 1078 1259 1123 modo
1281 1079 1328 1122 in
1349 1077 1528 1122 auribus
1544 1077 1694 1123 vestris
1710 1076 1824 1123 lecta

437 1160 521 1207 cst,
555 1151 783 1196 admonuit
813 1165 914 1205 nos,
950 1150 1039 1193 imo
1065 1164 1143 1208 per
1166 1149 1286 1193 illam
1321 1153 1437 1194 Deus
1458 1150 1534 1210 qui
1554 1149 1679 1205 jubet
1699 1150 1824 1195 nobis

435 1221 557 1281 loqui
579 1220 634 1265 ad
654 1236 731 1266 vos
747 1255 759 1276 ‚
784 1234 979 1280 quaerere
1003 1219 1230 1264 vobiscum
1258 1228 1301 1263 et
1322 1228 1586 1279 pertractare
1608 1218 1717 1280 quid
1737 1220 1792 1264 sit
1807 1254 1820 1276 ,

433 1300 476 1335 et
497 1291 606 1351 quid
626 1291 707 1335 sibi
729 1290 833 1335 velit
858 1287 980 1350 quod
1000 1288 1164 1333 lectum
1186 1297 1276 1334 est:
1305 1307 1326 1331 «
1352 1290 1465 1333 Sunt
1489 1288 1566 1349 qui
1592 1304 1637 1333 56
1666 1289 1822 1334 divites

434 1380 455 1404 »
489 1363 699 1408 affectant
719 1397 730 1417 ‚
759 1360 870 1405 nihil
900 1360 1141 1417 babentes·⁷
1176 1369 1220 1404 et
1245 1369 1348 1404 sunt
1370 1361 1446 1422 qui
1479 1376 1523 1404 se
1557 1359 1818 1416 humiliant,

433 1450 454 1475 »
489 1449 591 1479 cum
617 1433 704 1478 sint
725 1431 923 1476 divites2.
945 1433 1077 1476 »Non
1101 1431 1216 1475 enim
1238 1430 1537 1475 arbitrandum
1565 1439 1652 1487 est,
1677 1445 1820 1492 neque

428 1505 609 1550 omnino
630 1503 898 1549 credendum
913 1536 925 1557 ‚
944 1500 1066 1561 quod
1092 1500 1147 1545 de
1170 1501 1259 1546 istis
1277 1500 1457 1570 diyifiis,
1473 1501 1633 1562 quibus
1657 1501 1819 1546 inflan-

428 1585 500 1621 tur
520 1576 714 1637 superbi,
735 1574 789 1619 de
810 1573 1053 1620 visibilibus
1073 1573 1162 1618 istis
1183 1572 1281 1618 dico
1304 1582 1435 1634 atque
1460 1574 1641 1619 terrenis
1656 1609 1668 1629 ,
1690 1589 1819 1619 cura·

425 1648 537 1692 verit
553 1647 775 1706 Scriptura
789 1654 937 1690 sancta
953 1660 1032 1689 nos
1052 1643 1302 1700 admonere,
1320 1653 1371 1689 ut
1388 1644 1458 1689 vel
1474 1659 1543 1689 eas
1558 1660 1636 1704 pro
1656 1659 1816 1704 magno

425 1720 686 1773 habeamus,
707 1717 777 1762 vel
804 1732 895 1762 non
917 1717 1079 1760 habere
1094 1717 1337 1761 timeamus.
1358 1716 1476 1777 Quid
1498 1716 1614 1760 enim
1637 1715 1816 1776 prodest

422 1789 617 1845 homini,
645 1788 705 1833 ait
725 1787 904 1847 aliquis,
930 1786 1006 1845 qui
1025 1801 1068 1830 se
1098 1785 1278 1830 divitem
1308 1786 1445 1831 videri
1475 1786 1678 1842 affectat,
1712 1801 1813 1831 cum

423 1861 535 1905 nihil
549 1860 738 1905 habeat?
760 1862 898 1903 Istum
922 1858 1090 1902 notavit
1118 1857 1340 1916 Scriptura
1357 1867 1489 1916 atque
1510 1856 1807 1917 reprehendit.

424 1932 509 1977 Sed
531 1947 612 1976 nec
637 1930 711 1974 ille
732 1928 860 1974 valde
886 1926 1167 1971 admirandus
1200 1936 1276 1971 aut
1309 1926 1544 1972 imitandus
1573 1937 1637 1972 est
1666 1936 1710 1972 et
1729 1943 1810 1988 pro

416 2017 578 2061 magno
598 1998 841 2054 habendus,
867 2013 1000 2059 quem
1022 1997 1194 2042 videtur
1209 1997 1253 2040 in
1269 1995 1400 2042 laude
1416 1997 1624 2057 posuisse,
1644 1997 1680 2042 si
1696 2007 1808 2043 tem·
1843 2020 1846 2024 ¹

415 2073 583 2133 porales
602 2081 732 2132 atque
757 2080 948 2115 terrenas
969 2068 1140 2114 divitias
1162 2067 1438 2113 intellexeris.
1463 2087 1484 2112 «
1509 2071 1566 2113 Et
1586 2078 1710 2124 sunt,
1732 2069 1804 2113 in-

415 2162 436 2185 »
471 2144 594 2204 quit,
630 2142 771 2203 quise
793 2139 1053 2194 humiliant,
1084 2153 1185 2183 cum
1213 2139 1300 2183 sint
1329 2139 1501 2185 divites.
1529 2157 1550 2182 »
1573 2139 1653 2184 Ille
1683 2148 1800 2185 recte

412 2215 611 2275 displicet
632 2213 757 2259 nobis
775 2247 786 2268 ,
812 2211 889 2272 qui
915 2226 1016 2255 cum
1039 2209 1149 2254 nihil
1170 2210 1355 2266 habeat,
1380 2225 1424 2255 se
1457 2210 1639 2256 divitem
1663 2211 1799 2256 affec-

412 2295 502 2331 tat:
525 2284 660 2346 quid,
694 2285 774 2329 iste
803 2282 947 2343 placet
967 2281 1093 2327 nobis
1111 2316 1121 2336 ,
1157 2281 1234 2341 qui
1260 2296 1362 2326 cum
1398 2282 1454 2326 sit
1480 2280 1599 2327 dives
1616 2315 1629 2337 ‚
1653 2281 1799 2326 humi-

410 2356 487 2401 liat
510 2358 587 2401 se‘?
607 2358 738 2400 Forte
761 2354 904 2414 placet
924 2353 1027 2414 quia
1048 2351 1253 2396 humiliat
1274 2367 1317 2396 56
1338 2371 1346 2397 z
1374 2367 1464 2397 non
1487 2361 1634 2397 tamen
1656 2350 1799 2412 placet

408 2427 511 2487 quia
533 2425 652 2471 dives
670 2435 748 2471 est.

468 2500 524 2541 ΙΙ.
559 2496 834 2556 Accipiamus
856 2509 960 2553 ergo
988 2502 1030 2538 et
1051 2493 1135 2537 hoc
1157 2509 1165 2534 :
1191 2507 1281 2537 non
1310 2491 1568 2537 indecorum
1597 2501 1661 2537 est
1677 2527 1688 2548 ‚
1714 2507 1794 2537 nec

454 2600 463 2617 ¹
481 2593 565 2626 Alias
580 2593 622 2628 de
638 2595 795 2636 Tempore
814 2600 892 2626 212.
911 2607 953 2615 ·-
974 2598 985 2614 ²
1009 2593 1103 2623 Prov.
1121 2600 1189 2632 xm,
1213 2600 1243 2631 7.
