<?xml version="1.0" encoding="UTF-8"?>
<!DOCTYPE html PUBLIC "-//W3C//DTD XHTML 1.0 Transitional//EN"
    "http://www.w3.org/TR/xhtml1/DTD/xhtml1-transitional.dtd">
<html xmlns="http://www.w3.org/1999/xhtml" xml:lang="en" lang="en">
 <head>
  <title>
</title>
<meta http-equiv="Content-Type" content="text/html;charset=utf-8" />
  <meta name='ocr-system' content='tesseract 3.04.00' />
  <meta name='ocr-capabilities' content='ocr_page ocr_carea ocr_par ocr_line ocrx_word'/>
</head>
<body>
  <div class='ocr_page' id='page_1' title='image "./operaomniaaccura17auguuoft_0306.png"; bbox 0 0 1924 3309; ppageno 0'>
   <div class='ocr_carea' id='block_1_1' title="bbox 484 284 1423 323">
    <p class='ocr_par' dir='ltr' id='par_1_1' title="bbox 484 284 1423 323">
     <span class='ocr_line' id='line_1_1' title="bbox 484 284 1423 323; baseline -0.001 -1"><span class='ocrx_word' id='word_1_1' title='bbox 484 284 567 323; x_wconf 74' lang='lat'>296</span> <span class='ocrx_word' id='word_1_2' title='bbox 915 297 946 322; x_wconf 90' lang='lat' dir='ltr'>s.</span> <span class='ocrx_word' id='word_1_3' title='bbox 986 293 1213 322; x_wconf 67' lang='lat' dir='ltr'>Aucoswm</span> <span class='ocrx_word' id='word_1_4' title='bbox 1247 294 1423 322; x_wconf 77' lang='lat' dir='ltr'><strong>EPISCOPI</strong></span> 
     </span>
    </p>
   </div>
   <div class='ocr_carea' id='block_1_2' title="bbox 480 359 1917 1677">
    <p class='ocr_par' dir='ltr' id='par_1_2' title="bbox 480 359 1910 1124">
     <span class='ocr_line' id='line_1_2' title="bbox 482 359 1865 420; baseline 0.001 -16"><span class='ocrx_word' id='word_1_5' title='bbox 482 375 591 404; x_wconf 88' lang='lat' dir='ltr'>mus.</span> <span class='ocrx_word' id='word_1_6' title='bbox 605 361 759 404; x_wconf 83' lang='lat' dir='ltr'>Nonne</span> <span class='ocrx_word' id='word_1_7' title='bbox 772 360 1036 418; x_wconf 79' lang='lat' dir='ltr'>pauperibus</span> <span class='ocrx_word' id='word_1_8' title='bbox 1054 359 1180 418; x_wconf 87' lang='lat' dir='ltr'>plena</span> <span class='ocrx_word' id='word_1_9' title='bbox 1198 359 1368 402; x_wconf 77' lang='lat' dir='ltr'>omnia?</span> <span class='ocrx_word' id='word_1_10' title='bbox 1381 361 1534 405; x_wconf 88' lang='lat' dir='ltr'><strong>Nonne</strong></span> <span class='ocrx_word' id='word_1_11' title='bbox 1547 360 1721 420; x_wconf 87' lang='lat' dir='ltr'>pupillis</span> <span class='ocrx_word' id='word_1_12' title='bbox 1739 362 1865 420; x_wconf 90' lang='lat' dir='ltr'>plena</span> 
     </span>
     <span class='ocr_line' id='line_1_3' title="bbox 483 428 1869 491; baseline 0.001 -17"><span class='ocrx_word' id='word_1_13' title='bbox 483 438 586 474; x_wconf 87' lang='lat' dir='ltr'>sunt</span> <span class='ocrx_word' id='word_1_14' title='bbox 605 428 749 474; x_wconf 87' lang='lat' dir='ltr'>omnia</span> <span class='ocrx_word' id='word_1_15' title='bbox 764 430 782 473; x_wconf 79' lang='lat' dir='ltr'>P</span> <span class='ocrx_word' id='word_1_16' title='bbox 799 432 960 473; x_wconf 83' lang='lat' dir='ltr'>Tamen</span> <span class='ocrx_word' id='word_1_17' title='bbox 976 430 1088 473; x_wconf 85' lang='lat' dir='ltr'>inter</span> <span class='ocrx_word' id='word_1_18' title='bbox 1110 429 1255 473; x_wconf 87' lang='lat' dir='ltr'>omnia</span> <span class='ocrx_word' id='word_1_19' title='bbox 1273 444 1422 488; x_wconf 82' lang='lat' dir='ltr'>quaero</span> <span class='ocrx_word' id='word_1_20' title='bbox 1443 446 1697 490; x_wconf 81' lang='lat' dir='ltr'>pauperem,</span> <span class='ocrx_word' id='word_1_21' title='bbox 1719 447 1869 491; x_wconf 84' lang='lat' dir='ltr'>quaero</span> 
     </span>
     <span class='ocr_line' id='line_1_4' title="bbox 481 499 1872 562; baseline 0.001 -17"><span class='ocrx_word' id='word_1_22' title='bbox 481 500 713 562; x_wconf 88' lang='lat' dir='ltr'>pupillum.</span> <span class='ocrx_word' id='word_1_23' title='bbox 739 504 801 545; x_wconf 86' lang='lat' dir='ltr'>Ac</span> <span class='ocrx_word' id='word_1_24' title='bbox 820 501 939 560; x_wconf 86' lang='lat' dir='ltr'>prius</span> <span class='ocrx_word' id='word_1_25' title='bbox 958 499 1277 545; x_wconf 88' lang='lat' dir='ltr'>ostendendum</span> <span class='ocrx_word' id='word_1_26' title='bbox 1299 510 1364 545; x_wconf 84' lang='lat' dir='ltr'>est</span> <span class='ocrx_word' id='word_1_27' title='bbox 1382 502 1592 546; x_wconf 89' lang='lat' dir='ltr'>Charitati</span> <span class='ocrx_word' id='word_1_28' title='bbox 1615 505 1778 547; x_wconf 80' lang='lat' dir='ltr'>Vestrae</span> <span class='ocrx_word' id='word_1_29' title='bbox 1794 538 1805 558; x_wconf 82' lang='grc'>,</span> <span class='ocrx_word' id='word_1_30' title='bbox 1826 501 1872 547; x_wconf 87' lang='lat' dir='ltr'>id</span> 
     </span>
     <span class='ocr_line' id='line_1_5' title="bbox 481 571 1871 633; baseline 0 -16"><span class='ocrx_word' id='word_1_31' title='bbox 481 571 603 633; x_wconf 90' lang='lat' dir='ltr'>quod.</span> <span class='ocrx_word' id='word_1_32' title='bbox 632 580 858 632; x_wconf 81' lang='lat' dir='ltr'>putamuS‚</span> <span class='ocrx_word' id='word_1_33' title='bbox 891 587 977 617; x_wconf 90' lang='lat' dir='ltr'>non</span> <span class='ocrx_word' id='word_1_34' title='bbox 1013 572 1097 615; x_wconf 94' lang='lat' dir='ltr'>hoc</span> <span class='ocrx_word' id='word_1_35' title='bbox 1117 586 1208 616; x_wconf 89' lang='lat' dir='ltr'>esse</span> <span class='ocrx_word' id='word_1_36' title='bbox 1230 571 1350 631; x_wconf 88' lang='lat' dir='ltr'>quod</span> <span class='ocrx_word' id='word_1_37' title='bbox 1372 572 1622 631; x_wconf 82' lang='lat' dir='ltr'>quaerimus.</span> <span class='ocrx_word' id='word_1_38' title='bbox 1646 574 1732 626; x_wconf 83' lang='lat' dir='ltr'>Qui</span> <span class='ocrx_word' id='word_1_39' title='bbox 1755 574 1871 617; x_wconf 87' lang='lat' dir='ltr'>enim</span> 
     </span>
     <span class='ocr_line' id='line_1_6' title="bbox 480 643 1872 703; baseline 0.001 -16"><span class='ocrx_word' id='word_1_40' title='bbox 480 643 688 688; x_wconf 84' lang='lat' dir='ltr'>dicuntur</span> <span class='ocrx_word' id='word_1_41' title='bbox 711 659 923 702; x_wconf 79' lang='lat' dir='ltr'>pauperes</span> <span class='ocrx_word' id='word_1_42' title='bbox 946 653 989 687; x_wconf 87' lang='lat' dir='ltr'>et</span> <span class='ocrx_word' id='word_1_43' title='bbox 1010 652 1112 688; x_wconf 86' lang='lat' dir='ltr'>sunt</span> <span class='ocrx_word' id='word_1_44' title='bbox 1129 678 1139 697; x_wconf 88' lang='lat'>,</span> <span class='ocrx_word' id='word_1_45' title='bbox 1164 643 1210 686; x_wconf 92' lang='lat' dir='ltr'>in</span> <span class='ocrx_word' id='word_1_46' title='bbox 1231 659 1339 703; x_wconf 90' lang='lat' dir='ltr'>quos</span> <span class='ocrx_word' id='word_1_47' title='bbox 1362 659 1384 687; x_wconf 88' lang='lat' dir='ltr'>a</span> <span class='ocrx_word' id='word_1_48' title='bbox 1409 646 1497 687; x_wconf 88' lang='lat' dir='ltr'>Deo</span> <span class='ocrx_word' id='word_1_49' title='bbox 1518 644 1735 689; x_wconf 84' lang='lat' dir='ltr'>mandatae</span> <span class='ocrx_word' id='word_1_50' title='bbox 1758 644 1872 688; x_wconf 89' lang='lat' dir='ltr'>elee-</span> 
     </span>
     <span class='ocr_line' id='line_1_7' title="bbox 481 714 1872 774; baseline 0 -15"><span class='ocrx_word' id='word_1_51' title='bbox 481 730 676 773; x_wconf 85' lang='lat' dir='ltr'>mosynae</span> <span class='ocrx_word' id='word_1_52' title='bbox 706 715 819 758; x_wconf 89' lang='lat' dir='ltr'>fiunt</span> <span class='ocrx_word' id='word_1_53' title='bbox 837 750 848 769; x_wconf 87' lang='lat'>‚</span> <span class='ocrx_word' id='word_1_54' title='bbox 883 714 938 758; x_wconf 89' lang='lat' dir='ltr'>de</span> <span class='ocrx_word' id='word_1_55' title='bbox 965 715 1126 774; x_wconf 87' lang='lat' dir='ltr'>quibus</span> <span class='ocrx_word' id='word_1_56' title='bbox 1156 715 1345 759; x_wconf 74' lang='lat' dir='ltr'>fatemur</span> <span class='ocrx_word' id='word_1_57' title='bbox 1367 716 1604 774; x_wconf 88' lang='lat' dir='ltr'>seriptum:</span> <span class='ocrx_word' id='word_1_58' title='bbox 1635 735 1655 758; x_wconf 91' lang='lat'>«</span> <span class='ocrx_word' id='word_1_59' title='bbox 1690 715 1872 760; x_wconf 88' lang='lat' dir='ltr'>Include</span> 
     </span>
     <span class='ocr_line' id='line_1_8' title="bbox 484 784 1872 845; baseline 0.004 -21"><span class='ocrx_word' id='word_1_60' title='bbox 484 803 504 825; x_wconf 89' lang='lat'>»</span> <span class='ocrx_word' id='word_1_61' title='bbox 541 785 861 841; x_wconf 82' lang='lat' dir='ltr'>eleemosynam</span> <span class='ocrx_word' id='word_1_62' title='bbox 884 785 929 828; x_wconf 93' lang='lat' dir='ltr'>in</span> <span class='ocrx_word' id='word_1_63' title='bbox 952 784 1082 828; x_wconf 86' lang='lat' dir='ltr'>corde</span> <span class='ocrx_word' id='word_1_64' title='bbox 1100 787 1324 844; x_wconf 81' lang='lat' dir='ltr'>pauperis,</span> <span class='ocrx_word' id='word_1_65' title='bbox 1340 795 1383 829; x_wconf 89' lang='lat' dir='ltr'>et</span> <span class='ocrx_word' id='word_1_66' title='bbox 1399 785 1489 844; x_wconf 90' lang='lat' dir='ltr'>ipsa</span> <span class='ocrx_word' id='word_1_67' title='bbox 1510 786 1706 830; x_wconf 84' lang='lat' dir='ltr'>exorabit</span> <span class='ocrx_word' id='word_1_68' title='bbox 1727 801 1809 845; x_wconf 89' lang='lat' dir='ltr'>pro</span> <span class='ocrx_word' id='word_1_69' title='bbox 1833 795 1872 830; x_wconf 90' lang='lat' dir='ltr'>te</span> 
     </span>
     <span class='ocr_line' id='line_1_9' title="bbox 484 853 1906 914; baseline 0.002 -20"><span class='ocrx_word' id='word_1_70' title='bbox 484 871 504 894; x_wconf 88' lang='lat'>»</span> <span class='ocrx_word' id='word_1_71' title='bbox 540 855 805 898; x_wconf 90' lang='lat' dir='ltr'>Dominum¹</span> <span class='ocrx_word' id='word_1_72' title='bbox 834 874 843 898; x_wconf 77' lang='lat' dir='ltr'>z</span> <span class='ocrx_word' id='word_1_73' title='bbox 873 872 892 895; x_wconf 91' lang='lat'>»</span> <span class='ocrx_word' id='word_1_74' title='bbox 918 853 1115 897; x_wconf 79' lang='lat' dir='ltr'>abundat</span> <span class='ocrx_word' id='word_1_75' title='bbox 1142 854 1320 914; x_wconf 86' lang='lat' dir='ltr'>quidem</span> <span class='ocrx_word' id='word_1_76' title='bbox 1343 855 1426 898; x_wconf 90' lang='lat' dir='ltr'>hoc</span> <span class='ocrx_word' id='word_1_77' title='bbox 1449 869 1582 911; x_wconf 86' lang='lat' dir='ltr'>genus</span> <span class='ocrx_word' id='word_1_78' title='bbox 1610 854 1871 912; x_wconf 76' lang='lat' dir='ltr'>hominum3</span> <span class='ocrx_word' id='word_1_79' title='bbox 1904 879 1906 881; x_wconf 88' lang='lat'>·</span> 
     </span>
     <span class='ocr_line' id='line_1_10' title="bbox 481 924 1907 985; baseline -0.001 -16"><span class='ocrx_word' id='word_1_80' title='bbox 481 925 557 969; x_wconf 87' lang='lat' dir='ltr'>sed</span> <span class='ocrx_word' id='word_1_81' title='bbox 576 925 703 970; x_wconf 87' lang='lat' dir='ltr'>altius</span> <span class='ocrx_word' id='word_1_82' title='bbox 720 924 1032 984; x_wconf 82' lang='lat' dir='ltr'>intelligendus</span> <span class='ocrx_word' id='word_1_83' title='bbox 1054 935 1117 969; x_wconf 89' lang='lat' dir='ltr'>est</span> <span class='ocrx_word' id='word_1_84' title='bbox 1139 926 1216 969; x_wconf 86' lang='lat' dir='ltr'>iste</span> <span class='ocrx_word' id='word_1_85' title='bbox 1240 941 1419 985; x_wconf 82' lang='lat' dir='ltr'>pauper.</span> <span class='ocrx_word' id='word_1_86' title='bbox 1446 929 1507 969; x_wconf 91' lang='lat' dir='ltr'>De</span> <span class='ocrx_word' id='word_1_87' title='bbox 1534 924 1610 969; x_wconf 88' lang='lat' dir='ltr'>illo</span> <span class='ocrx_word' id='word_1_88' title='bbox 1633 940 1789 983; x_wconf 86' lang='lat' dir='ltr'>genere</span> <span class='ocrx_word' id='word_1_89' title='bbox 1811 934 1875 976; x_wconf 84' lang='lat' dir='ltr'>est</span> <span class='ocrx_word' id='word_1_90' title='bbox 1906 939 1907 943; x_wconf 74' lang='grc'>’</span> 
     </span>
     <span class='ocr_line' id='line_1_11' title="bbox 484 994 1910 1054; baseline -0.002 -16"><span class='ocrx_word' id='word_1_91' title='bbox 484 996 563 1039; x_wconf 89' lang='lat' dir='ltr'>iste</span> <span class='ocrx_word' id='word_1_92' title='bbox 583 1010 770 1053; x_wconf 85' lang='lat' dir='ltr'>pauper,</span> <span class='ocrx_word' id='word_1_93' title='bbox 791 994 846 1038; x_wconf 91' lang='lat' dir='ltr'>de</span> <span class='ocrx_word' id='word_1_94' title='bbox 861 1011 950 1053; x_wconf 90' lang='lat' dir='ltr'>quo</span> <span class='ocrx_word' id='word_1_95' title='bbox 969 994 1135 1039; x_wconf 87' lang='lat' dir='ltr'>dictum</span> <span class='ocrx_word' id='word_1_96' title='bbox 1159 1004 1222 1038; x_wconf 87' lang='lat' dir='ltr'>est</span> <span class='ocrx_word' id='word_1_97' title='bbox 1247 1015 1255 1039; x_wconf 89' lang='lat'><strong>:</strong></span> <span class='ocrx_word' id='word_1_98' title='bbox 1281 1014 1300 1037; x_wconf 91' lang='lat'>«</span> <span class='ocrx_word' id='word_1_99' title='bbox 1326 996 1445 1039; x_wconf 86' lang='lat' dir='ltr'>Beati</span> <span class='ocrx_word' id='word_1_100' title='bbox 1469 1010 1679 1054; x_wconf 83' lang='lat' dir='ltr'>pauperes</span> <span class='ocrx_word' id='word_1_101' title='bbox 1701 995 1871 1053; x_wconf 78' lang='lat' dir='ltr'>spiritu,</span> <span class='ocrx_word' id='word_1_102' title='bbox 1908 1031 1910 1034; x_wconf 76' lang='grc'>,</span> 
     </span>
     <span class='ocr_line' id='line_1_12' title="bbox 486 1064 1876 1124; baseline 0.002 -19"><span class='ocrx_word' id='word_1_103' title='bbox 486 1082 507 1106; x_wconf 86' lang='lat'>»</span> <span class='ocrx_word' id='word_1_104' title='bbox 542 1064 751 1124; x_wconf 86' lang='lat' dir='ltr'>quoniam</span> <span class='ocrx_word' id='word_1_105' title='bbox 773 1065 965 1124; x_wconf 87' lang='lat' dir='ltr'>ipsorum</span> <span class='ocrx_word' id='word_1_106' title='bbox 984 1075 1047 1109; x_wconf 90' lang='lat' dir='ltr'>est</span> <span class='ocrx_word' id='word_1_107' title='bbox 1063 1080 1243 1122; x_wconf 84' lang='lat' dir='ltr'>regnum</span> <span class='ocrx_word' id='word_1_108' title='bbox 1268 1065 1521 1109; x_wconf 75' lang='lat' dir='ltr'>coelorum2.</span> <span class='ocrx_word' id='word_1_109' title='bbox 1546 1083 1565 1105; x_wconf 86' lang='lat'>»</span> <span class='ocrx_word' id='word_1_110' title='bbox 1589 1067 1700 1109; x_wconf 89' lang='lat' dir='ltr'>Sunt</span> <span class='ocrx_word' id='word_1_111' title='bbox 1717 1079 1876 1123; x_wconf 89' lang='lat' dir='ltr'>paupe·</span> 
     </span>
    </p>

    <p class='ocr_par' dir='ltr' id='par_1_3' title="bbox 484 1135 1875 1196">
     <span class='ocr_line' id='line_1_13' title="bbox 484 1135 1875 1196; baseline 0 -18"><span class='ocrx_word' id='word_1_112' title='bbox 484 1150 549 1178; x_wconf 87' lang='lat' dir='ltr'>res</span> <span class='ocrx_word' id='word_1_113' title='bbox 570 1151 660 1179; x_wconf 90' lang='lat' dir='ltr'>non</span> <span class='ocrx_word' id='word_1_114' title='bbox 682 1136 892 1179; x_wconf 87' lang='lat' dir='ltr'>habentes</span> <span class='ocrx_word' id='word_1_115' title='bbox 913 1136 1144 1194; x_wconf 90' lang='lat' dir='ltr'>pecuniam</span> <span class='ocrx_word' id='word_1_116' title='bbox 1162 1171 1173 1190; x_wconf 84' lang='lat'>,</span> <span class='ocrx_word' id='word_1_117' title='bbox 1197 1137 1363 1180; x_wconf 88' lang='lat' dir='ltr'>victum</span> <span class='ocrx_word' id='word_1_118' title='bbox 1386 1135 1694 1196; x_wconf 86' lang='lat' dir='ltr'>quotidianum</span> <span class='ocrx_word' id='word_1_119' title='bbox 1711 1136 1782 1179; x_wconf 86' lang='lat' dir='ltr'>vix</span> <span class='ocrx_word' id='word_1_120' title='bbox 1805 1136 1875 1178; x_wconf 92' lang='lat' dir='ltr'>in-</span> 
     </span>
    </p>

    <p class='ocr_par' dir='ltr' id='par_1_4' title="bbox 483 1205 1917 1677">
     <span class='ocr_line' id='line_1_14' title="bbox 485 1205 1914 1264; baseline -0.001 -15"><span class='ocrx_word' id='word_1_121' title='bbox 485 1205 707 1251; x_wconf 85' lang='lat' dir='ltr'>venientes</span> <span class='ocrx_word' id='word_1_122' title='bbox 724 1240 735 1260; x_wconf 87' lang='lat'>‚</span> <span class='ocrx_word' id='word_1_123' title='bbox 762 1205 910 1249; x_wconf 89' lang='lat' dir='ltr'>alienis</span> <span class='ocrx_word' id='word_1_124' title='bbox 942 1206 1120 1264; x_wconf 87' lang='lat' dir='ltr'>opibus,</span> <span class='ocrx_word' id='word_1_125' title='bbox 1145 1205 1440 1250; x_wconf 83' lang='lat' dir='ltr'>misericordia</span> <span class='ocrx_word' id='word_1_126' title='bbox 1460 1207 1519 1250; x_wconf 88' lang='lat' dir='ltr'>sic</span> <span class='ocrx_word' id='word_1_127' title='bbox 1535 1205 1802 1264; x_wconf 82' lang='lat' dir='ltr'>indigentes,</span> <span class='ocrx_word' id='word_1_128' title='bbox 1827 1215 1878 1250; x_wconf 91' lang='lat' dir='ltr'>ut</span> <span class='ocrx_word' id='word_1_129' title='bbox 1912 1214 1914 1247; x_wconf 67' lang='grc' dir='ltr'>ἕ</span> 
     </span>
     <span class='ocr_line' id='line_1_15' title="bbox 483 1275 1916 1327; baseline 0 -7"><span class='ocrx_word' id='word_1_130' title='bbox 483 1277 616 1321; x_wconf 88' lang='lat' dir='ltr'>etiam</span> <span class='ocrx_word' id='word_1_131' title='bbox 646 1275 896 1327; x_wconf 84' lang='lat' dir='ltr'>mendicare</span> <span class='ocrx_word' id='word_1_132' title='bbox 919 1291 1009 1320; x_wconf 89' lang='lat' dir='ltr'>non</span> <span class='ocrx_word' id='word_1_133' title='bbox 1037 1277 1295 1321; x_wconf 84' lang='lat' dir='ltr'>erubescant</span> <span class='ocrx_word' id='word_1_134' title='bbox 1319 1296 1327 1322; x_wconf 88' lang='lat'>:</span> <span class='ocrx_word' id='word_1_135' title='bbox 1353 1278 1386 1321; x_wconf 84' lang='lat' dir='ltr'>si</span> <span class='ocrx_word' id='word_1_136' title='bbox 1408 1277 1462 1321; x_wconf 91' lang='lat' dir='ltr'>de</span> <span class='ocrx_word' id='word_1_137' title='bbox 1486 1276 1551 1320; x_wconf 87' lang='lat' dir='ltr'>his</span> <span class='ocrx_word' id='word_1_138' title='bbox 1572 1275 1740 1321; x_wconf 88' lang='lat' dir='ltr'>dictum</span> <span class='ocrx_word' id='word_1_139' title='bbox 1775 1285 1838 1320; x_wconf 88' lang='lat' dir='ltr'>est</span> <span class='ocrx_word' id='word_1_140' title='bbox 1865 1295 1874 1320; x_wconf 77' lang='grc' dir='ltr'>ε</span> <span class='ocrx_word' id='word_1_141' title='bbox 1914 1294 1916 1301; x_wconf 65' lang='grc'>’</span> 
     </span>
     <span class='ocr_line' id='line_1_16' title="bbox 487 1346 1877 1408; baseline 0.001 -19"><span class='ocrx_word' id='word_1_142' title='bbox 487 1367 509 1390; x_wconf 86' lang='lat'>«</span> <span class='ocrx_word' id='word_1_143' title='bbox 545 1346 640 1392; x_wconf 85' lang='lat' dir='ltr'>Tibi</span> <span class='ocrx_word' id='word_1_144' title='bbox 659 1346 893 1391; x_wconf 89' lang='lat' dir='ltr'>derelictus</span> <span class='ocrx_word' id='word_1_145' title='bbox 913 1357 978 1391; x_wconf 88' lang='lat' dir='ltr'>est</span> <span class='ocrx_word' id='word_1_146' title='bbox 1000 1363 1166 1407; x_wconf 83' lang='lat' dir='ltr'>pauper</span> <span class='ocrx_word' id='word_1_147' title='bbox 1181 1370 1192 1406; x_wconf 77' lang='lat'><em>3</em></span> <span class='ocrx_word' id='word_1_148' title='bbox 1209 1368 1228 1390; x_wconf 92' lang='lat'>»</span> <span class='ocrx_word' id='word_1_149' title='bbox 1248 1364 1326 1393; x_wconf 90' lang='lat' dir='ltr'>nos</span> <span class='ocrx_word' id='word_1_150' title='bbox 1352 1348 1459 1408; x_wconf 90' lang='lat' dir='ltr'>quid</span> <span class='ocrx_word' id='word_1_151' title='bbox 1482 1347 1677 1404; x_wconf 85' lang='lat' dir='ltr'>facimus,</span> <span class='ocrx_word' id='word_1_152' title='bbox 1701 1348 1776 1408; x_wconf 87' lang='lat' dir='ltr'>qui</span> <span class='ocrx_word' id='word_1_153' title='bbox 1794 1349 1877 1392; x_wconf 86' lang='lat' dir='ltr'>hoc</span> 
     </span>
     <span class='ocr_line' id='line_1_17' title="bbox 485 1419 1878 1479; baseline 0.001 -18"><span class='ocrx_word' id='word_1_154' title='bbox 485 1433 576 1462; x_wconf 90' lang='lat' dir='ltr'>non</span> <span class='ocrx_word' id='word_1_155' title='bbox 598 1419 779 1461; x_wconf 73' lang='lat' dir='ltr'>sumus?</span> <span class='ocrx_word' id='word_1_156' title='bbox 801 1420 918 1476; x_wconf 86' lang='lat' dir='ltr'>Ergo</span> <span class='ocrx_word' id='word_1_157' title='bbox 945 1434 1025 1463; x_wconf 89' lang='lat' dir='ltr'>nos</span> <span class='ocrx_word' id='word_1_158' title='bbox 1057 1419 1134 1479; x_wconf 89' lang='lat' dir='ltr'>qui</span> <span class='ocrx_word' id='word_1_159' title='bbox 1155 1420 1390 1464; x_wconf 85' lang='lat' dir='ltr'>Christiani</span> <span class='ocrx_word' id='word_1_160' title='bbox 1413 1435 1561 1464; x_wconf 88' lang='lat' dir='ltr'>sumus</span> <span class='ocrx_word' id='word_1_161' title='bbox 1577 1455 1588 1475; x_wconf 85' lang='lat'>‚</span> <span class='ocrx_word' id='word_1_162' title='bbox 1620 1435 1709 1464; x_wconf 90' lang='lat' dir='ltr'>non</span> <span class='ocrx_word' id='word_1_163' title='bbox 1730 1433 1878 1462; x_wconf 90' lang='lat' dir='ltr'>sumus</span> 
     </span>
     <span class='ocr_line' id='line_1_18' title="bbox 487 1487 1914 1550; baseline 0 -18"><span class='ocrx_word' id='word_1_164' title='bbox 487 1491 577 1532; x_wconf 91' lang='lat' dir='ltr'>Deo</span> <span class='ocrx_word' id='word_1_165' title='bbox 599 1487 824 1533; x_wconf 79' lang='lat' dir='ltr'>derelicti?</span> <span class='ocrx_word' id='word_1_166' title='bbox 842 1492 897 1534; x_wconf 89' lang='lat' dir='ltr'>Et</span> <span class='ocrx_word' id='word_1_167' title='bbox 914 1505 1014 1549; x_wconf 85' lang='lat' dir='ltr'>quae</span> <span class='ocrx_word' id='word_1_168' title='bbox 1033 1490 1115 1534; x_wconf 88' lang='lat' dir='ltr'>alia</span> <span class='ocrx_word' id='word_1_169' title='bbox 1132 1491 1257 1534; x_wconf 87' lang='lat' dir='ltr'>nobis</span> <span class='ocrx_word' id='word_1_170' title='bbox 1278 1507 1373 1550; x_wconf 89' lang='lat' dir='ltr'>spes</span> <span class='ocrx_word' id='word_1_171' title='bbox 1390 1501 1469 1546; x_wconf 85' lang='lat' dir='ltr'>est,</span> <span class='ocrx_word' id='word_1_172' title='bbox 1488 1492 1522 1536; x_wconf 87' lang='lat' dir='ltr'>si</span> <span class='ocrx_word' id='word_1_173' title='bbox 1543 1506 1633 1536; x_wconf 89' lang='lat' dir='ltr'>non</span> <span class='ocrx_word' id='word_1_174' title='bbox 1648 1505 1797 1535; x_wconf 87' lang='lat' dir='ltr'>sumus</span> <span class='ocrx_word' id='word_1_175' title='bbox 1814 1488 1877 1532; x_wconf 90' lang='lat' dir='ltr'>illi</span> <span class='ocrx_word' id='word_1_176' title='bbox 1913 1545 1914 1548; x_wconf 11' lang='grc' dir='ltr'><strong>Ἰ</strong></span> 
     </span>
     <span class='ocr_line' id='line_1_19' title="bbox 485 1557 1917 1677; baseline 0.002 -75"><span class='ocrx_word' id='word_1_177' title='bbox 485 1557 683 1603; x_wconf 85' lang='lat' dir='ltr'>derelicti</span> <span class='ocrx_word' id='word_1_178' title='bbox 701 1594 713 1614; x_wconf 84' lang='lat'>‚</span> <span class='ocrx_word' id='word_1_179' title='bbox 739 1559 818 1619; x_wconf 88' lang='lat' dir='ltr'>qui</span> <span class='ocrx_word' id='word_1_180' title='bbox 835 1575 913 1605; x_wconf 87' lang='lat' dir='ltr'>nos</span> <span class='ocrx_word' id='word_1_181' title='bbox 932 1577 1022 1605; x_wconf 89' lang='lat' dir='ltr'>non</span> <span class='ocrx_word' id='word_1_182' title='bbox 1045 1560 1344 1621; x_wconf 75' lang='lat' dir='ltr'>derelinquit?</span> <span class='ocrx_word' id='word_1_183' title='bbox 1911 1567 1917 1677; x_wconf 46' lang='grc' dir='ltr'><strong>ζ</strong></span> 
     </span>
    </p>
   </div>
   <div class='ocr_carea' id='block_1_3' title="bbox 484 1630 1878 1757">
    <p class='ocr_par' dir='ltr' id='par_1_5' title="bbox 484 1630 1878 1757">
     <span class='ocr_line' id='line_1_20' title="bbox 543 1630 1878 1691; baseline 0.001 -21"><span class='ocrx_word' id='word_1_184' title='bbox 543 1630 602 1671; x_wconf 84' lang='grc' dir='ltr'>ΙΙ.</span> <span class='ocrx_word' id='word_1_185' title='bbox 633 1630 792 1674; x_wconf 89' lang='lat' dir='ltr'>Discite</span> <span class='ocrx_word' id='word_1_186' title='bbox 815 1645 918 1689; x_wconf 85' lang='lat' dir='ltr'>ergo</span> <span class='ocrx_word' id='word_1_187' title='bbox 941 1647 1030 1675; x_wconf 89' lang='lat' dir='ltr'>esse</span> <span class='ocrx_word' id='word_1_188' title='bbox 1053 1647 1264 1691; x_wconf 86' lang='lat' dir='ltr'>pauperes</span> <span class='ocrx_word' id='word_1_189' title='bbox 1289 1642 1332 1674; x_wconf 88' lang='lat' dir='ltr'>et</span> <span class='ocrx_word' id='word_1_190' title='bbox 1356 1636 1446 1675; x_wconf 87' lang='lat' dir='ltr'>Deo</span> <span class='ocrx_word' id='word_1_191' title='bbox 1468 1633 1685 1690; x_wconf 80' lang='lat' dir='ltr'>relinqui,</span> <span class='ocrx_word' id='word_1_192' title='bbox 1711 1643 1737 1672; x_wconf 93' lang='lat' dir='ltr'>o</span> <span class='ocrx_word' id='word_1_193' title='bbox 1754 1646 1878 1673; x_wconf 84' lang='lat' dir='ltr'>com-</span> 
     </span>
     <span class='ocr_line' id='line_1_21' title="bbox 484 1695 1878 1757; baseline 0.001 -16"><span class='ocrx_word' id='word_1_194' title='bbox 484 1711 698 1757; x_wconf 89' lang='lat' dir='ltr'>pauperes</span> <span class='ocrx_word' id='word_1_195' title='bbox 720 1695 821 1739; x_wconf 88' lang='lat' dir='ltr'>mei.</span> <span class='ocrx_word' id='word_1_196' title='bbox 845 1699 969 1740; x_wconf 89' lang='lat' dir='ltr'>Dives</span> <span class='ocrx_word' id='word_1_197' title='bbox 991 1711 1056 1740; x_wconf 74' lang='lat' dir='ltr'>esi</span> <span class='ocrx_word' id='word_1_198' title='bbox 1071 1731 1081 1750; x_wconf 82' lang='lat'>‚</span> <span class='ocrx_word' id='word_1_199' title='bbox 1107 1702 1319 1755; x_wconf 73' lang='lat' dir='ltr'>superbus</span> <span class='ocrx_word' id='word_1_200' title='bbox 1341 1709 1419 1741; x_wconf 87' lang='lat' dir='ltr'>est.</span> <span class='ocrx_word' id='word_1_201' title='bbox 1447 1703 1554 1742; x_wconf 85' lang='lat' dir='ltr'>Nam</span> <span class='ocrx_word' id='word_1_202' title='bbox 1578 1706 1621 1741; x_wconf 86' lang='lat' dir='ltr'>et</span> <span class='ocrx_word' id='word_1_203' title='bbox 1642 1698 1688 1741; x_wconf 91' lang='lat' dir='ltr'>in</span> <span class='ocrx_word' id='word_1_204' title='bbox 1717 1698 1878 1742; x_wconf 84' lang='lat' dir='ltr'>divitiis</span> 
     </span>
    </p>
   </div>
   <div class='ocr_carea' id='block_1_4' title="bbox 484 1765 1923 1995">
    <p class='ocr_par' dir='ltr' id='par_1_6' title="bbox 484 1765 1923 1995">
     <span class='ocr_line' id='line_1_22' title="bbox 484 1765 1874 1827; baseline -0.001 -15"><span class='ocrx_word' id='word_1_205' title='bbox 484 1768 589 1822; x_wconf 80' lang='lat' dir='ltr'>istis,</span> <span class='ocrx_word' id='word_1_206' title='bbox 611 1782 712 1827; x_wconf 83' lang='lat' dir='ltr'>quae</span> <span class='ocrx_word' id='word_1_207' title='bbox 733 1765 867 1824; x_wconf 81' lang='lat' dir='ltr'>vulgo</span> <span class='ocrx_word' id='word_1_208' title='bbox 883 1765 1160 1825; x_wconf 85' lang='lat' dir='ltr'>appellantur</span> <span class='ocrx_word' id='word_1_209' title='bbox 1185 1767 1364 1821; x_wconf 82' lang='lat' dir='ltr'>divitiae,</span> <span class='ocrx_word' id='word_1_210' title='bbox 1391 1767 1552 1826; x_wconf 88' lang='lat' dir='ltr'>quibus</span> <span class='ocrx_word' id='word_1_211' title='bbox 1575 1777 1640 1811; x_wconf 89' lang='lat' dir='ltr'>est</span> <span class='ocrx_word' id='word_1_212' title='bbox 1662 1769 1874 1812; x_wconf 85' lang='lat' dir='ltr'>contraria</span> 
     </span>
     <span class='ocr_line' id='line_1_23' title="bbox 485 1837 1923 1964; baseline -0.001 -80"><span class='ocrx_word' id='word_1_213' title='bbox 485 1837 675 1897; x_wconf 84' lang='lat' dir='ltr'>vulgaris</span> <span class='ocrx_word' id='word_1_214' title='bbox 698 1838 777 1881; x_wconf 85' lang='lat' dir='ltr'>ista</span> <span class='ocrx_word' id='word_1_215' title='bbox 807 1845 1065 1895; x_wconf 80' lang='lat' dir='ltr'>paupertas;</span> <span class='ocrx_word' id='word_1_216' title='bbox 1092 1839 1138 1880; x_wconf 90' lang='lat' dir='ltr'>in</span> <span class='ocrx_word' id='word_1_217' title='bbox 1160 1837 1319 1881; x_wconf 84' lang='lat' dir='ltr'>divitiis</span> <span class='ocrx_word' id='word_1_218' title='bbox 1341 1853 1444 1896; x_wconf 79' lang='lat' dir='ltr'>ergo</span> <span class='ocrx_word' id='word_1_219' title='bbox 1474 1839 1562 1882; x_wconf 88' lang='lat' dir='ltr'>istis</span> <span class='ocrx_word' id='word_1_220' title='bbox 1595 1838 1701 1881; x_wconf 91' lang='lat' dir='ltr'>nihil</span> <span class='ocrx_word' id='word_1_221' title='bbox 1728 1847 1790 1882; x_wconf 90' lang='lat' dir='ltr'>est</span> <span class='ocrx_word' id='word_1_222' title='bbox 1818 1838 1876 1882; x_wconf 87' lang='lat' dir='ltr'>sic</span> <span class='ocrx_word' id='word_1_223' title='bbox 1917 1852 1923 1964; x_wconf 56' lang='grc' dir='ltr'>ι</span> 
     </span>
     <span class='ocr_line' id='line_1_24' title="bbox 1920 1966 1923 1995; baseline 0 0"><span class='ocrx_word' id='word_1_224' title='bbox 1920 1966 1923 1995; x_wconf 68' lang='lat'>1</span> 
     </span>
    </p>
   </div>
   <div class='ocr_carea' id='block_1_5' title="bbox 1881 197 1890 437">
    <p class='ocr_par' dir='ltr' id='par_1_7' title="bbox 1881 197 1890 437">
     <span class='ocr_line' id='line_1_25' title="bbox 1881 197 1890 437; baseline 0 2872"><span class='ocrx_word' id='word_1_225' title='bbox 1881 197 1890 437; x_wconf 95' lang='lat' dir='ltr'> </span> 
     </span>
    </p>
   </div>
   <div class='ocr_carea' id='block_1_6' title="bbox 1895 454 1898 471">
    <p class='ocr_par' dir='ltr' id='par_1_8' title="bbox 1895 454 1898 471">
     <span class='ocr_line' id='line_1_26' title="bbox 1895 454 1898 471; baseline 0 0"><span class='ocrx_word' id='word_1_226' title='bbox 1895 454 1898 471; x_wconf 70' lang='lat'>1</span> 
     </span>
    </p>
   </div>
   <div class='ocr_carea' id='block_1_7' title="bbox 1884 439 1895 646">
    <p class='ocr_par' dir='ltr' id='par_1_9' title="bbox 1884 439 1895 646">
     <span class='ocr_line' id='line_1_27' title="bbox 1884 439 1895 646; baseline 0 2663"><span class='ocrx_word' id='word_1_227' title='bbox 1884 439 1895 646; x_wconf 95' lang='lat' dir='ltr'> </span> 
     </span>
    </p>
   </div>
   <div class='ocr_carea' id='block_1_8' title="bbox 1907 1354 1914 1547">
    <p class='ocr_par' dir='ltr' id='par_1_10' title="bbox 1907 1354 1914 1547">
     <span class='ocr_line' id='line_1_28' title="bbox 1907 1354 1914 1547; baseline 0 1762"><span class='ocrx_word' id='word_1_228' title='bbox 1907 1354 1914 1547; x_wconf 95' lang='lat' dir='ltr'> </span> 
     </span>
    </p>
   </div>
   <div class='ocr_carea' id='block_1_9' title="bbox 1914 1705 1920 1838">
    <p class='ocr_par' dir='ltr' id='par_1_11' title="bbox 1914 1705 1920 1838">
     <span class='ocr_line' id='line_1_29' title="bbox 1914 1705 1920 1838; baseline 0 1471"><span class='ocrx_word' id='word_1_229' title='bbox 1914 1705 1920 1838; x_wconf 95' lang='lat' dir='ltr'> </span> 
     </span>
    </p>
   </div>
   <div class='ocr_carea' id='block_1_10' title="bbox 484 1907 1924 2603">
    <p class='ocr_par' dir='ltr' id='par_1_12' title="bbox 484 1907 1924 2603">
     <span class='ocr_line' id='line_1_30' title="bbox 484 1907 1876 1966; baseline -0.001 -12"><span class='ocrx_word' id='word_1_230' title='bbox 484 1908 730 1954; x_wconf 89' lang='lat' dir='ltr'>cavendum</span> <span class='ocrx_word' id='word_1_231' title='bbox 747 1942 758 1961; x_wconf 86' lang='lat'>‚</span> <span class='ocrx_word' id='word_1_232' title='bbox 781 1922 911 1966; x_wconf 87' lang='lat' dir='ltr'>quam</span> <span class='ocrx_word' id='word_1_233' title='bbox 937 1907 1152 1966; x_wconf 73' lang='lat' dir='ltr'>superbiae</span> <span class='ocrx_word' id='word_1_234' title='bbox 1175 1909 1369 1952; x_wconf 86' lang='lat' dir='ltr'>morbus.</span> <span class='ocrx_word' id='word_1_235' title='bbox 1395 1907 1480 1961; x_wconf 90' lang='lat' dir='ltr'>Qui</span> <span class='ocrx_word' id='word_1_236' title='bbox 1497 1909 1613 1952; x_wconf 89' lang='lat' dir='ltr'>enim</span> <span class='ocrx_word' id='word_1_237' title='bbox 1637 1909 1876 1952; x_wconf 91' lang='lat' dir='ltr'>nonhabet</span> 
     </span>
     <span class='ocr_line' id='line_1_31' title="bbox 486 1978 1875 2040; baseline 0 -16"><span class='ocrx_word' id='word_1_238' title='bbox 486 1978 716 2040; x_wconf 88' lang='lat' dir='ltr'>pecuniam</span> <span class='ocrx_word' id='word_1_239' title='bbox 736 2013 748 2033; x_wconf 92' lang='lat'>‚</span> <span class='ocrx_word' id='word_1_240' title='bbox 778 1993 869 2022; x_wconf 89' lang='lat' dir='ltr'>non</span> <span class='ocrx_word' id='word_1_241' title='bbox 890 1978 1023 2022; x_wconf 91' lang='lat' dir='ltr'>habet</span> <span class='ocrx_word' id='word_1_242' title='bbox 1044 1978 1322 2038; x_wconf 85' lang='lat' dir='ltr'>amplissimas</span> <span class='ocrx_word' id='word_1_243' title='bbox 1346 1978 1575 2023; x_wconf 84' lang='lat' dir='ltr'>facultates</span> <span class='ocrx_word' id='word_1_244' title='bbox 1594 2000 1606 2038; x_wconf 80' lang='lat'><em>3</em></span> <span class='ocrx_word' id='word_1_245' title='bbox 1630 1995 1720 2024; x_wconf 92' lang='lat' dir='ltr'>non</span> <span class='ocrx_word' id='word_1_246' title='bbox 1741 1980 1875 2024; x_wconf 87' lang='lat' dir='ltr'>habet</span> 
     </span>
     <span class='ocr_line' id='line_1_32' title="bbox 484 2047 1924 2120; baseline 0 -25"><span class='ocrx_word' id='word_1_247' title='bbox 484 2050 602 2096; x_wconf 88' lang='lat' dir='ltr'>unde</span> <span class='ocrx_word' id='word_1_248' title='bbox 619 2066 664 2094; x_wconf 88' lang='lat' dir='ltr'>se</span> <span class='ocrx_word' id='word_1_249' title='bbox 681 2047 877 2093; x_wconf 87' lang='lat' dir='ltr'>extollat.</span> <span class='ocrx_word' id='word_1_250' title='bbox 904 2049 946 2093; x_wconf 86' lang='lat' dir='ltr'>Si</span> <span class='ocrx_word' id='word_1_251' title='bbox 975 2064 1078 2108; x_wconf 85' lang='lat' dir='ltr'>ergo</span> <span class='ocrx_word' id='word_1_252' title='bbox 1101 2050 1176 2109; x_wconf 86' lang='lat' dir='ltr'>qui</span> <span class='ocrx_word' id='word_1_253' title='bbox 1199 2065 1288 2094; x_wconf 89' lang='lat' dir='ltr'>non</span> <span class='ocrx_word' id='word_1_254' title='bbox 1310 2050 1442 2094; x_wconf 88' lang='lat' dir='ltr'>habet</span> <span class='ocrx_word' id='word_1_255' title='bbox 1462 2050 1579 2094; x_wconf 91' lang='lat' dir='ltr'>unde</span> <span class='ocrx_word' id='word_1_256' title='bbox 1596 2065 1639 2094; x_wconf 87' lang='lat' dir='ltr'>se</span> <span class='ocrx_word' id='word_1_257' title='bbox 1660 2050 1840 2095; x_wconf 83' lang='lat' dir='ltr'>extollat</span> <span class='ocrx_word' id='word_1_258' title='bbox 1859 2085 1869 2104; x_wconf 84' lang='lat'>‚</span> <span class='ocrx_word' id='word_1_259' title='bbox 1921 2103 1924 2120; x_wconf 47' lang='grc' dir='ltr'>Ι</span> 
     </span>
     <span class='ocr_line' id='line_1_33' title="bbox 487 2120 1924 2180; baseline -0.002 -14"><span class='ocrx_word' id='word_1_260' title='bbox 487 2138 575 2167; x_wconf 88' lang='lat' dir='ltr'>non</span> <span class='ocrx_word' id='word_1_261' title='bbox 592 2121 798 2166; x_wconf 86' lang='lat' dir='ltr'>laudatur</span> <span class='ocrx_word' id='word_1_262' title='bbox 816 2135 891 2177; x_wconf 86' lang='lat' dir='ltr'>pro</span> <span class='ocrx_word' id='word_1_263' title='bbox 909 2135 960 2164; x_wconf 92' lang='lat' dir='ltr'>eo</span> <span class='ocrx_word' id='word_1_264' title='bbox 983 2120 1105 2180; x_wconf 91' lang='lat' dir='ltr'>quod</span> <span class='ocrx_word' id='word_1_265' title='bbox 1128 2136 1217 2164; x_wconf 92' lang='lat' dir='ltr'>non</span> <span class='ocrx_word' id='word_1_266' title='bbox 1239 2136 1282 2164; x_wconf 88' lang='lat' dir='ltr'>se</span> <span class='ocrx_word' id='word_1_267' title='bbox 1302 2120 1493 2164; x_wconf 84' lang='lat' dir='ltr'>extollit:</span> <span class='ocrx_word' id='word_1_268' title='bbox 1512 2121 1587 2180; x_wconf 86' lang='lat' dir='ltr'>qui</span> <span class='ocrx_word' id='word_1_269' title='bbox 1610 2121 1758 2175; x_wconf 86' lang='lat' dir='ltr'>habet,</span> <span class='ocrx_word' id='word_1_270' title='bbox 1784 2120 1876 2164; x_wconf 87' lang='lat' dir='ltr'>lau-</span> <span class='ocrx_word' id='word_1_271' title='bbox 1922 2124 1924 2172; x_wconf 69' lang='lat'>1</span> 
     </span>
     <span class='ocr_line' id='line_1_34' title="bbox 485 2186 1924 2249; baseline -0.002 -12"><span class='ocrx_word' id='word_1_272' title='bbox 485 2194 636 2248; x_wconf 84' lang='lat' dir='ltr'>detur,</span> <span class='ocrx_word' id='word_1_273' title='bbox 660 2192 694 2236; x_wconf 92' lang='lat' dir='ltr'>si</span> <span class='ocrx_word' id='word_1_274' title='bbox 722 2207 766 2236; x_wconf 90' lang='lat' dir='ltr'>se</span> <span class='ocrx_word' id='word_1_275' title='bbox 795 2206 884 2235; x_wconf 92' lang='lat' dir='ltr'>non</span> <span class='ocrx_word' id='word_1_276' title='bbox 906 2189 1088 2234; x_wconf 88' lang='lat' dir='ltr'>extollit.</span> <span class='ocrx_word' id='word_1_277' title='bbox 1114 2191 1227 2243; x_wconf 85' lang='lat' dir='ltr'>Quid</span> <span class='ocrx_word' id='word_1_278' title='bbox 1247 2205 1349 2249; x_wconf 83' lang='lat' dir='ltr'>ergo</span> <span class='ocrx_word' id='word_1_279' title='bbox 1372 2189 1504 2234; x_wconf 89' lang='lat' dir='ltr'>laudo</span> <span class='ocrx_word' id='word_1_280' title='bbox 1526 2190 1736 2234; x_wconf 85' lang='lat' dir='ltr'>humilem</span> <span class='ocrx_word' id='word_1_281' title='bbox 1760 2205 1873 2249; x_wconf 90' lang='lat' dir='ltr'>pau-</span> <span class='ocrx_word' id='word_1_282' title='bbox 1923 2186 1924 2219; x_wconf 70' lang='lat' dir='ltr'>i</span> 
     </span>
     <span class='ocr_line' id='line_1_35' title="bbox 484 2259 1873 2323; baseline -0.002 -16"><span class='ocrx_word' id='word_1_283' title='bbox 484 2279 648 2323; x_wconf 70' lang='lat' dir='ltr'>perem,</span> <span class='ocrx_word' id='word_1_284' title='bbox 665 2263 741 2323; x_wconf 83' lang='lat' dir='ltr'>qui</span> <span class='ocrx_word' id='word_1_285' title='bbox 759 2261 878 2307; x_wconf 86' lang='lat' dir='ltr'>unde</span> <span class='ocrx_word' id='word_1_286' title='bbox 899 2261 1121 2320; x_wconf 87' lang='lat' dir='ltr'>superbiat</span> <span class='ocrx_word' id='word_1_287' title='bbox 1138 2296 1148 2315; x_wconf 87' lang='lat'>,</span> <span class='ocrx_word' id='word_1_288' title='bbox 1176 2277 1265 2305; x_wconf 91' lang='lat' dir='ltr'>non</span> <span class='ocrx_word' id='word_1_289' title='bbox 1285 2261 1417 2305; x_wconf 85' lang='lat' dir='ltr'>habet</span> <span class='ocrx_word' id='word_1_290' title='bbox 1434 2263 1452 2304; x_wconf 82' lang='grc' dir='ltr'>ι)</span> <span class='ocrx_word' id='word_1_291' title='bbox 1470 2261 1575 2314; x_wconf 89' lang='lat' dir='ltr'>Quis</span> <span class='ocrx_word' id='word_1_292' title='bbox 1597 2270 1743 2305; x_wconf 85' lang='lat' dir='ltr'>autem</span> <span class='ocrx_word' id='word_1_293' title='bbox 1763 2259 1873 2305; x_wconf 89' lang='lat' dir='ltr'>ferat</span> 
     </span>
     <span class='ocr_line' id='line_1_36' title="bbox 484 2331 1873 2393; baseline -0.001 -15"><span class='ocrx_word' id='word_1_294' title='bbox 484 2344 527 2379; x_wconf 91' lang='lat' dir='ltr'>et</span> <span class='ocrx_word' id='word_1_295' title='bbox 543 2335 719 2393; x_wconf 88' lang='lat' dir='ltr'>inopem</span> <span class='ocrx_word' id='word_1_296' title='bbox 740 2343 783 2377; x_wconf 90' lang='lat' dir='ltr'>et</span> <span class='ocrx_word' id='word_1_297' title='bbox 804 2333 1076 2392; x_wconf 80' lang='lat' dir='ltr'>superbum?</span> <span class='ocrx_word' id='word_1_298' title='bbox 1099 2332 1246 2376; x_wconf 84' lang='lat' dir='ltr'>Lauda</span> <span class='ocrx_word' id='word_1_299' title='bbox 1271 2332 1448 2376; x_wconf 88' lang='lat' dir='ltr'>divitem</span> <span class='ocrx_word' id='word_1_300' title='bbox 1483 2332 1715 2387; x_wconf 85' lang='lat' dir='ltr'>humilem,</span> <span class='ocrx_word' id='word_1_301' title='bbox 1742 2331 1873 2378; x_wconf 84' lang='lat' dir='ltr'>lauda</span> 
     </span>
     <span class='ocr_line' id='line_1_37' title="bbox 485 2402 1870 2463; baseline -0.002 -14"><span class='ocrx_word' id='word_1_302' title='bbox 485 2405 665 2449; x_wconf 84' lang='lat' dir='ltr'>divitem</span> <span class='ocrx_word' id='word_1_303' title='bbox 683 2419 934 2463; x_wconf 87' lang='lat' dir='ltr'>pauperem.</span> <span class='ocrx_word' id='word_1_304' title='bbox 963 2404 1085 2448; x_wconf 89' lang='lat' dir='ltr'>Tales</span> <span class='ocrx_word' id='word_1_305' title='bbox 1106 2403 1202 2448; x_wconf 87' lang='lat' dir='ltr'>vult</span> <span class='ocrx_word' id='word_1_306' title='bbox 1219 2402 1438 2462; x_wconf 87' lang='lat' dir='ltr'>apostolus</span> <span class='ocrx_word' id='word_1_307' title='bbox 1460 2403 1618 2447; x_wconf 87' lang='lat' dir='ltr'>Paulus</span> <span class='ocrx_word' id='word_1_308' title='bbox 1633 2439 1644 2458; x_wconf 86' lang='lat'>,</span> <span class='ocrx_word' id='word_1_309' title='bbox 1666 2404 1741 2461; x_wconf 88' lang='lat' dir='ltr'>qui</span> <span class='ocrx_word' id='word_1_310' title='bbox 1765 2404 1870 2447; x_wconf 86' lang='lat' dir='ltr'>scri-</span> 
     </span>
     <span class='ocr_line' id='line_1_38' title="bbox 489 2473 1870 2533; baseline -0.001 -15"><span class='ocrx_word' id='word_1_311' title='bbox 489 2477 593 2519; x_wconf 79' lang='lat' dir='ltr'>bens</span> <span class='ocrx_word' id='word_1_312' title='bbox 616 2473 671 2518; x_wconf 77' lang='lat' dir='ltr'>acl</span> <span class='ocrx_word' id='word_1_313' title='bbox 697 2474 973 2518; x_wconf 87' lang='lat' dir='ltr'>Timotheum</span> <span class='ocrx_word' id='word_1_314' title='bbox 997 2474 1100 2518; x_wconf 89' lang='lat' dir='ltr'>dicit</span> <span class='ocrx_word' id='word_1_315' title='bbox 1120 2492 1128 2517; x_wconf 73' lang='grc' dir='ltr'>ε</span> <span class='ocrx_word' id='word_1_316' title='bbox 1159 2492 1177 2515; x_wconf 93' lang='lat'>«</span> <span class='ocrx_word' id='word_1_317' title='bbox 1202 2474 1391 2532; x_wconf 82' lang='lat' dir='ltr'>Praecipe</span> <span class='ocrx_word' id='word_1_318' title='bbox 1408 2473 1616 2517; x_wconf 88' lang='lat' dir='ltr'>divitibus</span> <span class='ocrx_word' id='word_1_319' title='bbox 1638 2474 1768 2533; x_wconf 84' lang='lat' dir='ltr'>hujus</span> <span class='ocrx_word' id='word_1_320' title='bbox 1790 2489 1870 2517; x_wconf 85' lang='lat' dir='ltr'>sae-</span> 
     </span>
     <span class='ocr_line' id='line_1_39' title="bbox 489 2543 1868 2603; baseline 0.001 -18"><span class='ocrx_word' id='word_1_321' title='bbox 489 2565 509 2586; x_wconf 86' lang='lat'>»</span> <span class='ocrx_word' id='word_1_322' title='bbox 545 2544 631 2588; x_wconf 88' lang='lat' dir='ltr'>culi</span> <span class='ocrx_word' id='word_1_323' title='bbox 648 2579 658 2599; x_wconf 85' lang='lat'>‚</span> <span class='ocrx_word' id='word_1_324' title='bbox 683 2560 773 2589; x_wconf 92' lang='lat' dir='ltr'>non</span> <span class='ocrx_word' id='word_1_325' title='bbox 790 2546 975 2603; x_wconf 88' lang='lat' dir='ltr'>superbe</span> <span class='ocrx_word' id='word_1_326' title='bbox 998 2559 1144 2603; x_wconf 87' lang='lat' dir='ltr'>sapere</span> <span class='ocrx_word' id='word_1_327' title='bbox 1159 2545 1188 2586; x_wconf 80' lang='lat'>³.</span> <span class='ocrx_word' id='word_1_328' title='bbox 1204 2543 1347 2589; x_wconf 84' lang='lat' dir='ltr'>»Novi</span> <span class='ocrx_word' id='word_1_329' title='bbox 1365 2543 1471 2602; x_wconf 84' lang='lat' dir='ltr'>quid</span> <span class='ocrx_word' id='word_1_330' title='bbox 1494 2543 1634 2588; x_wconf 89' lang='lat' dir='ltr'>dicam</span> <span class='ocrx_word' id='word_1_331' title='bbox 1657 2545 1768 2590; x_wconf 86' lang='lat' dir='ltr'>:hoc</span> <span class='ocrx_word' id='word_1_332' title='bbox 1785 2543 1868 2588; x_wconf 89' lang='lat' dir='ltr'>illis</span> 
     </span>
    </p>
   </div>
   <div class='ocr_carea' id='block_1_11' title="bbox 1920 1996 1924 2102">
    <p class='ocr_par' dir='ltr' id='par_1_13' title="bbox 1920 1996 1924 2102">
     <span class='ocr_line' id='line_1_40' title="bbox 1920 1996 1924 2102; baseline 0 0"><span class='ocrx_word' id='word_1_333' title='bbox 1920 1996 1924 2102; x_wconf 95' lang='lat' dir='ltr'> </span> 
     </span>
    </p>
   </div>
   <div class='ocr_carea' id='block_1_12' title="bbox 538 2628 1554 2669">
    <p class='ocr_par' dir='ltr' id='par_1_14' title="bbox 538 2628 1554 2669">
     <span class='ocr_line' id='line_1_41' title="bbox 538 2628 1554 2669; baseline -0.001 -9"><span class='ocrx_word' id='word_1_334' title='bbox 538 2636 543 2649; x_wconf 87' lang='lat'>¹</span> <span class='ocrx_word' id='word_1_335' title='bbox 567 2629 650 2660; x_wconf 55' lang='lat' dir='ltr'>lto-li</span> <span class='ocrx_word' id='word_1_336' title='bbox 686 2642 768 2663; x_wconf 61' lang='lat' dir='ltr'>xxix,</span> <span class='ocrx_word' id='word_1_337' title='bbox 796 2630 841 2659; x_wconf 55' lang='grc' dir='ltr'>μ’),</span> <span class='ocrx_word' id='word_1_338' title='bbox 871 2647 903 2651; x_wconf 77' lang='lat'>--</span> <span class='ocrx_word' id='word_1_339' title='bbox 927 2636 936 2649; x_wconf 69' lang='lat'><strong>⁷</strong></span> <span class='ocrx_word' id='word_1_340' title='bbox 963 2630 1077 2660; x_wconf 65' lang='grc' dir='ltr'>λῑῑιΙΙὶι,</span> <span class='ocrx_word' id='word_1_341' title='bbox 1103 2641 1134 2665; x_wconf 79' lang='lat' dir='ltr'>v,</span> <span class='ocrx_word' id='word_1_342' title='bbox 1155 2630 1184 2658; x_wconf 73' lang='lat'>3.</span> <span class='ocrx_word' id='word_1_343' title='bbox 1208 2645 1247 2650; x_wconf 50' lang='lat'>⁴-</span> <span class='ocrx_word' id='word_1_344' title='bbox 1265 2628 1554 2669; x_wconf 64' lang='lat' dir='ltr'>31&#39;l‘i··n.V1‚13·.</span> 
     </span>
    </p>
   </div>
  </div>
 </body>
</html>
