1924 3309
462 270 546 310 442
901 281 936 311 s.
971 281 1200 312 Avensa-tm
1235 285 1413 313 znscom

465 365 486 388 »
521 344 689 390 Goliam
711 364 731 388 >›
757 356 843 401 est,
880 346 1089 391 attendite
1106 347 1342 406 posteriora
1359 348 1517 392 Psalmi
1544 366 1552 392 :
1578 348 1755 392 omnino
1776 348 1840 392 lu-

463 416 685 461 cidissimis
700 416 838 461 verbis
857 425 899 460 et
921 416 1226 460 enodatissimo
1244 432 1456 472 sermone,
1473 417 1550 477 qui
1569 433 1658 462 non
1675 427 1842 477 quaerat

462 488 743 547 interpretem
766 497 841 532 aut
855 488 1159 546 expositorem,
1183 486 1258 530 sed
1275 487 1562 531 misericordia
1576 488 1652 531 Dei
1670 488 1728 531 ita
1741 496 1843 531 sunt

462 559 615 618 posita,
642 567 690 602 ut
706 574 834 602 nemo
859 558 974 601 dicat
996 575 1005 602 :
1027 559 1139 601 Ecce
1160 557 1244 601 hoc
1261 556 1483 616 quomodo
1498 557 1637 602 v'oluit
1659 557 1785 612 dixit,
1801 567 1845 602 et

463 643 543 688 pro
558 629 730 687 ingenio
752 643 830 672 suo
851 627 1160 686 interpretatus
1174 636 1258 682 est,
1275 628 1407 671 sensit
1421 636 1470 671 ut
1480 626 1619 671 voluit
1638 646 1647 672 z
1668 628 1727 672 sic
1743 637 1845 672 sunt

464 698 619 758 posita,
661 708 710 742 ut
734 712 863 742 nemo
884 712 928 740 se
964 706 1152 741 excuset.
1181 697 1322 758 Posita
1345 705 1447 741 sunt
1471 705 1614 740 autem
1648 713 1672 741 a
1708 698 1846 742 David

465 767 657 822 dicente,
689 767 734 811 id
755 775 839 821 est,
866 782 889 810 a
911 782 1023 811 nova
1043 768 1145 822 vita,
1180 767 1342 812 Christi
1376 766 1479 821 vita,
1513 767 1600 810 vita
1639 782 1739 826 quae
1770 783 1848 826 per

465 839 686 883 Christum
705 838 830 882 nobis
852 838 952 882 data
973 846 1036 881 est
1057 856 1066 882 ε
1092 837 1304 881 insultans
1335 837 1436 881 vitae
1463 836 1619 891 veteri,
1655 835 1848 881 felicitati

464 909 601 953 veteri
623 908 851 952 hominum
865 942 875 962 ,
897 916 940 952 et
966 907 1049 951 illis
1071 907 1148 966 qui
1169 907 1215 950 in
1236 922 1331 950 eam
1348 922 1466 966 spem
1489 915 1684 966 ponunt,
1707 916 1751 952 et
1766 907 1848 952 illis

467 979 543 1039 qui
556 979 855 1038 adipiscuntur
877 992 988 1032 eam,
1015 986 1056 1021 et
1075 977 1118 1020 in
1141 976 1215 1021 illa
1237 977 1444 1035 gaudent.

527 1050 662 1091 XIX„
682 1049 898 1091 Videntur
926 1048 1041 1090 enim
1069 1047 1171 1107 justi
1196 1047 1394 1090 laborare
1415 1046 1459 1089 in
1480 1047 1564 1090 hoc
1595 1045 1782 1100 saeculo,
1807 1055 1850 1090 et

467 1119 618 1177 injusti
650 1118 832 1161 feliciter
853 1118 899 1161 in
928 1119 1012 1161 hoc
1039 1116 1199 1161 saeculo
1227 1117 1370 1161 vivere
1397 1135 1406 1161 z
1442 1126 1484 1160 et
1511 1117 1635 1176 quasi
1665 1116 1851 1160 dormiat
1917 1147 1919 1151 «

468 1191 584 1232 Deus
599 1222 610 1242 ,
631 1187 852 1245 negligens
874 1203 941 1231 res
960 1189 1171 1231 humanas
1189 1221 1199 1240 ,
1221 1187 1284 1230 illi
1305 1186 1565 1246 plerumque
1582 1186 1852 1231 extolluntur

468 1258 742 1316 impunitate,
767 1258 837 1301 isti
859 1257 1118 1316 plerumque
1135 1255 1398 1315 franguntur
1415 1256 1678 1311 infirmitate,
1705 1265 1748 1300 et
1769 1271 1853 1315 pu-

469 1336 565 1371 tant
594 1327 675 1371 sibi
698 1327 806 1371 nihil
837 1328 1037 1386 prodesse
1065 1326 1185 1386 quod
1214 1327 1326 1370 bene
1342 1325 1497 1370 vivunt
1513 1360 1524 1380 ,
1545 1326 1647 1386 quia
1664 1341 1753 1370 non
1775 1327 1853 1369 ha-

470 1399 577 1442 bent
594 1413 642 1441 ea
665 1398 825 1458 quibus
844 1397 1047 1441 videntur
1065 1396 1289 1441 abundare
1314 1405 1576 1455 peccatores,
1596 1395 1790 1441 scelerati
1811 1407 1855 1440 et

470 1468 592 1527 impii
614 1468 825 1512 homines.
854 1470 910 1511 Et
941 1466 1139 1526 quandiu
1160 1466 1261 1510 talia
1299 1475 1454 1524 rogant
1487 1482 1510 1510 a
1542 1469 1654 1521 Deo,
1688 1475 1738 1510 ut
1774 1481 1853 1524 pro
1907 1465 1911 1467 ”

471 1554 629 1597 magno
657 1538 737 1581 sibi
761 1546 1045 1596 praestentur,
1070 1537 1223 1580 tandiu
1254 1546 1428 1594 errant,
1454 1545 1496 1580 et
1528 1536 1769 1581 cavendum
1791 1545 1856 1580 est

472 1624 525 1652 ne
546 1609 707 1653 dentur
723 1610 767 1651 in
791 1617 1049 1667 potestatem
1067 1607 1315 1665 cupiditatis
1338 1623 1441 1650 suae.
1458 1609 1567 1652 Nam
1580 1607 1744 1651 dictum
1768 1617 1851 1652 est:
1903 1612 1906 1657 ζ

476 1697 496 1719 «
531 1679 661 1722 Dedit
682 1678 778 1722 illos
803 1681 914 1721 Deus
932 1679 976 1721 in
995 1677 1365 1736 concupiscentias
1385 1675 1525 1720 cordis
1542 1691 1693 1720 eorum
1710 1679 1740 1719 ¹.
1757 1695 1777 1718 »
1799 1679 1856 1720 Et
1922 1703 1924 1705 -

472 1750 605 1807 magis
627 1749 840 1808 propitius
873 1757 936 1791 est
965 1750 1101 1802 Deus,
1127 1746 1305 1806 quando
1326 1748 1545 1805 superflua
1567 1757 1610 1790 et
1631 1748 1855 1805 nugatoria

474 1830 693 1879 petentem
717 1835 804 1863 non
837 1817 1010 1862 exaudit
1035 1827 1081 1862 ut
1110 1818 1208 1871 det,
1240 1817 1314 1861 sed
1345 1819 1523 1862 exaudit
1543 1827 1593 1862 ut
1620 1828 1740 1862 sanet
1767 1834 1855 1863 non
1904 1864 1905 1868 ,

475 1891 637 1935 dando.
670 1890 843 1934 Etenim
881 1904 1015 1948 quare
1050 1889 1131 1932 ista
1160 1897 1358 1947 quaerant
1394 1888 1617 1943 homines,
1650 1889 1746 1949 quis
1767 1905 1857 1933 non
1903 1891 1911 1941 ἶ

474 1961 626 2006 videt?
658 1963 712 2003 Ut
734 1959 780 2002 in
805 1958 987 2002 luxuriis
1009 1959 1094 2002 suis
1119 1967 1400 2012 consumant,
1436 1967 1479 2001 et
1508 1958 1551 2001 in
1573 1959 1722 2017 nugis,
1747 1959 1856 2003 etin
1904 1974 1914 2008 μ

475 2029 750 2075 insanissimis
779 2027 1055 2088 spectaculis,
1079 2044 1102 2072 a
1125 2032 1241 2072 Deo²
1257 2037 1462 2088 quaerunt
1482 2028 1679 2073 homines
1695 2029 1858 2073 habere
1904 2031 1906 2044 ³

472 2102 567 2145 ista.

533 2172 633 2213 XX.
655 2172 716 2213 Da
729 2168 836 2212 mihi
850 2168 1072 2212 hominem
1095 2167 1150 2212 de
1173 2166 1347 2221 saeculo,
1365 2175 1484 2226 petat
1501 2183 1524 2210 a
1547 2169 1636 2211 Deo
1653 2167 1822 2212 divitias
1842 2185 1852 2218 3

476 2241 652 2296 dentur,
697 2248 740 2283 et
761 2238 860 2283 vide
881 2238 1219 2283 innumerabiles
1255 2238 1464 2298 consequi
1495 2237 1672 2298 laqueos
1709 2239 1858 2283 mortis
1905 2249 1910 2257 ·

476 2313 582 2371 ejus,
615 2310 832 2369 Opprimit
857 2310 958 2353 inde
985 2324 1236 2368 pauperem,
1275 2309 1470 2368 superbit
1502 2310 1636 2353 homo
1667 2308 1859 2353 mortalis

477 2397 607 2439 super
628 2380 849 2423 hominem
872 2394 1016 2438 parem
1036 2379 1132 2432 sibi,
1156 2379 1314 2438 quaerit
1330 2379 1516 2422 honores
1534 2379 1588 2422 ab
1610 2379 1860 2423 hominibus

480 2466 633 2496 vanos:
651 2459 700 2493 ut
712 2460 857 2493 autem
877 2449 1153 2508 adipiscatur,
1171 2448 1345 2491 exhibet
1360 2447 1441 2492 illis
1455 2448 1620 2492 ludicra
1636 2449 1857 2508 nequitiae,

479 2520 645 2566 ludicra
668 2520 792 2565 malae
813 2519 1062 2580 cupiditatis
1091 2538 1100 2564 ι
1132 2518 1258 2564 ludos
1282 2528 1324 2563 et
1346 2535 1466 2565 ursos
1487 2521 1613 2575 emit,
1640 2519 1774 2565 donat
1795 2535 1860 2564 res
1912 2568 1914 2570 ,

532 2617 540 2631 ¹
562 2609 639 2642 Psal.
657 2618 754 2650 mxx,
777 2610 827 2643 13.
848 2626 889 2632 —
909 2616 922 2632 2
944 2609 1046 2641 Forte
1063 2605 1146 2640 ideo.
