1867 3320
300 266 438 292 SERMO
473 267 552 303 XL,
589 267 639 293 υε
674 268 817 294 νΕκΒιε
854 269 1154 297 zcctsssmsiiui.
1320 265 1400 299 {5³25

30 329 139 383 lam,
170 330 204 373 si
229 332 340 373 Deus
372 344 440 373 me
476 345 566 374 non
596 331 721 374 fallit.
759 333 966 377 Dominus
1003 344 1182 378 mortem
1217 337 1403 381 minatur

31 398 198 458 impiis,
223 398 520 458 nequissimis,
545 399 889 450 fraudatoribus,
916 402 1125 447 sceleratis
1141 439 1152 458 ,
1184 404 1400 459 adulteris,

31 468 306 527 voluptatum
330 468 679 527 inquisitoribus,
702 469 787 513 suis
805 472 1193 529 contemptoribus,
1219 473 1272 516 de
1292 483 1403 517 tem-

30 538 210 597 poribus
241 539 618 582 murmurantibus
646 548 689 582 et
709 555 848 584 mores
865 556 963 585 suos
994 556 1080 584 non
1102 544 1367 586 mutantibus
1395 560 1401 583 :

33 609 242 652 Dominus
263 607 347 652 illis
370 617 554 653 mortem
576 609 788 664 minatur,
815 611 1029 668 gehennas
1051 612 1237 654 minatur
1254 647 1263 665 ,
1295 613 1405 656 inte-

31 679 162 722 ritum
182 679 496 738 sempiternum
517 679 722 724 minatur.
739 680 855 734 Quid
878 680 1050 737 volunt,
1073 691 1118 725 ut
1140 698 1218 740 ego
1233 684 1409 741 promit-

31 758 120 793 tam
142 750 262 809 quod
295 749 369 794 ille
391 765 481 794 non
503 752 748 810 promittit?
781 755 891 796 Ecce
928 751 1002 796 dat
1031 752 1110 796 tibi
1138 753 1407 796 securitatem

30 829 286 881 procurator
312 841 320 866 :
347 821 455 882 quid
476 822 555 866 tibi
595 824 792 882 prodest,
818 824 851 867 si
873 823 1177 883 paterfamilias
1213 839 1299 868 non
1339 840 1409 868 ac-

32 893 206 951 ceptet?
230 894 488 936 Procurator
504 908 616 947 sum,
633 908 779 937 servus
797 908 890 936 sum
912 895 996 938 :vis
1019 894 1158 937 dicam
1176 894 1254 938 tibi
1276 914 1283 937 :
1303 895 1409 938 Vive

31 960 252 1022 quomodo
274 962 337 1006 vis
354 997 365 1017 ,
388 963 595 1006 Dominus
612 971 653 1006 te
682 978 770 1006 non
805 963 984 1022 perdet?
1017 964 1297 1008 Securitatem
1333 963 1408 1006 tibi

31 1040 286 1091 procurator
308 1031 429 1075 dedit
456 1051 464 1076 :
490 1033 599 1075 nihil
622 1032 736 1076 valet
756 1034 960 1077 securitas
982 1035 1282 1090 procuratoris.
1316 1034 1410 1076 [ti-

31 1117 131 1146 nam
162 1101 374 1146 Dominus
396 1101 475 1145 tibi
507 1102 653 1156 daret,
685 1112 728 1145 et
759 1118 839 1161 ego
869 1112 910 1146 te
942 1103 1176 1147 sollicitum
1209 1104 1409 1147 facerem.

30 1172 204 1216 Domini
225 1171 340 1215 enim
377 1171 581 1214 securitas
613 1171 755 1225 valet,
787 1172 915 1215 etiam
938 1172 971 1215 si
1006 1172 1156 1217 nolim.
1181 1177 1275 1216 Mea
1311 1188 1411 1215 vcro

31 1241 140 1285 nihil
162 1240 298 1296 valet,
323 1241 358 1285 si
379 1240 451 1285 ille
472 1240 676 1284 noluerit.
697 1244 803 1293 Quae
825 1250 888 1284 est
909 1250 1052 1284 autem
1070 1241 1295 1294 securitas,
1322 1241 1409 1284 sra-

32 1320 142 1366 tres,
168 1310 236 1354 vel
259 1325 354 1354 mea
374 1310 443 1354 vel
463 1319 626 1364 vestra,
659 1310 739 1354 nisi
777 1319 826 1354 u't
848 1310 1019 1354 Domini
1039 1303 1154 1370 jussa
1185 1311 1347 1354 intente
1371 1319 1412 1353 et

31 1379 264 1439 diligenter
285 1380 526 1436 audiamus,
545 1389 589 1424 et
611 1381 816 1439 promissa
835 1379 1019 1424 fideliter
1040 1382 1345 1439 expectemus?
1363 1383 1415 1423 ln

33 1452 97 1495 his
119 1452 376 1510 fatigamur,
411 1452 513 1512 quia
541 1451 738 1496 homines
774 1467 922 1495 sumus
953 1471 961 1495 z
988 1451 1117 1510 ipsius
1151 1450 1413 1509 adjutorium

32 1522 335 1582 imploremus,
355 1523 411 1566 ad
432 1521 557 1566 illum
581 1522 925 1581 ingemiscamus.
953 1525 1102 1566 Preces
1131 1530 1287 1565 nostrae
1325 1535 1412 1563 non

32 1594 117 1638 sint
130 1608 209 1652 pro
230 1593 360 1637 rebus
381 1591 659 1637 saecularibus
678 1591 1036 1651 praetereuntibus
1051 1626 1061 1645 ,
1085 1590 1350 1643 transitoriis,
1371 1599 1414 1632 ct

32 1663 125 1706 vice
161 1663 332 1720 vaporis
361 1663 717 1707 evanescentibus
744 1682 752 1705 ;
777 1661 851 1705 sed
879 1662 964 1706 sint
986 1676 1131 1719 preces
1151 1670 1307 1703 nostra?
1335 1674 1411 1716 pro

33 1732 122 1791 ipsa
145 1731 368 1791 implenda
384 1733 571 1791 justitia,
592 1742 636 1773 et
656 1730 993 1773 sanctificatione
1018 1744 1093 1786 pro
1112 1728 1284 1771 nomine
1307 1728 1378 1770 Dei
1401 1747 1408 1770 ·.

33 1818 121 1847 non
146 1818 224 1862 pro
246 1802 462 1846 vincendo
485 1801 628 1845 vicino
645 1835 656 1855 ,
674 1799 750 1844 sed
772 1814 849 1858 pro
872 1797 1082 1842 vincenda
1102 1796 1279 1841 libidine
1298 1816 1306 1840 z
1324 1812 1410 1840 non

34 1888 112 1933 pro
137 1872 328 1916 sananda
351 1887 479 1916 carne
500 1906 511 1925 ,
535 1870 609 1915 sed
638 1885 714 1930 pro
738 1867 953 1913 domanda
981 1867 1168 1911 avaritia.
1198 1866 1307 1909 llinc
1331 1866 1417 1910 siut

34 1958 181 2002 preces
202 1952 361 1986 nostrae
381 1942 524 1986 :intus
548 1955 625 1985 nos
642 1940 849 1998 adjuvent
867 1938 1100 1988 luctantes,
1139 1945 1185 1979 ut
1209 1944 1415 1979 coronent

0 2031 5 2128 ι
35 2013 271 2058 vincentes.

178 2664 308 2692 ‹lxxtv
