<?xml version="1.0" encoding="UTF-8"?>
<!DOCTYPE html PUBLIC "-//W3C//DTD XHTML 1.0 Transitional//EN"
    "http://www.w3.org/TR/xhtml1/DTD/xhtml1-transitional.dtd">
<html xmlns="http://www.w3.org/1999/xhtml" xml:lang="en" lang="en">
 <head>
  <title>
</title>
<meta http-equiv="Content-Type" content="text/html;charset=utf-8" />
  <meta name='ocr-system' content='tesseract 3.04.00' />
  <meta name='ocr-capabilities' content='ocr_page ocr_carea ocr_par ocr_line ocrx_word'/>
</head>
<body>
  <div class='ocr_page' id='page_1' title='image "./operaomniaaccura17auguuoft_0567.png"; bbox 0 0 1867 3320; ppageno 0'>
   <div class='ocr_carea' id='block_1_1' title="bbox 0 1654 84 3320">
    <p class='ocr_par' dir='ltr' id='par_1_1' title="bbox 0 1654 84 3320">
     <span class='ocr_line' id='line_1_1' title="bbox 0 1654 84 3320; baseline 0 0"><span class='ocrx_word' id='word_1_1' title='bbox 0 1654 84 3320; x_wconf 95' lang='lat' dir='ltr'> </span> 
     </span>
    </p>
   </div>
   <div class='ocr_carea' id='block_1_2' title="bbox 348 289 1455 336">
    <p class='ocr_par' dir='ltr' id='par_1_2' title="bbox 348 289 1455 336">
     <span class='ocr_line' id='line_1_2' title="bbox 348 289 1455 336; baseline 0.013 -19"><span class='ocrx_word' id='word_1_2' title='bbox 348 289 487 319; x_wconf 67' lang='lat' dir='ltr'>semo</span> <span class='ocrx_word' id='word_1_3' title='bbox 520 292 626 329; x_wconf 65' lang='lat' dir='ltr'>XLV,</span> <span class='ocrx_word' id='word_1_4' title='bbox 666 294 718 320; x_wconf 68' lang='lat' dir='ltr'>nr:</span> <span class='ocrx_word' id='word_1_5' title='bbox 752 295 895 322; x_wconf 70' lang='lat' dir='ltr'>anmS</span> <span class='ocrx_word' id='word_1_6' title='bbox 928 296 1068 336; x_wconf 67' lang='lat' dir='ltr'>isAlffl,</span> <span class='ocrx_word' id='word_1_7' title='bbox 1104 303 1203 328; x_wconf 65' lang='lat' dir='ltr'>mii.</span> <span class='ocrx_word' id='word_1_8' title='bbox 1376 295 1455 332; x_wconf 59' lang='lat' dir='ltr'>fils,</span> 
     </span>
    </p>
   </div>
   <div class='ocr_carea' id='block_1_3' title="bbox 90 352 1475 2584">
    <p class='ocr_par' dir='ltr' id='par_1_3' title="bbox 90 352 1468 2525">
     <span class='ocr_line' id='line_1_3' title="bbox 93 352 1458 428; baseline 0.012 -33"><span class='ocrx_word' id='word_1_9' title='bbox 93 352 211 406; x_wconf 87' lang='lat' dir='ltr'>Quid</span> <span class='ocrx_word' id='word_1_10' title='bbox 232 354 349 398; x_wconf 89' lang='lat' dir='ltr'>enim</span> <span class='ocrx_word' id='word_1_11' title='bbox 371 369 480 414; x_wconf 88' lang='lat' dir='ltr'>opus</span> <span class='ocrx_word' id='word_1_12' title='bbox 504 366 595 401; x_wconf 90' lang='lat' dir='ltr'>erat</span> <span class='ocrx_word' id='word_1_13' title='bbox 614 358 785 403; x_wconf 88' lang='lat' dir='ltr'>Christo</span> <span class='ocrx_word' id='word_1_14' title='bbox 807 360 937 414; x_wconf 85' lang='lat' dir='ltr'>mori,</span> <span class='ocrx_word' id='word_1_15' title='bbox 967 362 1103 408; x_wconf 82' lang='lat' dir='ltr'>Verbo</span> <span class='ocrx_word' id='word_1_16' title='bbox 1127 367 1224 420; x_wconf 83' lang='lat' dir='ltr'>Dei,</span> <span class='ocrx_word' id='word_1_17' title='bbox 1251 383 1325 426; x_wconf 91' lang='lat' dir='ltr'>per</span> <span class='ocrx_word' id='word_1_18' title='bbox 1342 371 1458 428; x_wconf 76' lang='lat' dir='ltr'>quod</span> 
     </span>
     <span class='ocr_line' id='line_1_4' title="bbox 93 421 1460 496; baseline 0.012 -29"><span class='ocrx_word' id='word_1_19' title='bbox 93 421 207 468; x_wconf 87' lang='lat' dir='ltr'>facta</span> <span class='ocrx_word' id='word_1_20' title='bbox 240 433 342 468; x_wconf 87' lang='lat' dir='ltr'>sunt</span> <span class='ocrx_word' id='word_1_21' title='bbox 379 426 544 480; x_wconf 85' lang='lat' dir='ltr'>omnia,</span> <span class='ocrx_word' id='word_1_22' title='bbox 585 426 639 471; x_wconf 92' lang='lat' dir='ltr'>de</span> <span class='ocrx_word' id='word_1_23' title='bbox 674 444 762 488; x_wconf 86' lang='lat' dir='ltr'>quo</span> <span class='ocrx_word' id='word_1_24' title='bbox 798 430 957 475; x_wconf 86' lang='lat' dir='ltr'>dicitur</span> <span class='ocrx_word' id='word_1_25' title='bbox 985 452 992 476; x_wconf 76' lang='lat'>2</span> <span class='ocrx_word' id='word_1_26' title='bbox 1021 452 1040 474; x_wconf 89' lang='lat'>«</span> <span class='ocrx_word' id='word_1_27' title='bbox 1066 437 1114 478; x_wconf 89' lang='lat' dir='ltr'>In</span> <span class='ocrx_word' id='word_1_28' title='bbox 1138 438 1345 496; x_wconf 87' lang='lat' dir='ltr'>principio</span> <span class='ocrx_word' id='word_1_29' title='bbox 1371 451 1460 484; x_wconf 82' lang='lat' dir='ltr'>erat</span> 
     </span>
     <span class='ocr_line' id='line_1_5' title="bbox 97 494 1459 559; baseline 0.011 -22"><span class='ocrx_word' id='word_1_30' title='bbox 97 512 117 536; x_wconf 89' lang='lat'>»</span> <span class='ocrx_word' id='word_1_31' title='bbox 153 494 361 551; x_wconf 87' lang='lat' dir='ltr'>Verbum,</span> <span class='ocrx_word' id='word_1_32' title='bbox 402 504 446 540; x_wconf 86' lang='lat' dir='ltr'>et</span> <span class='ocrx_word' id='word_1_33' title='bbox 476 497 669 541; x_wconf 83' lang='lat' dir='ltr'>Verbum</span> <span class='ocrx_word' id='word_1_34' title='bbox 708 508 798 542; x_wconf 80' lang='lat' dir='ltr'>erat</span> <span class='ocrx_word' id='word_1_35' title='bbox 833 500 949 559; x_wconf 87' lang='lat' dir='ltr'>apud</span> <span class='ocrx_word' id='word_1_36' title='bbox 984 504 1133 558; x_wconf 76' lang='lat' dir='ltr'>Deum,</span> <span class='ocrx_word' id='word_1_37' title='bbox 1170 516 1209 549; x_wconf 89' lang='lat' dir='ltr'>et</span> <span class='ocrx_word' id='word_1_38' title='bbox 1238 510 1348 551; x_wconf 84' lang='lat' dir='ltr'>Deus</span> <span class='ocrx_word' id='word_1_39' title='bbox 1372 519 1459 552; x_wconf 79' lang='lat' dir='ltr'>erat</span> 
     </span>
     <span class='ocr_line' id='line_1_6' title="bbox 99 564 1459 636; baseline 0.004 -29"><span class='ocrx_word' id='word_1_40' title='bbox 99 584 117 605; x_wconf 86' lang='lat'>»</span> <span class='ocrx_word' id='word_1_41' title='bbox 152 564 346 609; x_wconf 88' lang='lat' dir='ltr'>Verbum</span> <span class='ocrx_word' id='word_1_42' title='bbox 369 585 378 610; x_wconf 72' lang='grc' dir='ltr'>ε</span> <span class='ocrx_word' id='word_1_43' title='bbox 403 566 546 610; x_wconf 89' lang='lat' dir='ltr'>omnia</span> <span class='ocrx_word' id='word_1_44' title='bbox 569 582 646 626; x_wconf 87' lang='lat' dir='ltr'>per</span> <span class='ocrx_word' id='word_1_45' title='bbox 667 567 806 627; x_wconf 91' lang='lat' dir='ltr'>ipsum</span> <span class='ocrx_word' id='word_1_46' title='bbox 825 569 936 615; x_wconf 85' lang='lat' dir='ltr'>facta</span> <span class='ocrx_word' id='word_1_47' title='bbox 953 575 1074 616; x_wconf 85' lang='lat' dir='ltr'>sunt¹</span> <span class='ocrx_word' id='word_1_48' title='bbox 1093 575 1110 616; x_wconf 71' lang='lat'>‚³</span> <span class='ocrx_word' id='word_1_49' title='bbox 1126 592 1143 613; x_wconf 84' lang='lat'>»</span> <span class='ocrx_word' id='word_1_50' title='bbox 1171 577 1223 619; x_wconf 83' lang='lat' dir='ltr'>Et</span> <span class='ocrx_word' id='word_1_51' title='bbox 1245 578 1459 636; x_wconf 66' lang='lat' dir='ltr'>crucifigi-</span> 
     </span>
     <span class='ocr_line' id='line_1_7' title="bbox 94 636 1462 703; baseline 0.009 -24"><span class='ocrx_word' id='word_1_52' title='bbox 94 644 188 690; x_wconf 89' lang='lat' dir='ltr'>tur,</span> <span class='ocrx_word' id='word_1_53' title='bbox 214 644 257 680; x_wconf 90' lang='lat' dir='ltr'>et</span> <span class='ocrx_word' id='word_1_54' title='bbox 290 636 516 691; x_wconf 86' lang='lat' dir='ltr'>irridetur,</span> <span class='ocrx_word' id='word_1_55' title='bbox 550 645 593 680; x_wconf 88' lang='lat' dir='ltr'>et</span> <span class='ocrx_word' id='word_1_56' title='bbox 619 637 766 683; x_wconf 84' lang='lat' dir='ltr'>lancea</span> <span class='ocrx_word' id='word_1_57' title='bbox 797 642 1064 698; x_wconf 87' lang='lat' dir='ltr'>percutitur,</span> <span class='ocrx_word' id='word_1_58' title='bbox 1090 652 1131 686; x_wconf 88' lang='lat' dir='ltr'>et</span> <span class='ocrx_word' id='word_1_59' title='bbox 1168 646 1387 703; x_wconf 71' lang='lat' dir='ltr'>sepelitur,</span> <span class='ocrx_word' id='word_1_60' title='bbox 1422 658 1462 691; x_wconf 77' lang='lat' dir='ltr'>ct</span> 
     </span>
     <span class='ocr_line' id='line_1_8' title="bbox 95 706 1465 771; baseline 0.009 -23"><span class='ocrx_word' id='word_1_61' title='bbox 95 706 240 750; x_wconf 88' lang='lat' dir='ltr'>omnia</span> <span class='ocrx_word' id='word_1_62' title='bbox 263 721 340 764; x_wconf 90' lang='lat' dir='ltr'>per</span> <span class='ocrx_word' id='word_1_63' title='bbox 371 706 513 765; x_wconf 90' lang='lat' dir='ltr'>ipsum</span> <span class='ocrx_word' id='word_1_64' title='bbox 535 706 647 752; x_wconf 86' lang='lat' dir='ltr'>facta</span> <span class='ocrx_word' id='word_1_65' title='bbox 675 719 789 753; x_wconf 88' lang='lat' dir='ltr'>sunt.</span> <span class='ocrx_word' id='word_1_66' title='bbox 829 711 911 754; x_wconf 86' lang='lat' dir='ltr'>Sed</span> <span class='ocrx_word' id='word_1_67' title='bbox 942 713 1041 771; x_wconf 86' lang='lat' dir='ltr'>quia</span> <span class='ocrx_word' id='word_1_68' title='bbox 1074 712 1269 771; x_wconf 83' lang='lat' dir='ltr'>dignatus</span> <span class='ocrx_word' id='word_1_69' title='bbox 1299 727 1358 760; x_wconf 62' lang='lat' dir='ltr'>cst</span> <span class='ocrx_word' id='word_1_70' title='bbox 1380 733 1465 760; x_wconf 73' lang='lat' dir='ltr'>essc</span> 
     </span>
     <span class='ocr_line' id='line_1_9' title="bbox 95 776 1464 845; baseline 0.007 -25"><span class='ocrx_word' id='word_1_71' title='bbox 95 785 228 836; x_wconf 89' lang='lat' dir='ltr'>caput</span> <span class='ocrx_word' id='word_1_72' title='bbox 248 776 450 820; x_wconf 71' lang='lat' dir='ltr'>Ecclesiae</span> <span class='ocrx_word' id='word_1_73' title='bbox 463 811 474 831; x_wconf 85' lang='lat'>‚</span> <span class='ocrx_word' id='word_1_74' title='bbox 499 776 744 837; x_wconf 79' lang='lat' dir='ltr'>desperaret</span> <span class='ocrx_word' id='word_1_75' title='bbox 761 781 815 823; x_wconf 90' lang='lat' dir='ltr'>de</span> <span class='ocrx_word' id='word_1_76' title='bbox 832 796 874 823; x_wconf 88' lang='lat' dir='ltr'>se</span> <span class='ocrx_word' id='word_1_77' title='bbox 894 782 1082 826; x_wconf 80' lang='lat' dir='ltr'>Ecclesia</span> <span class='ocrx_word' id='word_1_78' title='bbox 1098 785 1196 842; x_wconf 81' lang='lat' dir='ltr'>quia</span> <span class='ocrx_word' id='word_1_79' title='bbox 1215 797 1464 845; x_wconf 76' lang='lat' dir='ltr'>resurgeret,</span> 
     </span>
     <span class='ocr_line' id='line_1_10' title="bbox 95 845 1468 915; baseline 0.008 -26"><span class='ocrx_word' id='word_1_80' title='bbox 95 846 130 890; x_wconf 92' lang='lat' dir='ltr'>si</span> <span class='ocrx_word' id='word_1_81' title='bbox 160 845 326 890; x_wconf 87' lang='lat' dir='ltr'>videret</span> <span class='ocrx_word' id='word_1_82' title='bbox 355 847 457 907; x_wconf 86' lang='lat' dir='ltr'>quia</span> <span class='ocrx_word' id='word_1_83' title='bbox 486 863 573 892; x_wconf 89' lang='lat' dir='ltr'>non</span> <span class='ocrx_word' id='word_1_84' title='bbox 603 851 896 894; x_wconf 73' lang='lat' dir='ltr'>resurrexisset</span> <span class='ocrx_word' id='word_1_85' title='bbox 922 863 1064 911; x_wconf 89' lang='lat' dir='ltr'>caput.</span> <span class='ocrx_word' id='word_1_86' title='bbox 1102 857 1341 899; x_wconf 71' lang='lat' dir='ltr'>Resurrexit</span> <span class='ocrx_word' id='word_1_87' title='bbox 1369 874 1468 915; x_wconf 72' lang='lat' dir='ltr'>ergo</span> 
     </span>
     <span class='ocr_line' id='line_1_11' title="bbox 95 917 1468 981; baseline 0.007 -20"><span class='ocrx_word' id='word_1_88' title='bbox 95 927 253 977; x_wconf 86' lang='lat' dir='ltr'>caput,</span> <span class='ocrx_word' id='word_1_89' title='bbox 278 926 321 961; x_wconf 89' lang='lat' dir='ltr'>et</span> <span class='ocrx_word' id='word_1_90' title='bbox 342 917 480 962; x_wconf 89' lang='lat' dir='ltr'>visum</span> <span class='ocrx_word' id='word_1_91' title='bbox 507 928 570 963; x_wconf 88' lang='lat' dir='ltr'>est</span> <span class='ocrx_word' id='word_1_92' title='bbox 598 935 816 979; x_wconf 83' lang='lat' dir='ltr'>resurgere</span> <span class='ocrx_word' id='word_1_93' title='bbox 838 933 981 981; x_wconf 87' lang='lat' dir='ltr'>caput.</span> <span class='ocrx_word' id='word_1_94' title='bbox 1010 924 1151 969; x_wconf 87' lang='lat' dir='ltr'>Primo</span> <span class='ocrx_word' id='word_1_95' title='bbox 1175 942 1196 968; x_wconf 88' lang='lat' dir='ltr'>a</span> <span class='ocrx_word' id='word_1_96' title='bbox 1220 926 1468 971; x_wconf 75' lang='lat' dir='ltr'>mulieribus</span> 
     </span>
     <span class='ocr_line' id='line_1_12' title="bbox 94 987 1468 1053; baseline 0.007 -21"><span class='ocrx_word' id='word_1_97' title='bbox 94 987 237 1032; x_wconf 89' lang='lat' dir='ltr'>visum</span> <span class='ocrx_word' id='word_1_98' title='bbox 258 997 342 1043; x_wconf 91' lang='lat' dir='ltr'>est,</span> <span class='ocrx_word' id='word_1_99' title='bbox 368 998 410 1033; x_wconf 89' lang='lat' dir='ltr'>et</span> <span class='ocrx_word' id='word_1_100' title='bbox 440 989 689 1033; x_wconf 83' lang='lat' dir='ltr'>nuntiatum</span> <span class='ocrx_word' id='word_1_101' title='bbox 712 1001 774 1035; x_wconf 89' lang='lat' dir='ltr'>est</span> <span class='ocrx_word' id='word_1_102' title='bbox 804 992 918 1053; x_wconf 62' lang='lat' dir='ltr'>yiris.</span> <span class='ocrx_word' id='word_1_103' title='bbox 951 994 1103 1037; x_wconf 86' lang='lat' dir='ltr'>Primae</span> <span class='ocrx_word' id='word_1_104' title='bbox 1130 994 1326 1040; x_wconf 76' lang='lat' dir='ltr'>mulieres</span> <span class='ocrx_word' id='word_1_105' title='bbox 1347 999 1468 1041; x_wconf 80' lang='lat' dir='ltr'>vide-</span> 
     </span>
     <span class='ocr_line' id='line_1_13' title="bbox 94 1060 1467 1125; baseline 0.007 -23"><span class='ocrx_word' id='word_1_106' title='bbox 94 1067 198 1104; x_wconf 85' lang='lat' dir='ltr'>runt</span> <span class='ocrx_word' id='word_1_107' title='bbox 213 1068 509 1116; x_wconf 82' lang='lat' dir='ltr'>resurgentem</span> <span class='ocrx_word' id='word_1_108' title='bbox 526 1060 761 1103; x_wconf 90' lang='lat' dir='ltr'>Dominum</span> <span class='ocrx_word' id='word_1_109' title='bbox 773 1095 783 1114; x_wconf 76' lang='lat'>‚</span> <span class='ocrx_word' id='word_1_110' title='bbox 805 1069 847 1103; x_wconf 82' lang='lat' dir='ltr'>et</span> <span class='ocrx_word' id='word_1_111' title='bbox 861 1062 1144 1120; x_wconf 85' lang='lat' dir='ltr'>Evangelistis</span> <span class='ocrx_word' id='word_1_112' title='bbox 1161 1064 1316 1109; x_wconf 85' lang='lat' dir='ltr'>futuris</span> <span class='ocrx_word' id='word_1_113' title='bbox 1338 1071 1467 1125; x_wconf 78' lang='lat' dir='ltr'>Apos-</span> 
     </span>
     <span class='ocr_line' id='line_1_14' title="bbox 96 1130 1468 1196; baseline 0.006 -22"><span class='ocrx_word' id='word_1_114' title='bbox 96 1130 194 1175; x_wconf 90' lang='lat' dir='ltr'>tolis</span> <span class='ocrx_word' id='word_1_115' title='bbox 226 1146 250 1175; x_wconf 92' lang='lat' dir='ltr'>a</span> <span class='ocrx_word' id='word_1_116' title='bbox 284 1130 540 1175; x_wconf 87' lang='lat' dir='ltr'>mulieribus</span> <span class='ocrx_word' id='word_1_117' title='bbox 571 1131 856 1190; x_wconf 83' lang='lat' dir='ltr'>Evangelium</span> <span class='ocrx_word' id='word_1_118' title='bbox 884 1135 1186 1178; x_wconf 86' lang='lat' dir='ltr'>annuntiatum</span> <span class='ocrx_word' id='word_1_119' title='bbox 1209 1146 1295 1186; x_wconf 83' lang='lat' dir='ltr'>est,</span> <span class='ocrx_word' id='word_1_120' title='bbox 1322 1148 1362 1180; x_wconf 88' lang='lat' dir='ltr'>et</span> <span class='ocrx_word' id='word_1_121' title='bbox 1396 1155 1468 1196; x_wconf 87' lang='lat' dir='ltr'>per</span> 
     </span>
     <span class='ocr_line' id='line_1_15' title="bbox 95 1200 1467 1263; baseline 0.005 -17"><span class='ocrx_word' id='word_1_122' title='bbox 95 1201 297 1246; x_wconf 88' lang='lat' dir='ltr'>mulieres</span> <span class='ocrx_word' id='word_1_123' title='bbox 330 1200 413 1246; x_wconf 92' lang='lat' dir='ltr'>illis</span> <span class='ocrx_word' id='word_1_124' title='bbox 452 1201 648 1247; x_wconf 85' lang='lat' dir='ltr'>Christus</span> <span class='ocrx_word' id='word_1_125' title='bbox 685 1203 979 1247; x_wconf 90' lang='lat' dir='ltr'>annuntiatus.</span> <span class='ocrx_word' id='word_1_126' title='bbox 1027 1206 1308 1263; x_wconf 82' lang='lat' dir='ltr'>Evangelium</span> <span class='ocrx_word' id='word_1_127' title='bbox 1353 1210 1467 1253; x_wconf 85' lang='lat' dir='ltr'>enim</span> 
     </span>
     <span class='ocr_line' id='line_1_16' title="bbox 94 1270 1467 1330; baseline 0.005 -15"><span class='ocrx_word' id='word_1_128' title='bbox 94 1270 229 1316; x_wconf 88' lang='lat' dir='ltr'>latine</span> <span class='ocrx_word' id='word_1_129' title='bbox 268 1272 412 1317; x_wconf 90' lang='lat' dir='ltr'>bonus</span> <span class='ocrx_word' id='word_1_130' title='bbox 449 1272 628 1316; x_wconf 87' lang='lat' dir='ltr'>nuntius</span> <span class='ocrx_word' id='word_1_131' title='bbox 667 1281 742 1316; x_wconf 88' lang='lat' dir='ltr'>est.</span> <span class='ocrx_word' id='word_1_132' title='bbox 774 1273 857 1325; x_wconf 88' lang='lat' dir='ltr'>Qui</span> <span class='ocrx_word' id='word_1_133' title='bbox 894 1288 1028 1330; x_wconf 84' lang='lat' dir='ltr'>graece</span> <span class='ocrx_word' id='word_1_134' title='bbox 1060 1286 1293 1328; x_wconf 76' lang='lat' dir='ltr'>noverunt,</span> <span class='ocrx_word' id='word_1_135' title='bbox 1327 1279 1467 1322; x_wconf 88' lang='lat' dir='ltr'>sciunt</span> 
     </span>
     <span class='ocr_line' id='line_1_17' title="bbox 95 1340 1462 1402; baseline 0.005 -17"><span class='ocrx_word' id='word_1_136' title='bbox 95 1341 202 1402; x_wconf 91' lang='lat' dir='ltr'>quid</span> <span class='ocrx_word' id='word_1_137' title='bbox 223 1341 278 1386; x_wconf 90' lang='lat' dir='ltr'>sit</span> <span class='ocrx_word' id='word_1_138' title='bbox 308 1340 609 1401; x_wconf 84' lang='lat' dir='ltr'>Evangelium.</span> <span class='ocrx_word' id='word_1_139' title='bbox 645 1341 927 1401; x_wconf 87' lang='lat' dir='ltr'>Evangelium</span> <span class='ocrx_word' id='word_1_140' title='bbox 967 1359 1065 1401; x_wconf 91' lang='lat' dir='ltr'>ergo</span> <span class='ocrx_word' id='word_1_141' title='bbox 1101 1345 1239 1389; x_wconf 88' lang='lat' dir='ltr'>bonus</span> <span class='ocrx_word' id='word_1_142' title='bbox 1273 1350 1462 1392; x_wconf 87' lang='lat' dir='ltr'>nuntius.</span> 
     </span>
     <span class='ocr_line' id='line_1_18' title="bbox 96 1411 1466 1477; baseline 0.004 -21"><span class='ocrx_word' id='word_1_143' title='bbox 96 1411 214 1465; x_wconf 88' lang='lat' dir='ltr'>Quid</span> <span class='ocrx_word' id='word_1_144' title='bbox 235 1421 324 1456; x_wconf 89' lang='lat' dir='ltr'>tam</span> <span class='ocrx_word' id='word_1_145' title='bbox 357 1412 526 1457; x_wconf 91' lang='lat' dir='ltr'>bonum</span> <span class='ocrx_word' id='word_1_146' title='bbox 558 1412 762 1456; x_wconf 89' lang='lat' dir='ltr'>nuntium</span> <span class='ocrx_word' id='word_1_147' title='bbox 784 1428 1009 1472; x_wconf 88' lang='lat' dir='ltr'>possumus</span> <span class='ocrx_word' id='word_1_148' title='bbox 1030 1414 1170 1458; x_wconf 88' lang='lat' dir='ltr'>dicere</span> <span class='ocrx_word' id='word_1_149' title='bbox 1185 1451 1195 1469; x_wconf 93' lang='lat'>,</span> <span class='ocrx_word' id='word_1_150' title='bbox 1220 1432 1347 1476; x_wconf 84' lang='lat' dir='ltr'>quam</span> <span class='ocrx_word' id='word_1_151' title='bbox 1368 1419 1466 1477; x_wconf 84' lang='lat' dir='ltr'>quia</span> 
     </span>
     <span class='ocr_line' id='line_1_19' title="bbox 97 1481 1466 1544; baseline 0.004 -18"><span class='ocrx_word' id='word_1_152' title='bbox 97 1482 328 1527; x_wconf 80' lang='lat' dir='ltr'>resurrexit</span> <span class='ocrx_word' id='word_1_153' title='bbox 360 1481 556 1528; x_wconf 84' lang='lat' dir='ltr'>Salvator</span> <span class='ocrx_word' id='word_1_154' title='bbox 589 1491 760 1540; x_wconf 77' lang='lat' dir='ltr'>noster3</span> <span class='ocrx_word' id='word_1_155' title='bbox 799 1491 872 1526; x_wconf 87' lang='lat' dir='ltr'>aut</span> <span class='ocrx_word' id='word_1_156' title='bbox 904 1482 1009 1542; x_wconf 88' lang='lat' dir='ltr'>quid</span> <span class='ocrx_word' id='word_1_157' title='bbox 1034 1486 1167 1543; x_wconf 89' lang='lat' dir='ltr'>majus</span> <span class='ocrx_word' id='word_1_158' title='bbox 1197 1486 1466 1544; x_wconf 73' lang='lat' dir='ltr'>praedicaturi</span> 
     </span>
     <span class='ocr_line' id='line_1_20' title="bbox 96 1552 1467 1616; baseline 0.002 -19"><span class='ocrx_word' id='word_1_159' title='bbox 96 1562 243 1607; x_wconf 88' lang='lat' dir='ltr'>erant,</span> <span class='ocrx_word' id='word_1_160' title='bbox 268 1568 399 1613; x_wconf 90' lang='lat' dir='ltr'>quam</span> <span class='ocrx_word' id='word_1_161' title='bbox 435 1554 555 1612; x_wconf 92' lang='lat' dir='ltr'>quod</span> <span class='ocrx_word' id='word_1_162' title='bbox 576 1552 634 1596; x_wconf 90' lang='lat' dir='ltr'>eis</span> <span class='ocrx_word' id='word_1_163' title='bbox 662 1552 854 1597; x_wconf 82' lang='lat' dir='ltr'>foeminae</span> <span class='ocrx_word' id='word_1_164' title='bbox 876 1554 1212 1599; x_wconf 75' lang='lat' dir='ltr'>nuntiaverunt?</span> <span class='ocrx_word' id='word_1_165' title='bbox 1231 1556 1311 1600; x_wconf 85' lang='lat' dir='ltr'>Sed</span> <span class='ocrx_word' id='word_1_166' title='bbox 1335 1572 1467 1616; x_wconf 77' lang='lat' dir='ltr'>quare</span> 
     </span>
     <span class='ocr_line' id='line_1_21' title="bbox 96 1622 1466 1683; baseline 0.001 -15"><span class='ocrx_word' id='word_1_167' title='bbox 96 1622 279 1668; x_wconf 85' lang='lat' dir='ltr'>foemina</span> <span class='ocrx_word' id='word_1_168' title='bbox 299 1624 514 1668; x_wconf 81' lang='lat' dir='ltr'>nuntiavit</span> <span class='ocrx_word' id='word_1_169' title='bbox 549 1623 857 1682; x_wconf 83' lang='lat' dir='ltr'>Evangelium?</span> <span class='ocrx_word' id='word_1_170' title='bbox 878 1624 986 1676; x_wconf 90' lang='lat' dir='ltr'>Quia</span> <span class='ocrx_word' id='word_1_171' title='bbox 1018 1640 1091 1683; x_wconf 89' lang='lat' dir='ltr'>per</span> <span class='ocrx_word' id='word_1_172' title='bbox 1109 1625 1330 1670; x_wconf 80' lang='lat' dir='ltr'>foeminam</span> <span class='ocrx_word' id='word_1_173' title='bbox 1356 1642 1466 1670; x_wconf 65' lang='lat' dir='ltr'>mors</span> 
     </span>
     <span class='ocr_line' id='line_1_22' title="bbox 95 1691 1465 1739; baseline 0.001 -1"><span class='ocrx_word' id='word_1_174' title='bbox 95 1692 325 1738; x_wconf 88' lang='lat' dir='ltr'>emendata</span> <span class='ocrx_word' id='word_1_175' title='bbox 342 1702 421 1738; x_wconf 92' lang='lat' dir='ltr'>est.</span> <span class='ocrx_word' id='word_1_176' title='bbox 447 1693 617 1739; x_wconf 86' lang='lat' dir='ltr'>Etenim</span> <span class='ocrx_word' id='word_1_177' title='bbox 633 1691 855 1736; x_wconf 83' lang='lat' dir='ltr'>foeminam</span> <span class='ocrx_word' id='word_1_178' title='bbox 879 1695 1147 1737; x_wconf 82' lang='lat' dir='ltr'>nuntiantem</span> <span class='ocrx_word' id='word_1_179' title='bbox 1169 1705 1347 1738; x_wconf 84' lang='lat' dir='ltr'>mortem</span> <span class='ocrx_word' id='word_1_180' title='bbox 1369 1712 1465 1739; x_wconf 86' lang='lat' dir='ltr'>con-</span> 
     </span>
     <span class='ocr_line' id='line_1_23' title="bbox 95 1763 1463 1823; baseline 0.001 -15"><span class='ocrx_word' id='word_1_181' title='bbox 95 1763 230 1808; x_wconf 87' lang='lat' dir='ltr'>solata</span> <span class='ocrx_word' id='word_1_182' title='bbox 247 1773 311 1808; x_wconf 93' lang='lat' dir='ltr'>est</span> <span class='ocrx_word' id='word_1_183' title='bbox 331 1763 509 1808; x_wconf 84' lang='lat' dir='ltr'>foemina</span> <span class='ocrx_word' id='word_1_184' title='bbox 529 1763 732 1806; x_wconf 86' lang='lat' dir='ltr'>nuntians</span> <span class='ocrx_word' id='word_1_185' title='bbox 753 1763 884 1805; x_wconf 88' lang='lat' dir='ltr'>vitam</span> <span class='ocrx_word' id='word_1_186' title='bbox 904 1797 914 1815; x_wconf 88' lang='lat'><strong>‚</strong></span> <span class='ocrx_word' id='word_1_187' title='bbox 938 1763 1037 1820; x_wconf 83' lang='lat' dir='ltr'>quia</span> <span class='ocrx_word' id='word_1_188' title='bbox 1064 1773 1229 1807; x_wconf 87' lang='lat' dir='ltr'>mortua</span> <span class='ocrx_word' id='word_1_189' title='bbox 1251 1774 1340 1808; x_wconf 86' lang='lat' dir='ltr'>erat</span> <span class='ocrx_word' id='word_1_190' title='bbox 1364 1781 1463 1823; x_wconf 88' lang='lat' dir='ltr'>pro-</span> 
     </span>
     <span class='ocr_line' id='line_1_24' title="bbox 98 1830 1465 1892; baseline -0.001 -14"><span class='ocrx_word' id='word_1_191' title='bbox 98 1834 251 1892; x_wconf 86' lang='lat' dir='ltr'>pinans</span> <span class='ocrx_word' id='word_1_192' title='bbox 267 1842 470 1878; x_wconf 88' lang='lat' dir='ltr'>mortem.</span> <span class='ocrx_word' id='word_1_193' title='bbox 500 1835 580 1876; x_wconf 90' lang='lat' dir='ltr'>Per</span> <span class='ocrx_word' id='word_1_194' title='bbox 601 1830 825 1875; x_wconf 86' lang='lat' dir='ltr'>foeminam</span> <span class='ocrx_word' id='word_1_195' title='bbox 848 1833 1049 1875; x_wconf 82' lang='lat' dir='ltr'>seductus</span> <span class='ocrx_word' id='word_1_196' title='bbox 1063 1841 1124 1875; x_wconf 86' lang='lat' dir='ltr'>est</span> <span class='ocrx_word' id='word_1_197' title='bbox 1147 1833 1298 1885; x_wconf 83' lang='lat' dir='ltr'>Adam,</span> <span class='ocrx_word' id='word_1_198' title='bbox 1326 1845 1370 1877; x_wconf 90' lang='lat' dir='ltr'>ut</span> <span class='ocrx_word' id='word_1_199' title='bbox 1394 1851 1465 1877; x_wconf 81' lang='lat' dir='ltr'>ca-</span> 
     </span>
     <span class='ocr_line' id='line_1_25' title="bbox 97 1900 1464 1961; baseline 0 -14"><span class='ocrx_word' id='word_1_200' title='bbox 97 1903 220 1948; x_wconf 80' lang='lat' dir='ltr'>deret</span> <span class='ocrx_word' id='word_1_201' title='bbox 247 1903 291 1946; x_wconf 90' lang='lat' dir='ltr'>in</span> <span class='ocrx_word' id='word_1_202' title='bbox 316 1911 498 1947; x_wconf 91' lang='lat' dir='ltr'>mortem</span> <span class='ocrx_word' id='word_1_203' title='bbox 527 1920 535 1946; x_wconf 94' lang='lat'>:</span> <span class='ocrx_word' id='word_1_204' title='bbox 571 1916 648 1961; x_wconf 87' lang='lat' dir='ltr'>per</span> <span class='ocrx_word' id='word_1_205' title='bbox 670 1900 889 1945; x_wconf 80' lang='lat' dir='ltr'>foeminam</span> <span class='ocrx_word' id='word_1_206' title='bbox 926 1902 1144 1944; x_wconf 84' lang='lat' dir='ltr'>nuntiatus</span> <span class='ocrx_word' id='word_1_207' title='bbox 1177 1913 1238 1945; x_wconf 81' lang='lat' dir='ltr'>cst</span> <span class='ocrx_word' id='word_1_208' title='bbox 1259 1904 1464 1957; x_wconf 75' lang='lat' dir='ltr'>Christus,</span> 
     </span>
     <span class='ocr_line' id='line_1_26' title="bbox 90 1971 1464 2034; baseline -0.003 -16"><span class='ocrx_word' id='word_1_209' title='bbox 90 1976 181 2034; x_wconf 87' lang='lat' dir='ltr'>jam</span> <span class='ocrx_word' id='word_1_210' title='bbox 205 1988 431 2032; x_wconf 89' lang='lat' dir='ltr'>resurgens</span> <span class='ocrx_word' id='word_1_211' title='bbox 450 1988 539 2017; x_wconf 91' lang='lat' dir='ltr'>non</span> <span class='ocrx_word' id='word_1_212' title='bbox 555 1971 802 2016; x_wconf 87' lang='lat' dir='ltr'>moriturus.</span> <span class='ocrx_word' id='word_1_213' title='bbox 830 1971 896 2015; x_wconf 91' lang='lat' dir='ltr'>Sic</span> <span class='ocrx_word' id='word_1_214' title='bbox 919 1980 960 2014; x_wconf 87' lang='lat' dir='ltr'>et</span> <span class='ocrx_word' id='word_1_215' title='bbox 983 1986 1058 2014; x_wconf 85' lang='lat' dir='ltr'>nos</span> <span class='ocrx_word' id='word_1_216' title='bbox 1080 1973 1212 2014; x_wconf 78' lang='lat' dir='ltr'>futuri</span> <span class='ocrx_word' id='word_1_217' title='bbox 1232 1987 1376 2015; x_wconf 83' lang='lat' dir='ltr'>sumus</span> <span class='ocrx_word' id='word_1_218' title='bbox 1399 1990 1464 2015; x_wconf 84' lang='lat' dir='ltr'>re-</span> 
     </span>
     <span class='ocr_line' id='line_1_27' title="bbox 95 2041 1465 2104; baseline -0.002 -16"><span class='ocrx_word' id='word_1_219' title='bbox 95 2059 270 2104; x_wconf 84' lang='lat' dir='ltr'>surgere</span> <span class='ocrx_word' id='word_1_220' title='bbox 288 2051 331 2088; x_wconf 87' lang='lat' dir='ltr'>et</span> <span class='ocrx_word' id='word_1_221' title='bbox 348 2043 507 2087; x_wconf 86' lang='lat' dir='ltr'>erimus</span> <span class='ocrx_word' id='word_1_222' title='bbox 527 2057 648 2086; x_wconf 89' lang='lat' dir='ltr'>mons</span> <span class='ocrx_word' id='word_1_223' title='bbox 665 2051 836 2085; x_wconf 88' lang='lat' dir='ltr'>sanctus</span> <span class='ocrx_word' id='word_1_224' title='bbox 856 2041 942 2084; x_wconf 86' lang='lat' dir='ltr'>Dei.</span> <span class='ocrx_word' id='word_1_225' title='bbox 969 2045 1014 2083; x_wconf 89' lang='lat' dir='ltr'>ln</span> <span class='ocrx_word' id='word_1_226' title='bbox 1040 2041 1117 2084; x_wconf 81' lang='lat' dir='ltr'>hoc</span> <span class='ocrx_word' id='word_1_227' title='bbox 1136 2050 1280 2084; x_wconf 85' lang='lat' dir='ltr'>monte</span> <span class='ocrx_word' id='word_1_228' title='bbox 1304 2042 1465 2085; x_wconf 81' lang='lat' dir='ltr'>habitat</span> 
     </span>
     <span class='ocr_line' id='line_1_28' title="bbox 96 2111 1464 2175; baseline -0.004 -15"><span class='ocrx_word' id='word_1_229' title='bbox 96 2115 173 2175; x_wconf 85' lang='lat' dir='ltr'>qui</span> <span class='ocrx_word' id='word_1_230' title='bbox 195 2115 368 2160; x_wconf 89' lang='lat' dir='ltr'>deditus</span> <span class='ocrx_word' id='word_1_231' title='bbox 391 2123 454 2159; x_wconf 91' lang='lat' dir='ltr'>est</span> <span class='ocrx_word' id='word_1_232' title='bbox 475 2117 582 2158; x_wconf 90' lang='lat' dir='ltr'>Deo.</span> <span class='ocrx_word' id='word_1_233' title='bbox 607 2132 626 2155; x_wconf 92' lang='lat'>«</span> <span class='ocrx_word' id='word_1_234' title='bbox 651 2112 735 2164; x_wconf 85' lang='lat' dir='ltr'>Qui</span> <span class='ocrx_word' id='word_1_235' title='bbox 751 2121 891 2155; x_wconf 89' lang='lat' dir='ltr'>autem</span> <span class='ocrx_word' id='word_1_236' title='bbox 917 2112 1019 2154; x_wconf 81' lang='lat' dir='ltr'>milii</span> <span class='ocrx_word' id='word_1_237' title='bbox 1037 2111 1167 2154; x_wconf 82' lang='lat' dir='ltr'>dediti</span> <span class='ocrx_word' id='word_1_238' title='bbox 1190 2121 1339 2159; x_wconf 77' lang='lat' dir='ltr'>erunt.</span> <span class='ocrx_word' id='word_1_239' title='bbox 1369 2128 1464 2170; x_wconf 80' lang='lat' dir='ltr'>pos-</span> 
     </span>
     <span class='ocr_line' id='line_1_29' title="bbox 99 2181 1460 2238; baseline -0.002 -12"><span class='ocrx_word' id='word_1_240' title='bbox 99 2204 120 2226; x_wconf 83' lang='lat'>»</span> <span class='ocrx_word' id='word_1_241' title='bbox 155 2185 361 2229; x_wconf 88' lang='lat' dir='ltr'>sidebunt</span> <span class='ocrx_word' id='word_1_242' title='bbox 397 2194 583 2238; x_wconf 86' lang='lat' dir='ltr'>terram,</span> <span class='ocrx_word' id='word_1_243' title='bbox 626 2191 668 2226; x_wconf 92' lang='lat' dir='ltr'>et</span> <span class='ocrx_word' id='word_1_244' title='bbox 715 2181 1015 2225; x_wconf 85' lang='lat' dir='ltr'>inhabitabunt</span> <span class='ocrx_word' id='word_1_245' title='bbox 1049 2190 1234 2224; x_wconf 63' lang='lat' dir='ltr'>monti-m</span> <span class='ocrx_word' id='word_1_246' title='bbox 1269 2191 1460 2225; x_wconf 77' lang='lat' dir='ltr'>sam-tum</span> 
     </span>
     <span class='ocr_line' id='line_1_30' title="bbox 99 2252 1464 2307; baseline -0.001 -10"><span class='ocrx_word' id='word_1_247' title='bbox 99 2275 120 2298; x_wconf 85' lang='lat'>»</span> <span class='ocrx_word' id='word_1_248' title='bbox 156 2271 303 2300; x_wconf 90' lang='lat' dir='ltr'>meum</span> <span class='ocrx_word' id='word_1_249' title='bbox 331 2275 339 2301; x_wconf 90' lang='lat'>:</span> <span class='ocrx_word' id='word_1_250' title='bbox 375 2275 393 2296; x_wconf 88' lang='lat'>»</span> <span class='ocrx_word' id='word_1_251' title='bbox 421 2255 465 2299; x_wconf 91' lang='lat' dir='ltr'>id</span> <span class='ocrx_word' id='word_1_252' title='bbox 487 2264 578 2307; x_wconf 86' lang='lat' dir='ltr'>est,</span> <span class='ocrx_word' id='word_1_253' title='bbox 609 2268 695 2296; x_wconf 89' lang='lat' dir='ltr'>non</span> <span class='ocrx_word' id='word_1_254' title='bbox 732 2252 930 2296; x_wconf 70' lang='lat' dir='ltr'>recedent</span> <span class='ocrx_word' id='word_1_255' title='bbox 952 2252 1005 2294; x_wconf 87' lang='lat' dir='ltr'>ab</span> <span class='ocrx_word' id='word_1_256' title='bbox 1032 2252 1229 2294; x_wconf 82' lang='lat' dir='ltr'>Ecclesia.</span> <span class='ocrx_word' id='word_1_257' title='bbox 1258 2253 1385 2295; x_wconf 77' lang='lat' dir='ltr'>Modo</span> <span class='ocrx_word' id='word_1_258' title='bbox 1409 2252 1464 2295; x_wconf 83' lang='lat' dir='ltr'>la-</span> 
     </span>
     <span class='ocr_line' id='line_1_31' title="bbox 95 2320 1465 2382; baseline -0.006 -10"><span class='ocrx_word' id='word_1_259' title='bbox 95 2327 302 2372; x_wconf 84' lang='lat' dir='ltr'>boremus</span> <span class='ocrx_word' id='word_1_260' title='bbox 338 2326 383 2370; x_wconf 92' lang='lat' dir='ltr'>in</span> <span class='ocrx_word' id='word_1_261' title='bbox 415 2324 632 2378; x_wconf 85' lang='lat' dir='ltr'>Ecclesia,</span> <span class='ocrx_word' id='word_1_262' title='bbox 668 2332 813 2382; x_wconf 87' lang='lat' dir='ltr'>postea</span> <span class='ocrx_word' id='word_1_263' title='bbox 843 2321 1186 2365; x_wconf 77' lang='lat' dir='ltr'>haereditabimus</span> <span class='ocrx_word' id='word_1_264' title='bbox 1223 2320 1465 2365; x_wconf 69' lang='lat' dir='ltr'>Ecclesiam.</span> 
     </span>
     <span class='ocr_line' id='line_1_32' title="bbox 99 2393 1467 2453; baseline -0.005 -10"><span class='ocrx_word' id='word_1_265' title='bbox 99 2397 286 2452; x_wconf 88' lang='lat' dir='ltr'>Quando</span> <span class='ocrx_word' id='word_1_266' title='bbox 310 2397 427 2441; x_wconf 90' lang='lat' dir='ltr'>enim</span> <span class='ocrx_word' id='word_1_267' title='bbox 464 2396 524 2439; x_wconf 89' lang='lat' dir='ltr'>ibi</span> <span class='ocrx_word' id='word_1_268' title='bbox 559 2395 639 2439; x_wconf 89' lang='lat' dir='ltr'>erit</span> <span class='ocrx_word' id='word_1_269' title='bbox 671 2393 874 2453; x_wconf 85' lang='lat' dir='ltr'>gaudium</span> <span class='ocrx_word' id='word_1_270' title='bbox 915 2401 1106 2436; x_wconf 87' lang='lat' dir='ltr'>nostrum</span> <span class='ocrx_word' id='word_1_271' title='bbox 1135 2393 1467 2449; x_wconf 74' lang='lat' dir='ltr'>sempiternum,</span> 
     </span>
     <span class='ocr_line' id='line_1_33' title="bbox 101 2461 1468 2525; baseline -0.007 -11"><span class='ocrx_word' id='word_1_272' title='bbox 101 2484 189 2514; x_wconf 92' lang='lat' dir='ltr'>non</span> <span class='ocrx_word' id='word_1_273' title='bbox 214 2469 273 2513; x_wconf 89' lang='lat' dir='ltr'>ibi</span> <span class='ocrx_word' id='word_1_274' title='bbox 291 2468 451 2512; x_wconf 89' lang='lat' dir='ltr'>erimus</span> <span class='ocrx_word' id='word_1_275' title='bbox 474 2466 552 2510; x_wconf 90' lang='lat' dir='ltr'>nisi</span> <span class='ocrx_word' id='word_1_276' title='bbox 575 2480 852 2525; x_wconf 70' lang='lat' dir='ltr'>possessores,</span> <span class='ocrx_word' id='word_1_277' title='bbox 878 2478 962 2507; x_wconf 91' lang='lat' dir='ltr'>non</span> <span class='ocrx_word' id='word_1_278' title='bbox 992 2472 1132 2506; x_wconf 76' lang='lat' dir='ltr'>autem</span> <span class='ocrx_word' id='word_1_279' title='bbox 1166 2461 1468 2506; x_wconf 77' lang='lat' dir='ltr'>laborabimus.</span> 
     </span>
    </p>

    <p class='ocr_par' dir='ltr' id='par_1_4' title="bbox 160 2532 1475 2584">
     <span class='ocr_line' id='line_1_34' title="bbox 160 2532 1475 2584; baseline -0.006 0"><span class='ocrx_word' id='word_1_280' title='bbox 160 2541 237 2583; x_wconf 85' lang='lat' dir='ltr'>Vl.</span> <span class='ocrx_word' id='word_1_281' title='bbox 266 2538 351 2584; x_wconf 90' lang='lat' dir='ltr'>Sed</span> <span class='ocrx_word' id='word_1_282' title='bbox 366 2537 592 2583; x_wconf 82' lang='lat' dir='ltr'>evidenter</span> <span class='ocrx_word' id='word_1_283' title='bbox 611 2536 875 2579; x_wconf 80' lang='lat' dir='ltr'>inveniamus</span> <span class='ocrx_word' id='word_1_284' title='bbox 893 2533 990 2577; x_wconf 85' lang='lat' dir='ltr'>alibi</span> <span class='ocrx_word' id='word_1_285' title='bbox 1006 2541 1194 2576; x_wconf 78' lang='lat' dir='ltr'>montem</span> <span class='ocrx_word' id='word_1_286' title='bbox 1210 2532 1333 2575; x_wconf 80' lang='lat' dir='ltr'>istum</span> <span class='ocrx_word' id='word_1_287' title='bbox 1355 2553 1360 2575; x_wconf 87' lang='lat'><strong>:</strong></span> <span class='ocrx_word' id='word_1_288' title='bbox 1381 2548 1475 2576; x_wconf 83' lang='lat' dir='ltr'>nam</span> 
     </span>
    </p>
   </div>
   <div class='ocr_carea' id='block_1_4' title="bbox 152 2625 1343 2716">
    <p class='ocr_par' dir='ltr' id='par_1_5' title="bbox 152 2625 1343 2716">
     <span class='ocr_line' id='line_1_35' title="bbox 152 2625 355 2663; baseline -0.01 -7"><span class='ocrx_word' id='word_1_289' title='bbox 152 2625 268 2656; x_wconf 69' lang='lat' dir='ltr'>‘Joam</span> <span class='ocrx_word' id='word_1_290' title='bbox 286 2634 308 2663; x_wconf 79' lang='grc' dir='ltr'>ι,</span> <span class='ocrx_word' id='word_1_291' title='bbox 329 2634 355 2654; x_wconf 85' lang='grc' dir='ltr'>ι.</span> 
     </span>
     <span class='ocr_line' id='line_1_36' title="bbox 293 2672 1343 2716; baseline 0.002 0"><span class='ocrx_word' id='word_1_292' title='bbox 293 2687 449 2716; x_wconf 73' lang='lat' dir='ltr'>cxxiv.</span> <span class='ocrx_word' id='word_1_293' title='bbox 1296 2672 1343 2704; x_wconf 63' lang='lat'>³¹3</span> 
     </span>
    </p>
   </div>
  </div>
 </body>
</html>
