1867 3320
215 309 352 337 SERMO
386 309 472 346 ΧΠ,
508 307 554 336 m
587 309 658 336 JOB
691 310 722 346 1,
759 297 801 346 8,
836 307 888 335 ΕΤ
920 305 1084 335 MATTH.
1122 311 1164 347 v,
1201 300 1241 336 8.
1335 302 1416 340 287

26 373 135 434 ‘inde
151 373 373 433 'frigescit3
398 372 528 417 durat
549 373 705 416 limum
723 407 734 427 ,
760 387 841 416 nec
874 372 975 416 inde
994 372 1221 418 mollescit.
1247 377 1302 420 Et
1329 379 1420 420 Do-

36 445 178 492 minus
195 454 341 489 noster
354 446 378 488 J
382 459 476 488 esus
488 444 685 489 Christus
700 443 894 487 Verbum
911 443 1064 498 Patris,
1076 459 1152 502 per
1172 443 1290 502 quod
1309 446 1422 490 facta

35 525 135 562 sunt
151 516 312 567 omnia,
329 515 465 560 virtus
488 524 531 559 et
549 514 759 574 sapientia
782 514 883 570 Dei,
904 514 1070 574 ubique
1093 529 1302 573 praesens,
1329 517 1423 559 ubi-

35 598 121 648 'que
154 595 365 641 secretus,
393 586 560 646 ubique
589 594 731 641 totus,
754 600 971 645 nusquam
996 584 1210 640 inclusus,
1248 594 1424 645 perten-

35 658 142 704 dens
173 675 197 703 a
231 659 319 702 fine
352 672 491 718 usque
515 657 570 701 ad
591 657 724 700 finem
746 655 938 712 fortiter,
961 664 1005 701 et
1026 656 1258 716 disponens
1280 658 1425 701 omnia

34 729 247 784 suaviter,
282 729 439 772 timent
464 726 680 783 infelice5‚
706 741 762 771 ne
783 742 874 772 non
896 727 1087 787 potuerit
1113 727 1173 771 sie
1202 727 1425 771 hominem

34 813 250 844 assumere
266 833 277 853 ‚
297 807 348 842 ut
362 797 601 843 vivificaret
616 795 817 842 mortalia
836 832 847 852 ‚
878 812 959 841 nec
977 797 1032 841 ab
1054 797 1113 841 eis
1138 798 1425 842 mortificare-

33 877 105 913 tur
125 889 136 926 3
161 868 449 913 sanctificaret
475 882 651 912 carnem
667 902 678 923 ,
715 882 797 911 nec
821 867 922 911 inde
944 866 1244 927 pollueretur3
1269 867 1424 912 dissol-

31 947 151 984 veret
173 947 358 984 mortem
379 973 389 993 ,
423 953 504 982 nec
531 938 634 981 inde
665 936 901 995 ligaretur·⁷
932 947 1122 982 mutaret
1144 938 1188 981 in
1211 953 1254 982 se
1276 939 1423 982 homi—

31 1023 149 1064 nem,
166 1025 245 1053 nec
262 1009 308 1053 in
324 1009 547 1052 hominem
570 1009 842 1051 mutaretur?
859 1006 993 1052 Aliud
1010 1022 1062 1051 ex
1079 1007 1164 1052 alio
1181 1007 1421 1068 disputare,

31 1088 208 1139 propter
238 1077 533 1139 quorumdam
564 1077 898 1131 titubationem,
921 1086 965 1121 et
986 1078 1275 1137 periculosam
1299 1079 1425 1122 infir-

29 1150 226 1194 mitatem
247 1149 376 1204 fidei,
415 1147 631 1208 compulsi
660 1164 826 1193 sumus.
863 1148 995 1202 Quod
1017 1158 1163 1194 autem
1185 1149 1340 1194 attinet
1371 1149 1426 1193 ad

31 1220 295 1280 propositam
316 1219 603 1279 quaestionem
624 1253 634 1274 ‚
663 1234 916 1279 quanquam
949 1218 1023 1263 illa
1047 1219 1269 1278 Scriptura
1284 1255 1294 1274 ‚
1333 1221 1349 1276 (
1370 1219 1425 1263 de

26 1305 118 1350 qua
140 1290 332 1335 insidiari
355 1304 487 1350 quam
512 1288 751 1333 illuminari
783 1288 1025 1333 maluerant
1041 1292 1086 1346 ,)
1117 1292 1259 1334 Deum
1281 1305 1304 1333 a
1330 1288 1424 1334 dja-

32 1360 136 1406 bolo
155 1362 295 1406 visum
311 1376 417 1417 esse,
434 1377 522 1406 non
539 1360 718 1421 probet:
740 1360 917 1405 videant
934 1370 1081 1406 tamen
1101 1362 1182 1421 ipsi
1199 1361 1423 1422 quomodo

33 1445 136 1490 gens
169 1432 449 1477 tenebrarum
480 1432 673 1476 divinam
707 1432 997 1476 substantiam
1030 1432 1178 1477 videre
1202 1433 1419 1492 potuerit,

31 1500 209 1562 quando
231 1511 332 1546 ante
359 1517 578 1562 pugnam,
603 1517 689 1562 qua
712 1501 879 1546 bonum
905 1512 949 1547 et
977 1503 1142 1547 malum
1165 1502 1318 1548 dieunt
1334 1517 1423 1546 esse

31 1574 344 1629 commixtum,
369 1573 546 1618 nullum
563 1574 706 1618 adhuc
728 1589 888 1634 eorpus
916 1574 1062 1619 divina
1084 1574 1354 1628 substantia
1375 1581 1425 1616 ut

0 1645 88 1690 ab
109 1645 232 1690 hoste
254 1661 333 1690 suo
354 1644 491 1690 videri
509 1654 682 1705 posset,
708 1656 1013 1705 assumpserat
1042 1650 1105 1691 Ex
1126 1662 1216 1707 quo
1237 1660 1423 1704 cognos-

0 1709 2 1774 Ι
27 1726 162 1772 cant,
194 1717 356 1762 frustia
378 1733 422 1762 se
445 1717 671 1763 catholicae
695 1716 797 1762 fidei
815 1719 1087 1764 firmamenta
1109 1718 1222 1764 velle
1240 1717 1424 1762 subver—

31 1796 144 1844 tere,
175 1804 276 1833 cum
300 1805 397 1834 suas
415 1789 585 1834 fabulas
605 1790 799 1834 ruinosas
820 1789 1218 1850 qualibuscumque
1241 1804 1424 1848 respon-

28 1856 204 1902 -sionum
224 1860 404 1901 destinls
426 1861 583 1900 fulcire
605 1871 695 1900 non
719 1862 898 1913 possint.
