1867 3320
324 257 462 283 senno
495 257 595 294 xm,
631 259 684 286 nr.
717 260 861 288 vmzms
893 262 1196 293 zectnsxAsricr.
1355 262 1439 298 519

67 333 169 378 ergo
185 318 291 378 vita,
315 335 445 379 quam
469 320 603 375 vides,
621 333 783 367 nonest
798 332 888 367 tua.
911 329 1169 386 «Percepisti
1191 330 1303 377 hona
1317 342 1432 379 tua.»

68 391 171 434 Haec
188 403 289 446 ergo
307 404 406 448 quae
421 388 476 435 de
491 388 733 450 longinquo
745 392 929 451 suspiras
951 393 1192 443 desiderans
1205 434 1216 452 ,
1234 415 1321 444 non
1338 398 1437 448 sunt

66 467 157 516 tua.
183 458 268 502 Ubi
295 466 396 502 sunt
417 457 549 501 verba
583 458 790 514 divitum,
829 470 871 505 et
908 460 1110 509 divitibus
1144 466 1434 528 adulantium,

65 526 242 588 quando
264 526 415 573 vident
435 526 626 587 aliquem
648 527 812 574 deliciis
830 531 1138 592 temporalibus
1168 538 1436 598 affluentem,

65 596 364 643 abundantem
387 597 432 640 in
455 606 591 653 terra,
616 607 776 644 terram
797 601 1032 660 rapientem
1047 612 1090 647 et
1100 618 1437 667 exaggerantem,

64 676 108 712 et
143 668 391 712 trahentem
429 667 486 712 ad
525 683 570 712 se
607 668 839 728 plumbum
875 687 974 717 cum
1024 690 1113 734 quo
1146 675 1441 737 demergatur?

63 736 238 786 Grande
259 736 375 782 enim
397 737 573 797 pondus
596 738 720 787 illum
745 741 922 788 divitem
954 741 1009 788 ad
1031 744 1199 792 inferna
1219 748 1439 806 perduxit,

63 817 107 853 et
140 807 305 856 sarcina
338 808 480 866 gravis
503 824 643 871 usque
664 812 720 855 ad
741 811 826 857 ima
850 811 1072 872 depressit.
1111 817 1208 862 Non
1232 817 1345 863 enim
1367 836 1445 865 au-

62 877 202 925 dierat
229 896 239 927 ς
268 896 289 920 «
318 877 475 923 Venite
503 878 557 922 ad
581 894 651 923 me
674 881 750 940 qui
784 880 1015 936 laboratis,
1056 893 1100 928 et
1134 887 1297 932 onerati
1327 890 1438 935 estis.

65 966 84 988 »
119 950 145 991 J
150 962 283 1004 ugum
306 963 453 991 meum
474 947 572 992 lene
594 959 679 1003 est,
706 959 748 994 et
766 952 929 995 sarcina
948 967 1041 996 mea
1056 953 1160 998 levis
1182 966 1245 1000 est
1259 959 1320 1001 ¹.»
1342 960 1441 1004 Sar-

60 1017 158 1063 cina
179 1017 339 1061 Christi
360 1032 517 1075 pennae
531 1026 648 1063 sunt.
674 1021 750 1062 His
771 1021 923 1078 pennis
943 1020 1015 1063 ille
1036 1036 1199 1081 pauper
1224 1025 1269 1070 in
1298 1027 1440 1072 sinum

60 1085 249 1131 Abrahae
268 1084 447 1131 volavit.
485 1086 609 1129 Dives
640 1101 741 1144 ergo
770 1088 854 1132 hoc
888 1089 1036 1133 audire
1066 1091 1220 1136 noluit.
1246 1094 1444 1140 Adulan-

59 1156 169 1201 tium
181 1156 298 1200 enim
319 1155 490 1214 linguas
510 1154 689 1202 audivit.
716 1157 793 1201 His
811 1157 970 1216 linguis
986 1160 1186 1205 adversus
1210 1166 1443 1224 Prophetas

59 1225 290 1270 obsurduit
318 1244 326 1269 2
358 1223 515 1282 linguis
541 1224 654 1269 male
687 1225 958 1271 laudantium
986 1237 1028 1271 et
1057 1229 1293 1275 dicentium
1316 1252 1324 1277 t
1350 1235 1436 1279 Soli

57 1295 179 1350 estis,
205 1294 283 1339 soli
302 1294 460 1339 vivitis.
476 1297 608 1353 Ergo,
637 1313 654 1333 «
671 1295 902 1354 Percepisti
917 1296 1027 1340 bona
1045 1306 1117 1342 tua
1139 1300 1183 1343 in
1204 1301 1289 1345 vita
1306 1310 1394 1347 tua.
1415 1324 1432 1345 »

57 1366 161 1409 Haec
184 1365 301 1409 enim
326 1365 440 1409 bona
468 1374 541 1409 tua
571 1365 819 1410 existimasti
841 1385 850 1410 ε
876 1366 956 1410 alia
980 1382 1067 1412 non
1088 1369 1325 1427 credidisti,
1346 1388 1434 1418 non

56 1434 235 1493 sperasti
262 1435 525 1494 :percepisti
568 1434 639 1478 illa
672 1435 718 1477 in
748 1434 834 1480 vita
868 1444 956 1479 tua.
996 1435 1116 1480 Illam
1155 1439 1270 1483 enim
1301 1440 1434 1487 solam

55 1504 188 1551 vitam
216 1513 335 1554 tuam
370 1506 555 1564 putasti,
581 1505 758 1564 quando
780 1514 876 1565 post
898 1515 1080 1551 mortem
1103 1508 1209 1553 nihil
1235 1510 1433 1557 futurum

55 1576 261 1634 sperasti,
280 1575 389 1620 nihil
412 1576 532 1620 triste
553 1575 747 1620 timuisti.
774 1593 790 1614 «
814 1577 1043 1636 Percepisti
1059 1593 1160 1637 ergo
1172 1579 1284 1624 bona
1303 1591 1373 1626 tua
1388 1583 1432 1627 in

60 1665 78 1686 »
111 1645 200 1689 vita
230 1655 305 1689 tua
331 1664 340 1688 ε
366 1648 551 1689 Lazarus
570 1655 713 1689 autem
730 1645 856 1690 mala.
885 1648 982 1691 Non
1005 1646 1130 1701 dixit,
1152 1665 1262 1692 «sua
1288 1668 1307 1690 »
1327 1671 1337 1707 3
1361 1653 1435 1697 sed

58 1732 80 1756 «
113 1714 270 1770 mala,»
289 1730 389 1774 quae
410 1715 608 1759 homines
622 1724 797 1772 putant,
817 1729 914 1772 quae
937 1717 1130 1759 homines
1155 1719 1429 1780 timent,quae

4 1789 10 1792 ’
54 1785 250 1829 homines
272 1801 350 1844 pro
372 1800 530 1843 magno
554 1784 764 1828 devitant.
801 1784 1072 1843 Percepithic
1097 1788 1278 1833 Lazarus
1300 1790 1425 1835 mala.

55 1856 173 1901 Bona
196 1863 270 1899 tua
294 1864 400 1898 tunc
434 1870 521 1898 non
551 1853 743 1913 percepit
777 1871 785 1898 :
822 1868 901 1897 nec
924 1862 1065 1898 tamen
1088 1856 1287 1914 perdidit.
1314 1860 1430 1905 Sicut

54 1933 200 1968 autem
231 1939 320 1969 non
342 1922 537 1968 additum
560 1932 644 1978 est,
680 1942 699 1964 «
725 1938 833 1978 sua,
869 1941 887 1962 »
925 1922 982 1966 sic
1019 1938 1097 1967 nec
1120 1924 1202 1968 hoc
1235 1926 1429 1974 additum

53 2003 140 2048 est,
164 2013 183 2036 α
210 1995 254 2039 in
278 1994 360 2038 vita
384 2008 476 2037 sua.
507 2012 527 2034 »
549 1992 644 2037 Alia
663 1993 778 2037 enim
799 2001 889 2036 crat
901 1992 984 2035 vita
1008 1993 1151 2051 ipsius,
1177 2011 1305 2054 quam
1329 2013 1426 2056 spe-

53 2065 178 2109 rabat
198 2065 244 2109 in
260 2064 357 2108 sinu
375 2063 577 2108 Abrahae.
605 2065 712 2108 Nam
736 2063 806 2107 hic
829 2071 1023 2107 mortuus
1039 2073 1149 2119 erat,
1170 2065 1237 2109 hic
1255 2081 1342 2111 non
1359 2070 1423 2113 vi·

52 2134 184 2179 vebat
205 2152 215 2178 ε
239 2132 311 2179 illa
343 2141 483 2177 morte
511 2141 708 2182 mortuus
749 2140 859 2186 erat,
889 2147 1019 2191 quam
1038 2131 1139 2177 dicit
1162 2135 1419 2192 Apostolus:

57 2222 78 2246 «
112 2202 275 2248 Mortui
308 2203 424 2247 enim
453 2202 568 2256 estis,
610 2210 652 2246 et
673 2201 759 2245 vita
789 2209 924 2244 vestra
958 2202 1203 2246 abscondita
1236 2213 1297 2248 est
1323 2220 1424 2249 cum

58 2289 79 2314 »
113 2272 285 2318 Christo
322 2272 366 2316 in
404 2274 534 2316 De0'2.
558 2288 579 2312 »
600 2274 769 2330 Pauper
805 2270 914 2315 maia
947 2271 1192 2329 temporalia
1231 2272 1423 2319 serebat:

55 2344 170 2387 Deus
199 2351 346 2387 autem
382 2342 495 2395 bona
531 2342 621 2401 ejus
654 2340 903 2395 differebat,
932 2356 1020 2387 non
1049 2341 1288 2387 auffert-bat.
1314 2343 1427 2397 Quid

0 2449 1 2466 2
55 2428 159 2473 ergo
180 2412 299 2459 dives
314 2411 431 2472 apud
454 2410 614 2457 inferos
630 2412 860 2466 desideras,
885 2410 1002 2471 quod
1020 2426 1120 2457 cum
1138 2411 1293 2459 divitiis
1315 2413 1425 2458 irue-

104 2527 114 2544 ¹
136 2520 255 2552 Matth.
276 2531 323 2561 xi,
346 2522 398 2553 28.
420 2537 460 2543 —
482 2527 494 2543 ²
513 2519 631 2552 (lotoss,
654 2530 701 2560 ιιι,
722 2521 750 2553 3,
