1924 3309
474 250 527 288 28
869 257 903 288 s.
938 256 1169 289 Avensa-11³1
1201 260 1383 289 Emscom

473 340 574 369 cum
605 339 675 369 eos
697 326 1003 383 interrogasset
1020 360 1031 380 ,
1065 327 1187 385 cujus
1216 325 1355 369 filium
1378 324 1572 369 dicerent
1593 336 1681 367 esse
1705 322 1853 367 Chris-

473 404 565 439 tum
594 414 603 439 :
627 395 974 453 responderunt,
1007 396 1187 440 David1.
1215 397 1308 440 Hoc
1330 404 1473 439 autem
1497 393 1739 438 secundum
1758 407 1854 436 car-
1905 414 1908 424 ·

472 480 572 508 nem
591 473 667 508 est.
690 467 751 508 De
768 463 992 508 divinitate
1013 479 1116 509 vero
1144 466 1234 524 ejus
1252 463 1369 524 quod
1395 467 1507 508 Deus
1524 471 1613 517 est,
1637 460 1747 505 nihil
1764 475 1855 505 res-

472 536 737 594 ponderunt.
766 533 868 578 Ideo
906 535 1114 578 Dominus
1143 535 1201 578 ait
1222 535 1279 578 eis
1303 554 1311 578 ε
1338 533 1564 587 Quomodo
1593 547 1695 590 ergo
1718 530 1857 576 David

471 606 518 649 in
549 605 712 663 Spiritu
740 613 866 649 vocat
888 619 987 648 eum
1008 605 1277 649 Dominum?
1301 607 1356 648 Ut
1386 603 1680 661 intelligerent
1700 603 1784 646 hoc
1812 616 1857 646 se

471 675 691 719 confessos
721 689 810 718 esse
847 683 1046 729 tantum,
1084 674 1204 734 quod
1225 674 1420 718 Christus
1455 672 1570 716 filius
1604 680 1669 716 est
1690 671 1855 721 David;

473 745 556 788 hoc
571 754 716 788 autem
740 744 933 798 tacuisse,
951 745 1071 803 quod
1089 753 1153 788 est
1173 743 1370 788 Christus
1392 742 1601 785 Dominus
1621 741 1756 799 ipsius
1773 743 1858 784 Da-

471 814 558 857 vid.
593 814 709 858 Illud
743 815 854 858 enim
893 823 956 857 est
977 813 1216 858 secundum
1241 813 1558 871 susceptionem
1580 811 1719 855 carnis
1735 846 1746 865 ,
1770 811 1855 854 hoc

471 884 712 927 secundum
735 884 1020 928 aeternitatem
1042 883 1290 928 divinitatis,

531 955 621 996 LX.
649 952 778 1006 Quod
801 962 946 997 autem
970 954 1028 998 ait
1050 973 1058 998 ε
1081 953 1317 999 «Nondum
1335 953 1449 996 enim
1469 951 1755 1005 nascentium,
1781 966 1858 994 ne-

474 1040 494 1063 »
529 1037 616 1082 que
634 1024 853 1081 agentium
877 1023 1042 1082 aliquid
1069 1023 1168 1067 boni
1189 1032 1264 1066 aut
1285 1022 1404 1076 mali,
1418 1031 1468 1065 ut
1489 1021 1729 1065 secundum
1753 1020 1857 1063 elec-

473 1110 493 1133 »
529 1092 692 1136 tionem
712 1093 979 1151 propositum
1003 1093 1080 1135 Dei
1102 1101 1320 1145 maneret,
1343 1106 1432 1135 non
1454 1105 1504 1134 ex
1530 1090 1734 1148 operibus
1751 1124 1762 1144 ,
1783 1089 1858 1132 sed

472 1178 492 1203 »
527 1175 578 1203 ex
599 1170 782 1205 vocante
804 1160 971 1206 dietum
988 1170 1051 1204 est
1069 1162 1133 1215 ei,
1155 1162 1257 1221 quia
1274 1162 1410 1219 major
1431 1159 1587 1203 serviet
1604 1158 1779 1213 minori,
1805 1159 1859 1201 si-

471 1247 491 1271 »
527 1239 603 1274 cut
628 1231 837 1289 scriptum
872 1240 963 1285 est,
989 1231 1125 1274 Jacob
1148 1230 1277 1273 dilexi
1298 1265 1308 1284 ,
1341 1230 1456 1273 Esaii
1480 1237 1623 1272 autem
1646 1228 1747 1273 odio
1779 1228 1858 1271 ha-

470 1315 490 1339 »
525 1298 604 1341 bui
617 1302 634 1325 ²
652 1332 664 1352 ,
684 1316 704 1339 ³>
728 1298 962 1343 nonnullos
981 1308 1149 1353 movet,
1171 1308 1220 1342 ut
1237 1307 1392 1357 putent
1409 1297 1655 1357 apostolum
1673 1296 1857 1341 Paulum

469 1367 696 1410 abstulisse
718 1367 904 1411 liberum
939 1368 1176 1412 voluntatis
1195 1368 1422 1412 arbitrium
1439 1402 1450 1421 ,
1483 1367 1599 1426 quod
1633 1376 1857 1426 promere-

467 1451 566 1479 mur
586 1439 726 1479 Deum
744 1436 862 1480 bono
885 1437 1070 1494 pietatis,
1089 1436 1158 1481 vel
1180 1437 1295 1480 malo
1318 1437 1551 1495 impietatis
1569 1436 1850 1480 offendimus.

467 1507 628 1550 Dicunt
650 1506 781 1560 enim,
808 1506 930 1565 quod
951 1515 1051 1550 ante
1068 1522 1197 1565 opera
1216 1506 1375 1565 aliqua,
1395 1521 1469 1550 seu
1486 1506 1601 1550 bona
1623 1521 1699 1550 seu
1720 1506 1850 1561 mala,

467 1575 656 1621 duorum
678 1574 875 1620 nondum
898 1576 1167 1620 nascentium
1190 1578 1302 1619 Deus
1332 1590 1469 1618 unum
1493 1575 1714 1630 dilexerit,
1745 1575 1855 1620 alte-

468 1661 565 1689 rum
597 1645 696 1689 odio
725 1646 943 1689 habuerit.
983 1644 1067 1689 Sed
1095 1644 1404 1703 respondemus
1426 1679 1436 1697 ,
1476 1644 1745 1702 praescientia
1778 1646 1856 1688 Dei

467 1715 632 1759 factum
661 1730 775 1767 esse,
814 1731 899 1772 qua
931 1715 1054 1758 novit
1089 1714 1217 1756 etiam
1251 1713 1305 1756 de
1327 1713 1525 1756 nondum
1558 1714 1689 1768 natis,
1715 1714 1854 1773 qualis

467 1784 651 1843 quisque
673 1783 846 1826 futurus
869 1783 936 1826 sit.
971 1782 1056 1826 Sed
1079 1797 1133 1825 ne
1156 1782 1252 1840 quis
1272 1781 1414 1836 dicat,
1437 1784 1578 1841 Opera
1600 1798 1702 1841 ergo
1725 1783 1855 1841 elegit

467 1857 579 1897 Deus
602 1853 647 1895 in
669 1868 720 1896 eo
744 1867 874 1911 quem
897 1851 1060 1906 dilexit,
1086 1867 1337 1910 quanquam
1355 1851 1554 1895 nondum
1572 1861 1708 1907 erant,
1734 1852 1853 1912 quod

467 1931 589 1965 erant
606 1921 750 1965 futura
775 1921 1026 1980 praesciebat
1052 1940 1060 1965 :
1087 1919 1207 1980 quod
1229 1921 1262 1964 si
1284 1935 1413 1979 opera
1447 1921 1598 1978 elegit,
1625 1921 1848 1981 quomodo

468 1993 572 2037 dicit
602 1992 854 2051 Apostolus,
895 2007 983 2035 non
1016 2006 1067 2034 ex
1100 1992 1302 2050 operibus
1332 1991 1491 2035 factam
1529 1991 1850 2036 electionemss?

468 2066 699 2120 Propterea
717 2077 818 2120 ergo
841 2059 1176 2118 intelligendum
1199 2069 1289 2115 est,
1321 2075 1450 2119 opera
1474 2061 1588 2105 bona
1612 2076 1688 2119 per
1712 2061 1850 2106 dilec-

467 2133 630 2176 tionem
648 2133 739 2175 fieri
758 2166 768 2186 ,
794 2131 1069 2175 dilectionem
1093 2139 1238 2174 autem
1267 2146 1356 2175 esse
1375 2132 1418 2174 in
1441 2132 1565 2175 nobis
1587 2147 1665 2191 per
1682 2131 1850 2176 donum

470 2203 650 2260 Spiritus
686 2202 850 2256 sancti,
886 2201 996 2244 sicut
1027 2199 1143 2244 idem
1178 2200 1410 2258 Apostolus
1443 2201 1546 2244 dicit
1571 2220 1579 2245 z
1609 2220 1629 2243 «
1655 2203 1849 2248 Charitas

471 2290 490 2313 »
512 2272 669 2315 diffusa
692 2280 755 2316 cst
778 2272 822 2314 in
840 2270 1041 2316 cordibus
1060 2271 1214 2315 nostris
1233 2286 1308 2329 per
1328 2270 1535 2330 Spiritum
1557 2282 1754 2316 sanctum
1773 2274 1849 2332 qui

470 2359 491 2382 »
518 2340 642 2384 datus
666 2350 729 2384 est
745 2341 884 2385 nobis.
914 2359 933 2381 »
959 2344 1054 2385 Non
1076 2356 1178 2398 ergo
1200 2341 1428 2399 quisquam
1449 2342 1621 2399 gloriari
1644 2342 1849 2386 debet‘ex

468 2412 670 2470 operibus
694 2420 900 2470 tanquam
922 2412 1008 2455 suis
1024 2446 1034 2466 ,
1056 2426 1154 2471 quae
1177 2426 1253 2469 per
1275 2411 1442 2454 donum
1462 2412 1537 2454 Dei
1559 2411 1688 2455 habet
1710 2447 1719 2466 ,
1746 2428 1847 2456 cum

514 2513 522 2528 ¹
544 2506 657 2538 Matth.
678 2517 754 2546 xxii,
772 2505 879 2546 42.-—
900 2509 1087 2546 ²1³101n.1x,
1110 2505 1233 2545 11-13;
1251 2507 1329 2538 Gcn.
1352 2516 1426 2546 xxv,
1448 2507 1548 2546 23,01
1570 2506 1704 2539 Malacln.
1725 2519 1749 2547 ι,
1770 2517 1802 2547 2,
1817 2508 1846 2539 3.

471 2577 511 2582 —
539 2558 551 2582 3
571 2563 660 2591 Rom.
682 2571 713 2601 v,
732 2560 765 2590 (3.
