1924 3309
448 326 530 361 502
879 338 912 362 s.
949 335 1179 362 AUGUSTINI
1211 335 1391 363 Enscom

445 400 521 458 qui
537 398 660 443 dares
681 398 782 444 dedi
801 417 811 452 ;
837 400 911 459 qui
932 400 1010 444 tibi
1032 399 1254 444 Christum
1275 400 1346 443 cui
1367 399 1489 443 dares
1512 398 1636 455 dedi,
1653 400 1728 459 qui
1749 400 1829 446 tibi

444 470 607 514 diceret
634 488 643 515 z
677 490 698 512 «
723 470 907 524 Quando
934 470 1011 513 uni
1045 485 1095 513 ex
1122 469 1308 513 minimis
1329 470 1435 513 meis
1456 469 1614 526 fecisti,
1639 471 1744 515 mihi
1759 471 1828 515 fe-

448 558 468 582 »
503 541 633 585 cisti1.
657 559 675 582 »
699 544 813 585 Ecce
835 541 906 586 cui
920 540 1011 595 das,
1035 540 1172 599 pascit
1194 548 1237 583 et
1257 540 1391 584 esurit
1407 550 1583 600 propter
1596 551 1639 586 te
1660 561 1669 587 ε
1695 542 1831 588 donat

445 620 488 655 et
504 620 616 670 eget.
634 611 820 670 Quando
842 611 992 665 donat,
1015 610 1078 655 vis
1099 610 1317 669 accipere:
1339 609 1516 670 quando
1531 620 1643 670 eget,
1663 627 1753 656 non
1768 611 1830 656 vis

443 682 562 726 dare.
596 685 709 741 Eget
734 682 929 727 Christus
946 715 957 736 ,
988 680 1167 740 quando
1184 689 1282 739 eget
1295 695 1461 739 pauper
1482 700 1493 726 ε
1518 682 1595 740 qui
1626 682 1830 728 omnibus

444 754 531 797 suis
554 753 686 799 vitam
701 761 909 796 aeternam
931 760 1105 810 paratus
1127 760 1191 795 est
1215 750 1318 795 dare
1331 786 1342 806 ‚
1363 751 1407 795 in
1427 767 1697 812 unoquoque
1718 767 1830 812 pau-

444 839 546 882 pere
563 821 860 882 temporaliter
872 821 1075 881 dignatus
1090 831 1154 866 est
1176 821 1386 880 accipere.

502 895 579 938 IX.
607 896 663 938 Et
694 892 924 937 consilium
955 892 1030 937 dat
1059 908 1149 952 quo
1181 893 1338 951 migres
1366 912 1374 937 :
1411 891 1534 937 dedit
1553 892 1668 937 enim
1689 894 1831 938 consi-

442 964 549 1008 lium
572 979 662 1023 quo
684 964 869 1022 migrare
898 962 1072 1007 debeas.
1098 963 1239 1022 Migra
1261 962 1316 1007 de
1348 972 1460 1007 terra
1482 963 1529 1007 in
1559 963 1742 1019 coelum,
1774 979 1829 1008 ne

442 1034 612 1096 perdas.
636 1038 778 1088 Quam
800 1034 927 1078 multi
959 1035 1074 1078 enim
1104 1034 1226 1093 quod
1258 1034 1485 1078 servabant
1513 1033 1826 1093 perdiderunt,

441 1115 485 1150 et
506 1121 587 1149 nec
604 1106 663 1150 sic
684 1104 867 1149 correcti
890 1105 933 1148 in
956 1104 1068 1149 coelo
1085 1119 1247 1163 ponere
1270 1103 1533 1148 didicerunt.
1557 1105 1598 1149 Si
1621 1103 1733 1148 forte
1750 1104 1830 1148 tibi

441 1176 595 1235 aliquis
615 1175 778 1219 diceret
798 1195 806 1220 2
826 1175 963 1232 Migra
978 1175 1150 1220 divitias
1168 1184 1263 1218 tuas
1285 1175 1340 1218 ab
1355 1173 1591 1218 Occidente
1612 1175 1657 1219 in
1673 1175 1829 1219 Orien-

440 1255 552 1301 tem,
577 1246 610 1288 si
639 1261 730 1289 non
752 1246 813 1289 vis
835 1255 884 1289 ut
909 1255 1119 1304 pereant,
1141 1254 1344 1289 aestuares
1360 1279 1370 1299 ,
1395 1244 1636 1298 laborares,
1661 1253 1829 1303 satage-

436 1332 524 1371 res,
559 1316 805 1361 attenderes
837 1326 1003 1376 quanta
1037 1325 1180 1360 essent
1213 1331 1312 1375 quae
1345 1315 1551 1369 haberes,
1589 1314 1756 1360 videres
1787 1324 1830 1360 te

438 1387 761 1446 multiplicitate
780 1401 925 1430 rerum
948 1396 1125 1431 tuarum
1157 1385 1284 1430 facile
1307 1386 1352 1429 in
1379 1384 1622 1445 longinqua
1644 1388 1830 1443 migrare

440 1473 530 1501 non
552 1472 676 1516 posse
696 1475 706 1500 ;
730 1465 773 1500 et
786 1456 901 1501 forte
919 1457 1061 1512 fleres,
1086 1457 1189 1516 quia
1206 1457 1267 1499 ire
1285 1456 1494 1513 cogereris
1511 1490 1522 1510 ,
1547 1465 1591 1500 et
1607 1457 1830 1516 quomodo

442 1537 588 1571 tecum
611 1526 783 1570 tolleres
807 1526 928 1586 quod
954 1525 1189 1584 collegeras
1209 1541 1299 1570 non
1321 1525 1549 1570 invenires.
1578 1528 1629 1569 In
1651 1525 1828 1585 longin-

440 1598 594 1658 quiora
614 1606 656 1641 te
678 1596 863 1655 migrare
879 1597 1007 1656 jussit
1021 1632 1031 1651 ,
1050 1597 1126 1656 qui
1148 1612 1239 1643 non
1261 1596 1341 1641 ait:
1359 1596 1497 1655 Migra
1518 1596 1574 1640 ab
1595 1596 1831 1641 Occidente

439 1670 484 1712 in
516 1669 764 1725 Orientem,
803 1668 900 1723 sed,
939 1668 1078 1726 Migra
1110 1667 1165 1712 de
1193 1678 1306 1712 terra
1342 1668 1386 1711 in
1422 1667 1599 1712 coelum.
1637 1671 1827 1723 AEstuas‚

439 1741 563 1800 quasi
586 1738 892 1784 difficultatem
915 1741 1122 1799 majorem
1142 1739 1221 1784 tibi
1239 1738 1396 1783 videris
1411 1739 1523 1798 pati,
1539 1748 1581 1783 et
1596 1737 1702 1783 dicis
1724 1740 1826 1784 tibi:

445 1811 490 1855 Si
510 1825 600 1854 non
617 1809 893 1854 inveniebam
906 1810 1104 1868 jumenta
1119 1818 1162 1853 et
1175 1825 1319 1864 naves,
1341 1809 1499 1869 quibus
1513 1810 1568 1854 ab
1589 1808 1830 1854 Occidente

441 1881 671 1938 migrarem
694 1879 749 1923 ad
770 1880 992 1922 Orientem
1012 1913 1022 1932 ,
1048 1879 1274 1937 quomodo
1294 1879 1512 1921 inveniam
1535 1877 1668 1923 scalas
1686 1913 1697 1933 ‚
1729 1880 1830 1939 qui-

441 1951 523 1994 bus
548 1966 571 1992 a
597 1958 708 1992 terra
732 1949 914 2006 migrem
938 1947 982 1990 in
1003 1947 1168 1991 coelum
1182 1949 1230 1991 2?
1251 1940 1374 2002 Noli,
1407 1947 1551 2007 inquit
1573 1948 1653 1992 tibi
1688 1951 1800 1993 Deus
1816 1984 1828 2004 ,

438 2020 660 2074 laborare,
705 2018 795 2062 noli
836 2017 1037 2061 laborare
1059 2037 1068 2062 :
1104 2018 1181 2077 qui
1218 2027 1260 2062 te
1298 2017 1476 2062 divitem
1508 2017 1616 2072 feci,
1644 2019 1721 2078 qui
1751 2019 1831 2064 tibi

439 2089 559 2152 quod
576 2090 700 2133 dares
715 2088 833 2144 dedi,
850 2087 1078 2132 laturarios
1088 2088 1165 2131 tibi
1184 2103 1395 2147 pauperes
1408 2086 1506 2132 feci.
1526 2088 1585 2144 Si,
1598 2089 1720 2133 verbi
1733 2104 1830 2147 gra-

440 2164 516 2216 tia,
541 2160 756 2205 invenires
778 2158 968 2218 aliquem
982 2158 1158 2217 inopem
1180 2157 1235 2202 de
1258 2167 1375 2202 trans
1399 2173 1537 2213 mare,
1564 2168 1642 2204 aut
1657 2175 1746 2219 quo
1768 2160 1830 2204 ire

441 2231 594 2286 velles,
617 2230 835 2275 invenires
854 2229 957 2272 inde
968 2229 1107 2273 civem
1126 2227 1317 2288 aliquem
1339 2228 1635 2273 necessitatem
1657 2230 1830 2288 patien-

442 2312 547 2357 tem,
574 2300 738 2345 diceres
757 2300 832 2344 tibi
851 2318 860 2344 :
887 2299 1000 2344 Civis
1018 2299 1095 2343 iste
1111 2297 1213 2342 inde
1231 2308 1295 2342 est
1312 2314 1400 2358 quo
1417 2312 1497 2356 ego
1515 2298 1616 2343 volo
1630 2299 1691 2343 ire
1708 2318 1717 2344 :
1735 2308 1832 2358 eget

442 2373 536 2428 hic,
560 2372 617 2416 do
640 2371 702 2415 illi
727 2370 847 2431 quod
875 2370 934 2414 ibi
957 2370 1062 2413 mihi
1083 2369 1252 2413 reddat.
1279 2371 1392 2413 Ecce
1416 2378 1514 2427 eget
1534 2369 1603 2413 hic
1633 2385 1825 2430 pauper,

440 2443 542 2488 civis
560 2452 624 2486 est
639 2441 761 2500 regni
779 2441 996 2485 coelorum
1014 2439 1142 2499 :quid
1157 2439 1328 2484 dubitas
1340 2437 1482 2484 facere
1497 2440 1776 2499 trajectitium
1784 2431 1838 2487 ²?

445 2514 488 2559 Si
506 2514 618 2557 enim
638 2513 743 2556 (lant
757 2512 831 2571 qui
848 2513 929 2556 hoc
955 2510 1134 2564 faciunt,
1150 2510 1333 2569 utplura
1347 2510 1575 2569 accipiant,
1592 2525 1693 2555 cum
1710 2510 1765 2555 ad
1777 2526 1825 2555 ea

441 2584 536 2628 loca
550 2584 763 2637 vonerint,
785 2581 898 2626 unde
913 2591 976 2626 cst
994 2580 1066 2625 ille
1084 2581 1159 2640 qui
1175 2581 1363 2639 accepit,
1380 2581 1585 2625 faciamus
1602 2590 1646 2626 et
1668 2597 1759 2627 nos.

499 2672 503 2684 ¹
528 2669 644 2698 Matth.
670 2678 741 2703 xxv,
759 2665 814 2708 ζμ).
841 2683 880 2688 -
903 2674 912 2687 ²
933 2666 1011 2697 Vide
1032 2675 1122 2707 supra
1141 2666 1241 2697 Serui.
1259 2676 1353 2706 xvm,
1374 2678 1404 2696 n.
1431 2664 1462 2705 4.
