1924 3309
435 221 518 262 252
858 234 891 261 s.
928 230 1159 262 Aucus-nm
1189 233 1371 262 Emscom

436 298 574 357 tangis
595 307 794 358 quartam
813 298 1014 343 chordam
1029 334 1039 354 ‚
1060 309 1107 344 ut
1124 300 1336 343 honorem
1350 299 1602 359 parentibus
1616 299 1783 343 deferas
1800 321 1813 358 ·,

433 368 589 412 cecidit
605 369 741 412 bestia
757 369 1033 428 impietatis.«
1046 371 1143 413 Non
1161 369 1448 413 moechaberis
1466 389 1474 414 :
1492 387 1512 410 »
1532 369 1668 426 tangis
1685 370 1816 429 quin-

434 447 522 482 tam
545 437 776 496 chordam3
811 438 967 483 cecidit
989 438 1122 482 bestia
1157 437 1364 482 libidinis.
1393 457 1413 480 «
1436 441 1534 484 Non
1567 438 1736 483 occides
1762 457 1812 483 ε»

433 508 571 566 tangis
594 517 755 551 sextam
777 508 983 553 chordam
1001 528 1012 565 3
1035 506 1190 552 cecidit
1212 507 1349 552 bestia
1371 508 1654 553 crudelitatis.
1679 527 1700 551 «
1720 511 1819 554 Nou

437 597 456 619 »
493 576 659 622 furtum
682 579 837 622 facies1
862 598 870 624 :
895 578 1075 637 »tangis
1113 579 1340 638 septimam
1376 578 1612 638 chordam3
1663 578 1821 624 cecidit

434 648 570 693 bestia
608 649 865 707 rapacitatis.
901 667 921 690 «
960 651 1058 694 Non
1088 647 1240 693 falsam
1268 649 1565 694 testimonium
1605 648 1720 694 dices
1745 670 1754 694 :
1795 668 1815 691 »

433 719 574 778 tangis
592 728 788 763 octavam
819 719 1023 763 chordam
1046 740 1056 776 3
1089 719 1243 764 cecidit
1265 720 1401 763 bestia
1437 719 1650 764 falsitatis.
1681 738 1701 762 «
1724 722 1821 765 Non

437 805 457 830 »
492 790 770 848 concupisces
790 804 967 833 uxorem
983 790 1166 849 proximi
1189 789 1254 833 tui
1272 808 1280 834 :
1306 808 1325 831 »
1347 790 1488 848 tangis
1509 805 1670 834 nonam
1693 790 1822 834 chor-

434 858 532 902 dam
548 879 558 915 3
578 859 733 902 cecidit
753 859 889 903 bestia
905 859 1163 904 adulterinae
1178 859 1462 917 cogitationis.
1481 859 1614 903 Aliud
1629 868 1692 904 est
1705 859 1822 903 enim

434 944 523 973 non
545 928 685 973 facere
707 929 872 989 aliquid
906 929 991 974 tale
1014 939 1172 989 praeter
1194 945 1397 984 uxorem,
1434 929 1554 973 aliud
1577 944 1666 974 non
1687 944 1823 989 appe-

436 1008 524 1044 tere
546 999 731 1043 alienam
766 1014 962 1044 uxorem.
995 1000 1100 1044 Ideo
1136 1000 1225 1044 duo
1259 1009 1476 1059 praecepta
1502 1009 1634 1055 sunt,
1669 1018 1689 1042 «
1723 1002 1822 1045 Non

437 1086 458 1109 »
494 1069 783 1113 moechaberis
798 1104 808 1123 ,
832 1087 851 1110 a)
877 1079 949 1124 et,
980 1089 1000 1111 «
1024 1072 1121 1114 Non
1138 1069 1416 1128 concupisces
1438 1084 1618 1114 uxorem
1640 1068 1825 1128 proximi

438 1156 459 1179 »
494 1138 573 1182 tui.
594 1141 692 1183 Non
714 1141 992 1198 concupisces
1024 1154 1116 1183 rem
1145 1140 1328 1199 proximi
1360 1141 1425 1183 tui
1450 1158 1458 1184 :
1488 1157 1508 1180 »
1535 1139 1674 1197 tangis
1703 1138 1824 1182 deci-

436 1223 553 1251 mam
574 1208 811 1266 chordam3
835 1206 993 1253 cecidit
1012 1209 1149 1253 bestia
1171 1209 1436 1268 cupiditatis.
1465 1213 1531 1254 Ita
1568 1208 1824 1253 cadentibus

437 1278 641 1322 omnibus
664 1279 809 1323 bestiis
824 1314 834 1334 ‚
860 1294 1036 1323 securus
1056 1289 1100 1323 et
1120 1280 1328 1324 innocens
1348 1279 1395 1323 in
1428 1279 1505 1324 Dei
1527 1279 1760 1323 dilectione
1783 1287 1826 1323 et

436 1349 628 1392 humana
646 1349 849 1393 societate
870 1350 1067 1394 versaris.
1091 1353 1290 1408 Tangeris
1307 1349 1491 1394 chordas
1520 1349 1693 1405 decem,
1716 1359 1825 1410 quot

437 1419 595 1462 bestias
608 1418 819 1462 oceidis2?
838 1422 947 1465 Nam
962 1420 1100 1464 multa
1117 1419 1258 1479 capita
1273 1429 1375 1464 sunt
1388 1420 1572 1464 subistis
1590 1420 1820 1480 capitibus.

439 1491 492 1531 In
513 1487 692 1546 singulis
714 1489 887 1533 chordis
910 1504 1000 1533 non
1016 1489 1205 1548 singulas
1229 1490 1407 1544 bestias,
1428 1489 1503 1534 sed
1525 1504 1673 1548 greges
1688 1490 1823 1533 inter-

438 1558 529 1602 ficis
557 1557 809 1602 bestiarum.
839 1559 906 1603 Sic
938 1575 1041 1618 ergo
1074 1561 1291 1605 canticum
1325 1575 1489 1605 novum
1517 1576 1619 1605 cum
1655 1575 1822 1615 amore,

438 1643 528 1672 non
542 1643 643 1672 cum
660 1629 816 1673 timore
830 1630 1041 1674 cantabis.

496 1700 617 1742 XIV.
637 1698 735 1744 Noli
758 1698 899 1742 dicere
916 1699 1014 1754 tibi,
1040 1698 1217 1759 quando
1239 1698 1351 1744 forte
1375 1700 1644 1745 luxurianter
1658 1699 1825 1760 aliquid

440 1769 500 1812 vis
529 1782 655 1825 agere
669 1802 680 1821 ‚
721 1770 903 1811 Uxorem
941 1784 1028 1812 non
1064 1769 1205 1813 habeo
1217 1804 1231 1823 ,Ι
1264 1768 1375 1813 facio
1416 1771 1538 1828 quod
1571 1769 1671 1813 volo
1689 1790 1700 1825 3
1735 1784 1826 1812 non

439 1838 555 1881 enim
576 1846 674 1896 post
694 1852 872 1881 uxorem
895 1853 1035 1881 meam
1050 1853 1198 1896 pecco.
1221 1841 1242 1881 J
1250 1853 1317 1881 am
1336 1839 1449 1882 nosti
1471 1839 1659 1897 pretium
1678 1847 1819 1893 tuum,

433 1909 524 1966 jam
546 1908 657 1951 nosti
679 1923 768 1966 quo
791 1906 957 1951 accedis
975 1941 985 1961 ,
1011 1906 1117 1966 quid
1134 1907 1392 1962 manduceS,
1417 1908 1525 1967 quid
1562 1908 1706 1964 bibas3
1735 1908 1823 1952 imo

440 1992 571 2037 quem
594 1978 852 2032 manduces,
873 1992 1003 2037 quem
1037 1978 1176 2022 bibas.
1202 1977 1381 2021 Abstine
1403 1987 1445 2021 te
1468 1994 1492 2022 a
1519 1977 1822 2022 fornicationi-

441 2048 537 2090 bus.
564 2050 625 2092 Ne
647 2045 758 2092 forte
779 2047 885 2091 mihi
905 2047 1019 2091 dicas
1039 2081 1050 2101 ,
1076 2046 1144 2091 Ad
1166 2047 1377 2091 fornicem
1401 2046 1529 2101 vado,
1555 2047 1609 2091 ad
1625 2048 1824 2091 meretri-

441 2133 534 2161 cem
557 2133 706 2176 pergo‚
725 2118 780 2162 ad
798 2118 1072 2177 prostitutam
1091 2133 1165 2174 eo3
1183 2132 1262 2161 nec
1279 2116 1389 2161 illud
1406 2126 1673 2176 praeceptum
1691 2118 1820 2173 violo,

441 2203 528 2247 quo
550 2187 716 2231 dictum
737 2197 822 2237 est,
842 2206 862 2229 «
878 2189 974 2232 Non
986 2187 1298 2231 moechaberis3
1319 2208 1329 2244 3
1353 2205 1372 2228 »
1392 2188 1493 2246 quia
1514 2203 1693 2232 uxorem
1709 2203 1824 2232 non-

442 2257 547 2301 dum
570 2258 710 2301 habeo
727 2292 738 2312 ‚
764 2272 844 2301 nec
865 2266 962 2315 post
983 2255 1103 2301 illam
1122 2255 1287 2316 aliquid
1308 2257 1420 2301 facio
1448 2277 1455 2302 z
1478 2272 1557 2301 nec
1578 2256 1689 2301 illud
1711 2273 1823 2316 prae-

492 2384 500 2400 ¹
520 2378 596 2409 Cod.
617 2380 702 2409 Cass,
724 2389 762 2419 11,
778 2378 833 2409 sol.
867 2387 924 2410 122
942 2390 949 2409 t
971 2390 986 2406 «
1005 2378 1099 2409 Multa
1115 2377 1217 2409 bestia
1235 2378 1379 2419 subrepit
1403 2379 1434 2410 in
1448 2379 1659 2411 humanitate.
1680 2381 1822 2410 Humana

442 2434 525 2465 enim
549 2433 683 2464 societas
703 2444 741 2464 ex*
760 2444 797 2464 eo
821 2434 1002 2472 conficitur,
1015 2438 1050 2464 ut
1067 2434 1274 2475 unusquisque
1293 2444 1329 2464 ea
1347 2444 1414 2474 (111ae
1431 2445 1484 2466 sua
1500 2460 1508 2475 ,
1542 2446 1609 2477 quw
1639 2435 1726 2474 justa
1746 2444 1822 2476 pos-

444 2490 525 2520 sidet
542 2499 670 2520 securus
688 2489 855 2530 possideat.
879 2489 1002 2530 Tangis,
1019 2493 1082 2520 etc.
1106 2501 1121 2516 »
1138 2505 1178 2510 —-
1199 2495 1211 2510 ²
1230 2489 1307 2521 Cod.
1328 2491 1413 2521 Cass.
1430 2502 1465 2529 ιι,
1486 2489 1540 2521 sol.
1569 2498 1628 2521 172
1644 2502 1650 2520 ;
1672 2501 1689 2517 ι(
1707 2491 1743 2520 Fr
1761 2499 1821 2520 ca·-

445 2545 509 2586 pita
526 2544 670 2576 diximus.
690 2546 767 2577 Nam
783 2544 881 2576 multa
898 2570 905 2584 ‚
930 2549 995 2576 etc.
1014 2556 1029 2572 »
1046 2561 1086 2566 ——
1107 2542 1120 2566 3
1137 2543 1235 2577 lixod.
1260 2554 1314 2584 xx,
1334 2543 1384 2584 15.
