1867 3320
41 364 142 401 sunt
157 374 166 400 ε
183 355 258 400 sed
274 355 391 414 prius
406 368 581 413 serpens
595 353 752 410 Moysi,
764 352 809 396 id
826 360 903 407 est,
917 351 1036 411 virga
1050 354 1191 410 Moysi
1203 355 1427 400 devoravit

0 449 5 503 ἐ
41 433 186 473 omnes
210 435 430 486 serpentes
454 428 698 484 Magorum.
724 427 846 468 Tunc
871 423 1049 468 demum
1073 425 1211 468 cauda
1227 441 1426 485 eompre-

0 259 3 350 ι
192 290 331 319 sumno
365 292 470 328 vui,
506 290 560 316 DE
593 289 735 316 DECEM
768 286 915 317 PLAG1s
947 289 1000 315 Ea*
1032 290 1275 319 PnAEcEPnS.
1341 282 1425 320 223

0 353 4 411 i

0 430 2 447 l

0 458 5 473 Ι

39 499 186 553 hensa,
209 495 451 542 identidem
474 496 594 555 virga
620 494 734 539 facta
761 503 853 550 est,
879 503 922 539 et
944 508 1128 553 regnum
1150 496 1356 539 remeavit
1374 496 1429 540 ad

40 583 233 614 manum.
254 570 367 613 Sunt
380 581 482 626 ergo
505 567 639 626 virgae
657 569 886 626 Magorum
903 565 1058 626 populi
1075 566 1309 626 impiorum
1327 567 1430 611 victi

1 639 7 702 ξ
39 639 196 686 Christi
211 638 389 683 nomine
403 659 413 696 3
427 653 528 683 cum
541 637 588 682 in
599 638 690 698 ejus
703 652 858 697 corpus
872 635 1208 693 transferuntur,
1221 645 1429 698 tanquam

1 707 7 723 ¹
37 726 61 755 a
77 718 276 770 serpente
293 710 435 768 Moysi
448 709 738 755 devorantur:
757 708 897 753 donec
914 707 1064 754 redeat
1077 724 1262 768 regnum
1278 708 1355 754 Dei
1374 708 1430 753 ad

2 829 7 853 ,
37 796 215 826 manum
237 781 337 836 Dei,
359 780 435 825 sed
458 781 505 825 in
531 781 619 825 fine
643 779 838 825 mortalis
866 779 1042 843 saeculis,
1068 780 1190 840 quod
1217 780 1430 840 significat

2 858 9 916 ξ
35 851 172 897 cauda
191 851 401 910 serpentis
418 886 428 906 ‚
447 865 657 910 magnum
680 851 853 910 signum
883 851 972 894 fiat.
1006 850 1199 895 Audistis
1223 866 1323 912 quae
1349 850 1430 895 de-

3 933 9 970 ἰ
34 921 170 966 beatis
189 921 462 979 desiderare3
494 919 642 965 audite
665 935 764 981 quae
788 919 983 964 debeatis
1001 921 1152 965 vitare.

4 972 10 1046 i
95 995 153 1036 ΙΙ.
178 992 372 1037 Primum
393 1001 662 1052 praeceptum
687 992 733 1036 in
755 995 872 1051 Lege
894 992 949 1035 de
976 991 1162 1036 colendo
1189 1007 1279 1037 uno
1306 993 1397 1036 Deo
1413 1024 1425 1046 ,

4 1056 60 1113 !.«
93 1064 191 1108 Non
213 1072 368 1119 erunt,
401 1063 574 1123 inquit,
601 1062 682 1107 tibi
712 1061 772 1106 dii
797 1062 869 1106 alii
894 1071 1052 1122 praeter
1081 1064 1196 1106 me1.
1227 1081 1249 1104 »
1285 1061 1429 1107 Prima

5 1114 11 1214 ἱ
36 1133 160 1194 plaga
180 1135 491 1194 AEgyptiorum
509 1170 519 1190 ‚
540 1150 654 1195 aqua
679 1149 887 1179 conversa
901 1134 948 1178 in
974 1135 1273 1193 sanguinem2.
1293 1136 1428 1180 Com-

35 1219 137 1265 para
162 1206 353 1265 primum
377 1215 645 1266 praeceptum
677 1207 830 1265 primae
851 1204 1016 1266 plagae,
1043 1209 1185 1250 Deum
1211 1221 1349 1250 unum
1377 1220 1429 1249 ex

35 1291 123 1337 quo
155 1285 257 1320 sunt
284 1277 452 1331 omnia,
483 1276 528 1320 in
554 1275 840 1321 similitudine
868 1275 1062 1336 intellige
1086 1292 1212 1337 aquae
1230 1311 1243 1333 ‚
1268 1292 1319 1320 ex
1341 1291 1429 1337 qua

35 1355 297 1406 generantur
331 1346 492 1390 omnia.
519 1351 614 1400 Quo
638 1355 785 1391 autem
814 1347 1005 1406 pertinet
1030 1347 1229 1406 sanguis,
1264 1348 1346 1391 nisi
1372 1346 1428 1391 ad

32 1430 206 1460 carnem
236 1416 493 1469 mortalem?
511 1416 628 1470 Quid
644 1426 708 1461 est
735 1431 837 1474 ergo
855 1418 1080 1462 conversio
1101 1433 1227 1478 aquae
1254 1417 1300 1461 in
1326 1433 1428 1461 san-

34 1486 234 1545 guinem,
261 1487 340 1530 nisi
362 1488 467 1546 quia
497 1487 778 1531 obscuratum
811 1496 876 1531 est
906 1486 1111 1547 insipiens
1141 1503 1216 1532 eor
1238 1490 1426 1532 eorum?

37 1574 57 1599 «
93 1556 290 1601 Dicentes
323 1558 439 1600 enim
473 1572 517 1601 se
551 1573 641 1601 esse
675 1557 919 1616 sapientes,
945 1557 1067 1602 stulti
1090 1558 1192 1603 faeti
1225 1561 1427 1604 suntPet

38 1643 58 1668 »
92 1635 472 1671 commutaverunt
499 1627 679 1685 gloriam
703 1628 1044 1686 incorruptibilis
1069 1630 1142 1673 Dei
1162 1630 1206 1672 in
1228 1630 1429 1674 similitu-

39 1714 58 1738 »
93 1697 240 1740 dinem
264 1697 460 1756 imaginis
481 1697 776 1757 corruptibilis
800 1698 1032 1742 hominis-³.
1062 1718 1081 1740 »
1104 1699 1250 1744 Gloria
1283 1701 1429 1744 incor-

36 1766 255 1826 ruptibilis
276 1768 350 1811 Dei
368 1767 478 1812 sicut
499 1783 633 1828 aqua,
650 1767 891 1812 similitudo
915 1768 1112 1827 imaginis
1135 1771 1428 1830 corruptibilis

37 1837 221 1882 hominis
239 1838 350 1882 sieut
364 1839 538 1897 sanguis
554 1839 585 1882 ⁴.
613 1842 667 1883 Et
691 1840 773 1884 hoc
791 1839 969 1900 quidem
993 1842 1041 1885 fit
1063 1841 1108 1885 in
1130 1842 1261 1887 corde
1278 1843 1430 1903 impio-

37 1923 148 1952 rum.
175 1910 282 1953 Nam
306 1911 416 1952 Deus
438 1909 810 1954 incommutabilis
832 1921 994 1956 manet.
1016 1915 1166 1973 Neque
1187 1915 1301 1958 enim
1325 1915 1429 1975 quia

38 1987 81 2024 et
112 1978 345 2037 Apostolus
377 1977 485 2023 dixit
511 1998 520 2022 :
552 1997 572 2020 «
596 1983 1019 2037 Commutaverunt‚
1051 2000 1071 2023 »
1108 1982 1206 2028 ideo
1235 1994 1429 2030 mutatus

39 2059 102 2095 est
125 2053 249 2093 Deus.

97 2123 178 2165 ΙΙΙ.
207 2119 456 2165 Secundum
476 2131 742 2182 praeceptum
765 2142 773 2167 ε
797 2141 818 2164 «
844 2125 940 2168 Non
958 2124 1137 2184 accipies
1155 2140 1315 2169 nomen
1338 2130 1426 2172 Do·-

43 2193 63 2234 ›i
98 2192 200 2235 mini
237 2192 312 2235 Dei
330 2192 392 2236 tui
422 2191 466 2236 in
496 2196 703 2237 vanum⁵.
731 2211 750 2234 >›
777 2194 862 2247 Qui
892 2195 1048 2254 accipit
1069 2211 1227 2239 nomen
1255 2199 1424 2242 Domini

40 2262 115 2309 Dei
135 2264 199 2307 sui
224 2264 266 2307 in
289 2280 452 2308 vanum
470 2300 480 2319 ,
513 2281 601 2309 non
626 2265 925 2311 mundabitur.
961 2271 1128 2312 Nomen
1154 2269 1325 2324 Domini
1352 2271 1426 2314 Dei

41 2335 171 2378 nostri
190 2337 291 2378 Josu
307 2336 465 2380 Christi
489 2337 642 2380 veritas
663 2346 745 2381 est:
763 2338 851 2396 ipse
873 2339 988 2381 enim
1011 2338 1120 2383 dixit
1143 2358 1151 2384 ε
1179 2359 1198 2381 α
1217 2342 1306 2398 Ego
1328 2357 1426 2385 sum

45 2422 65 2448 υ
97 2406 299 2450 νοῐὶῑ356.
327 2426 346 2448 »
374 2408 538 2452 Veritas
558 2424 659 2467 ergo
687 2409 898 2466 mundat,
933 2411 1098 2454 vanitas
1120 2411 1337 2472 inquinat.
1373 2417 1426 2458 Et

43 2477 247 2538 quoniam
282 2479 358 2539 qui
385 2477 581 2540 loquitur
613 2480 841 2526 veritatem
862 2516 872 2536 ‚
901 2481 956 2525 de
984 2484 1072 2527 Deo
1101 2480 1318 2542 loquitur,
1350 2485 1425 2543 qui

90 2578 98 2596 ¹
122 2575 215 2607 Exod.
243 2586 297 2609 xx,
319 2576 349 2607 3.
372 2593 412 2599 -
429 2583 440 2598 '1
461 2577 506 2608 ld.
527 2588 583 2617 vu,
609 2587 664 2610 20.
680 2594 721 2601 —
740 2576 751 2600 ³
769 2580 856 2610 Rom.
880 2590 904 2619 1,
921 2589 976 2620 Ἅι,
997 2583 1060 2612 etc.
1084 2597 1123 2603 --
1143 2579 1157 2610 4
1177 2580 1282 2613 Florus
1298 2581 1337 2613 ad
1358 2583 1426 2614 Ro—

44 2635 126 2661 man.
145 2640 174 2662 ι.
195 2646 236 2654 -
254 2628 269 2654 5
287 2631 385 2665 Exod.
407 2642 440 2674 x,
461 2641 492 2673 7.
514 2648 555 2656 -
570 2631 586 2658 ⁶
607 2634 698 2666 Joun.
715 2643 778 2674 xiv,
797 2634 831 2666 6.
