1867 3320
291 264 429 291 suumn
460 263 577 301 xxii,
614 265 666 291 mr
699 255 723 291 3
757 267 886 295 vunsu
921 268 1067 297 psum
1103 273 1230 300 ixvu.
1344 265 1416 303 361

65 346 151 391 que
180 330 240 374 ibi
276 330 410 374 habes
436 330 625 388 positum
654 351 662 374 ·.
695 332 806 376 forte
834 347 922 377 non
949 334 1037 377 sine
1067 350 1211 391 causa,
1245 341 1343 398 quia
1365 352 1426 386 est

64 401 194 446 etiam
216 399 418 445 distantia
435 409 726 459 peccatorum.
755 405 806 446 In
828 403 919 462 ipso
942 419 1030 447 uno
1048 407 1179 449 verbo
1199 417 1426 470 utrumque

64 473 208 533 posuit
225 471 420 516 Psalmus
441 490 450 515 2
476 490 496 513 «
519 471 637 516 Sicut
654 472 798 518 deficit
822 473 988 529 fumus,
1011 474 1208 520 deficiant
1226 499 1236 534 3
1255 489 1296 523 et
1321 482 1427 526 sicut

65 563 85 586 »
121 544 220 588 fluit
241 558 338 587 cera
372 558 395 586 a
420 539 526 586 facie
552 541 685 599 ignis,
711 543 769 587 sic
796 557 973 603 pereant
1000 554 1238 603 peccatores
1270 564 1292 592 a
1324 550 1428 595 facie

65 634 84 657 »
122 615 215 659 Dei.
239 632 260 656 »
285 614 371 667 Qui
394 622 517 667 sunt7
553 613 627 672 qui
649 614 760 658 sicut
781 613 925 659 fumus
950 616 1185 659 deficiunt?
1207 619 1289 670 Qui
1310 631 1427 675 sunt,

62 685 144 730 nisi
164 684 339 744 superbi
358 719 368 739 ‚
400 699 489 727 non
506 684 758 728 confitentes
780 695 952 744 peecata
974 702 1049 730 sua
1064 721 1074 739 ‚
1100 686 1173 730 sed
1196 686 1432 732 defenden-

62 757 155 801 tes?
178 758 322 809 Quare
357 754 480 799 fumo
509 756 747 814 comparati
774 759 905 801 sunt?
922 758 1030 810 Quia
1049 757 1194 801 fumus
1215 759 1337 816 erigit
1358 775 1400 803 sc
1420 795 1430 813 ‚

61 825 232 871 extollit
253 841 297 870 se
318 835 528 886 tanquam
553 826 598 868 in
630 826 790 870 coelum
819 847 826 871 :
849 828 919 870 sed
950 838 1112 887 quanto
1138 828 1185 871 fit
1220 830 1430 887 superior,

65 905 187 942 tanto
219 896 386 941 facilius
423 897 638 941 evanescit
677 906 719 940 et
746 897 936 956 disperit.
980 901 1139 940 Rursus
1173 899 1433 943 considerate

61 968 182 1028 quod
219 967 320 1012 dixi.
351 967 539 1013 Solidior
570 976 633 1011 est
661 968 806 1012 fumus
838 969 926 1027 igni
959 970 1203 1027 proximus,
1235 980 1276 1013 ct
1313 980 1433 1013 terrfe

59 1038 313 1098 proximus3
340 1037 539 1083 nondum
563 1039 621 1082 sic
645 1039 842 1092 evanuit,
875 1039 1069 1082 nondum
1103 1040 1160 1082 sic
1187 1048 1248 1082 est
1273 1039 1435 1097 disper-

61 1124 132 1153 sus
158 1110 203 1153 in
234 1110 385 1153 ventos
408 1129 415 1152 :
443 1108 622 1168 quando
655 1118 799 1152 autem
832 1118 1105 1163 attenuatur,
1139 1109 1369 1161 evanescit,
1396 1118 1437 1152 ct

0 1211 1 1235 3
60 1179 268 1239 disperit,
296 1178 474 1239 quando
506 1195 549 1223 sc
571 1179 759 1223 multum
784 1178 996 1223 extulerit.
1023 1180 1130 1232 Quia
1164 1194 1264 1236 ergo
1286 1193 1434 1236 supcr-

0 1243 1 1272 3
59 1250 141 1294 bus
164 1251 223 1295 sic
242 1266 300 1295 .se
332 1250 457 1309 erigit
488 1259 640 1295 contra
664 1253 828 1306 Deum,
871 1251 1088 1310 quomodo
1124 1250 1265 1294 fumus
1287 1259 1433 1293 contra

60 1319 251 1378 coelum3
272 1329 402 1364 restat
427 1329 476 1365 ut
503 1320 563 1364 ita
590 1319 788 1374 deficiat,
814 1330 857 1365 ct
884 1331 1088 1380 tanquam
1108 1321 1149 1363 in
1172 1329 1319 1363 ventos
1347 1335 1433 1363 suzr’

0 1392 1 1396 ’
61 1391 263 1436 vanitatis
285 1390 472 1436 elatione
490 1391 720 1450 dissipatus
743 1392 945 1442 intereat;
960 1390 1323 1451 quemadmodum
1345 1389 1431 1432 dis·

60 1462 172 1521 perit
201 1462 349 1506 sumus
371 1462 509 1506 elatus
529 1497 540 1517 ‚
572 1461 760 1516 tumida,
787 1477 874 1505 non
903 1461 1036 1505 solida
1058 1459 1350 1518 magnitudino
1375 1460 1435 1502 in-

62 1533 205 1577 flatus.
229 1533 298 1578 Sic
315 1543 379 1578 est
399 1533 515 1577 enim
543 1532 690 1577 fumus
713 1552 721 1576 :
746 1531 865 1576 vides
888 1547 1083 1588 magnam
1105 1531 1282 1586 molcm3
1308 1530 1432 1572 habes

60 1603 183 1663 quasi
216 1602 337 1664 quod
369 1602 548 1657 videas,
588 1612 630 1646 et
662 1618 751 1647 non
784 1602 914 1645 habes
946 1601 1063 1660 quod
1100 1610 1255 1643 teneas.
1291 1598 1432 1642 'salem

60 1688 162 1731 ergo
183 1689 360 1733 poenam
378 1709 388 1728 ,
415 1673 596 1728 fratres,
623 1682 722 1717 ante
752 1673 895 1717 omnia
923 1670 1188 1715 detestamini
1219 1690 1225 1713 ;
1251 1685 1327 1712 nec
1355 1668 1432 1711 de-

59 1743 247 1788 fendatis
272 1753 447 1802 peccata
470 1753 612 1787 vestra
631 1762 639 1786 ε
665 1752 707 1786 et
728 1743 761 1785 si
779 1743 921 1786 adhuc
943 1742 1078 1785 facitis
1095 1775 1105 1793 ‚
1133 1740 1262 1783 nolite
1284 1739 1432 1782 dehen-

59 1814 176 1858 dere.
204 1814 387 1859 Subdite
417 1829 492 1859 vos
515 1817 630 1867 Deo,
657 1823 700 1857 et
731 1814 789 1857 sic
810 1813 978 1856 tundite
1005 1821 1172 1870 pectora
1199 1820 1354 1862 vestra,
1389 1819 1433 1852 ut

59 1895 103 1930 et
134 1888 224 1945 ipsa
250 1901 350 1945 quae
382 1893 709 1939 remanserunt,
738 1900 825 1927 nou
849 1884 968 1926 fiant.
995 1882 1218 1926 conamini
1244 1896 1330 1924 non
1369 1881 1432 1923 fa-

59 1971 182 2011 cere,
218 1966 262 2000 et
298 1956 330 1999 si
371 1956 460 1999 fieri
487 1965 652 2014 potest,
678 1954 794 1998 nulla
821 1953 946 1997 facite
971 1973 978 1996 ;
1007 1953 1038 1995 si
1063 1962 1203 1994 autem
1234 1951 1320 1992 fir-ri
1345 1965 1430 1993 non

59 2035 227 2086 potest,
257 2036 304 2070 ut
326 2026 444 2070 nulla
471 2025 653 2079 faciatis,
679 2034 848 2069 maneat
867 2034 1005 2067 tamon
1033 2021 1098 2064 illa
1122 2021 1186 2079 piu
1205 2018 1424 2062 consessio.

62 2098 154 2142 Erit
174 2099 289 2153 enim
313 2108 534 2156 respectus
568 2096 869 2141 misericordiae
904 2095 1056 2153 ipsius,
1095 2101 1139 2134 ut
1175 2100 1213 2133 u·
1247 2099 1428 2131 conante

58 2169 203 2215 omnia
226 2169 461 2228 perimere,
483 2179 526 2213 ct
545 2177 758 2228 quantum
783 2166 985 2224 adjuverit
1014 2164 1265 2221 prrinwntv,
1287 2161 1340 2203 dv
1364 2176 1428 2201 ιϊ-

58 2238 186 2299 liquis
213 2255 313 2299 quae
348 2239 424 2283 tibi
459 2248 622 2284 restant
653 2238 696 2280 in
735 2237 886 2281 itincre
920 2235 1114 2278 invvnto,
1142 2240 1182 2273 vt
1209 2231 1248 2272 in
1272 2238 1426 2272 conatu

0 2335 2 2363 5
57 2310 398 2368 comprehenso,
424 2309 549 2354 i'acilc
575 2310 766 2366 ignoscat
793 2327 800 2351 ;
830 2314 991 2349 tantum
1019 2302 1220 2360 prolicere
1245 2301 1393 2341 atl'vcta
1415 2335 1423 2347 ,

57 2395 145 2423 non
169 2380 370 2423 deficere.
396 2381 437 2423 Si
461 2395 547 2423 non
569 2388 608 2423 to
632 2378 795 2422 invenit
816 2377 902 2419 dios
923 2373 1093 2416 ultimus¹
1114 2372 1310 2413 victorem
1333 2405 1339 2415 ,
1365 2370 1427 2410 in-

0 2437 1 2506 ]
57 2449 200 2494 veniat
218 2449 285 2494 vel
310 2458 576 2509 pugnantem
597 2485 606 2503 ‚
635 2464 720 2491 non
744 2456 913 2504 captum
939 2453 979 2485 vt
1003 2442 1235 2484 addictum.

118 2521 194 2562 lx.
232 2522 307 2564 Est
344 2529 489 2564 autem
517 2516 802 2562 misericordia
827 2511 1215 2558 211›nml;1nu5>i1na.
1247 2519 1286 2551 vt
1313 2508 1422 2561 larga

0 2605 8 2631 ι’
56 2591 146 2649 ‘'jus
170 2589 493 2646 benevolentia,
532 2591 603 2650 qui
642 2605 716 2631 nos
756 2586 960 2640 sanguim·
1004 2580 1093 2623 l·'ilii
1129 2581 1187 2622 ‚uni
1217 2579 1387 2621 redeunt
1414 2614 1419 2620 .
