1924 3309
491 263 572 301 268
911 270 944 299 s.
981 269 1210 300 Aueusnm
1244 268 1427 296 13121500121

488 341 585 384 sinu
603 338 743 384 cordis
766 339 930 383 nutrire
948 333 1413 396 cupiebat.Itaqueilla
1437 334 1616 393 gloriam
1640 336 1868 381 hominum

488 410 713 470 quaerebat
734 410 779 454 in
802 409 941 453 alieno
962 407 1051 450 filio
1074 425 1082 449 :
1109 406 1201 448 haec
1224 404 1432 448 affectum
1459 403 1701 450 dilectionis
1724 421 1869 451 serva-

490 481 565 525 bat
587 481 632 524 in
655 496 748 524 suo.

549 554 623 595 IV.
640 551 754 595 Illud
769 559 911 594 autem
933 547 1046 590 inter
1063 546 1211 590 ambas
1228 545 1369 604 regale
1386 545 1602 606 judicium
1625 546 1735 591 nihil
1751 547 1870 593 aliud

487 637 565 666 nos
587 620 805 674 admonet,
822 617 901 662 nisi
923 625 973 660 ut
989 631 1068 675 pro
1088 616 1268 661 veritate
1285 625 1516 672 certemus,
1537 626 1580 661 et
1601 617 1869 674 expellamus

487 693 749 752 hypocrisim
777 698 986 747 tanquam
1009 686 1160 731 falsam
1183 697 1393 744 matrem,
1422 704 1444 732 a
1468 687 1649 748 spiritali
1666 689 1870 733 Ecclesiae

485 762 601 808 dono
618 771 824 820 tanquam
848 759 903 801 ab
928 757 1069 803 alieno
1090 759 1191 804 vivo
1214 759 1328 818 filio,
1344 775 1424 804 nec
1446 760 1662 819 patiamur
1683 775 1779 804 eam
1796 759 1870 804 do-

483 832 637 876 minari
660 844 871 874 concessae
895 828 986 874 aliis
1005 830 1170 888 gratiae,
1191 846 1289 891 quae
1308 845 1428 875 suam
1445 829 1665 875 custodire
1683 846 1775 875 non
1791 845 1870 890 po-

485 903 578 946 tuit.
606 900 687 945 Sed
717 901 800 944 hoc
830 899 1040 945 faciamus
1070 900 1355 946 defendentes
1380 910 1511 962 atque
1539 909 1753 946 certantes
1779 917 1870 946 non

480 987 617 1031 usque
650 970 705 1014 ad
727 970 970 1030 periculum
994 970 1230 1016 divisionis.
1259 971 1338 1016 Illa
1370 972 1486 1016 enim
1510 972 1723 1016 sententia
1749 971 1871 1032 judi-

481 1044 553 1097 cis,
574 1057 673 1087 cum
684 1043 810 1102 jussit
833 1042 1064 1101 parvulum
1087 1042 1239 1099 dividi,
1263 1059 1352 1088 non
1373 1053 1437 1088 est
1453 1043 1632 1088 unitatis
1653 1043 1866 1104 praecisio,

479 1113 551 1158 sed
574 1113 772 1173 probatio
795 1114 1030 1158 charitatis.
1059 1114 1299 1159 Salomonis
1321 1115 1436 1159 enim
1460 1130 1638 1169 nomen,
1654 1115 1766 1159 sicut
1783 1118 1868 1159 La-

480 1186 555 1230 tini
574 1186 936 1245 interpretantur,
962 1187 1193 1245 pacificum
1215 1196 1292 1231 est.
1320 1190 1412 1231 Rex
1428 1202 1532 1232 vero
1549 1187 1758 1246 pacificus
1779 1201 1869 1231 nou

479 1256 683 1301 dilacerat
716 1258 912 1301 membra
927 1292 937 1312 ,
964 1274 1064 1317 quae
1086 1258 1253 1302 unitate
1276 1267 1407 1318 atque
1438 1257 1670 1302 concordia
1692 1257 1869 1302 vitalem

479 1327 675 1386 spiritum
692 1328 920 1372 continent
939 1344 950 1371 .·
976 1327 1051 1372 sed
1075 1328 1284 1373 minando
1301 1328 1469 1373 invenit
1489 1337 1674 1373 matrem
1695 1343 1842 1373 veram
1855 1363 1866 1383 ,

479 1406 522 1440 et
533 1397 772 1456 judicando
795 1407 964 1456 separat
986 1397 1155 1442 falsam.
1186 1399 1229 1444 Si
1251 1414 1354 1457 ergo
1373 1397 1428 1443 ad
1450 1398 1702 1458 hujusmodi
1725 1407 1868 1442 tenta-

484 1468 642 1512 tionem
663 1478 845 1513 ventum
866 1469 1026 1524 fuerit,
1055 1484 1110 1513 ne
1144 1470 1289 1514 unitas
1312 1470 1559 1514 christianae
1588 1469 1734 1528 gratiae
1757 1468 1871 1514 divi·
1904 1499 1905 1502 =

480 1540 630 1594 datur,
659 1539 867 1584 docemur
889 1539 1033 1584 dicere
1059 1559 1069 1585 2
1098 1559 1118 1582 «
1143 1543 1252 1585 Date
1275 1540 1339 1584 illi
1361 1556 1547 1600 puerum
1565 1575 1576 1593 ,
1603 1549 1775 1584 tantum
1804 1541 1870 1584 vi·

482 1629 501 1651 »
536 1619 658 1654 vat.»
681 1612 777 1655 Non
799 1610 914 1654 enim
935 1611 1149 1656 honorem
1170 1611 1335 1667 matris,
1356 1612 1433 1656 sed
1451 1610 1636 1656 salutem
1657 1611 1752 1667 filii,
1771 1626 1870 1672 quae
1904 1638 1905 1644 κ

479 1689 616 1724 mater
636 1695 736 1725 vera
761 1690 824 1725 est
852 1682 1024 1741 quaerit.
1053 1681 1330 1741 Ubicumque
1352 1681 1425 1726 ille
1451 1681 1585 1726 fuerit
1603 1717 1614 1737 ‚
1639 1681 1741 1741 plus·
1769 1696 1870 1725 eum

479 1749 715 1809 possidebit
735 1750 901 1794 sincera
928 1750 1104 1795 dilectio
1128 1751 1275 1795 matris
1294 1787 1305 1807 ,
1326 1767 1458 1812 quam
1483 1752 1602 1796 salsae
1624 1752 1866 1811 usurpatio.
1897 1795 1899 1816 1

538 1823 590 1864 V.
618 1823 728 1863 Item
751 1821 879 1864 video
901 1822 1140 1877 significare
1160 1823 1261 1864 istas
1276 1824 1385 1864 duas
1403 1823 1607 1864 mulieres
1624 1824 1670 1864 in
1692 1837 1780 1866 una
1795 1822 1871 1866 do·
1896 1821 1905 1854 *s

481 1907 550 1935 mo
568 1925 578 1945 ,
605 1890 694 1935 duo
715 1905 870 1948 genera
887 1890 1117 1934 hominum
1140 1890 1185 1933 in
1208 1906 1295 1934 una
1313 1890 1505 1935 Ecclesia
1527 1910 1536 1936 ε
1557 1907 1696 1935 unum
1718 1907 1868 1936 eorum
1896 1912 1904 1954 μ

480 1963 525 2005 in
548 1962 708 2022 quibus
731 1977 831 2005 vera
856 1961 1042 2005 charitas
1065 1971 1239 2019 regnat,
1269 1960 1453 2005 alterum
1476 1963 1691 2006 eorum-in
1711 1964 1870 2023 quibus
1895 1957 1899 2010 l

482 2032 697 2078 simulatio
731 2032 997 2076 dominatur.
1024 2035 1080 2077 Ut
1113 2031 1193 2076 ista
1216 2031 1304 2076 duo
1326 2033 1506 2076 omnino
1528 2042 1738 2092 tanquam
1762 2034 1870 2078 duas
1894 2034 1903 2084 ¹;

465 2104 684 2148 ‚mulieres
706 2103 977 2157 intueamur,
1004 2101 1283 2146 dilectionem
1303 2111 1346 2145 et
1364 2101 1702 2147 simulationem.
1724 2103 1868 2148 Dilec-
1896 2113 1897 2134 ¹

1894 2141 1897 2187 Ι

487 2175 645 2218 tionem
664 2174 826 2233 quippe
846 2173 1062 2217 simulatio
1084 2172 1295 2217 fallaciter
1311 2173 1520 2217 imitatur.
1547 2176 1602 2218 Et
1625 2173 1723 2219 ideo
1745 2175 1870 2219 istam
1894 2189 1903 2234 :1

485 2254 606 2289 cavet
628 2245 875 2304 Apostolus,
893 2259 994 2288 cum
1011 2243 1115 2288 dicit
1137 2263 1145 2288 :
1169 2243 1382 2287 «Dilectio
1407 2245 1498 2287 sine
1515 2244 1790 2289 simulatione
1805 2247 1864 2288 ².»
1893 2245 1902 2314 ξ

486 2316 688 2367 Quamvis
714 2316 829 2359 enim
851 2315 1051 2360 habitent
1073 2315 1119 2358 in
1141 2330 1228 2359 una
1248 2314 1379 2358 domo
1407 2315 1604 2375 quandiu
1637 2315 1868 2360 reticulum
1893 2319 1902 2364 ξε

485 2383 594 2427 illud
625 2386 920 2443 evangelicum
941 2386 987 2430 in
1009 2385 1115 2429 mari
1138 2395 1222 2437 est,
1262 2384 1479 2445 simulque
1502 2386 1640 2431 bonos
1668 2396 1711 2430 et
1733 2386 1868 2430 malos
1893 2399 1896 2430 !

486 2456 620 2513 pisces
636 2490 646 2509 ,
677 2455 813 2500 donec
836 2457 891 2501 ad
913 2457 1035 2501 littus
1056 2455 1343 2515 perducatur,
1372 2455 1587 2513 includit,
1612 2466 1758 2501 tamen
1792 2472 1867 2501 sua
1892 2461 1901 2516 :¹³

486 2539 614 2583 opera
636 2525 814 2582 singulte
832 2526 1041 2571 faciunt2.
1061 2526 1306 2571 Meretrices
1329 2535 1473 2570 autem
1498 2526 1676 2571 fuerunt
1694 2527 1861 2584 amhae,
1892 2543 1895 2583 ε

535 2616 542 2633 ¹
566 2612 655 2641 Itoni.
673 2621 729 2651 xn,
750 2622 783 2652 9.
806 2629 846 2634 —
866 2619 877 2633 2
904 2612 1027 2644 Matth.
1050 2623 1121 2654 xm,
1146 2611 1201 2654 47.
