1867 3320
405 242 543 274 sunno
575 247 648 286 1x,
685 251 737 278 niz
770 254 910 282 DECEM
941 259 1131 288 cuonms.
1370 260 1451 300 245

83 304 247 350 famulo
267 320 346 352 suo
360 310 501 366 Moysi
522 312 567 355 in
589 324 738 360 monte
758 317 864 364 duas
886 322 1055 367 tabulas
1072 324 1211 382 dedit,
1229 330 1272 373 in
1295 336 1453 392 quibus

79 372 249 418 duabus
274 376 430 422 tabulis
451 378 629 439 lapideis
663 388 902 447 conscripta
925 401 1046 436 erant
1067 392 1215 439 decem
1238 414 1452 462 praecepta

79 444 251 502 Legis1,
274 448 424 506 (quod
445 459 509 494 est
529 452 782 510 psalterium
805 457 954 504 decem
973 462 1255 522 chordarum,
1276 472 1385 525 )tria
1406 476 1452 519 in

76 528 165 557 una
181 514 331 560 tabula
352 517 406 561 ad
424 521 564 564 Deum
587 525 845 581 pertinentia
865 564 876 583 ‚
902 540 1066 590 septem
1084 533 1130 577 in
1151 534 1283 582 altera
1306 541 1453 588 tabula

76 582 131 627 ad
149 583 409 643 proximum.
437 592 489 634 In
511 591 644 637 altera
671 609 772 654 ergo
809 599 956 645 tabula
979 603 1168 661 primum
1191 615 1255 650 est
1280 626 1289 652 :
1319 627 1339 651 «
1364 613 1455 656 Ho-

78 670 99 695 »
133 670 240 700 nora
255 667 423 716 patrem
439 669 567 707 tuum
586 674 629 709 et
641 676 822 714 matrem
840 679 974 716 tuam.
998 691 1018 714 »
1037 676 1303 733 Secundum,
1320 698 1340 721 «
1358 682 1455 726 Non

76 741 96 765 >›
131 726 436 774 moechaberis.
465 749 486 773 n
520 735 739 783 Tertium.
785 758 804 780 «
832 742 926 785 Non
961 743 1144 789 occides.
1168 763 1189 787 »
1214 749 1450 807 Quartum,

28 807 34 862 ί
76 811 95 834 «
130 796 226 840 Non
246 796 476 844 furaberis.
506 820 526 843 »
551 805 790 863 Quintum,
815 828 835 850 «
859 813 955 854 Non
974 813 1129 858 falsum
1156 818 1451 865 testimonium

29 865 34 881 ¹
73 879 94 904 »
129 863 260 910 dices.
294 886 314 909 »
338 871 538 927 Sextum,
568 892 588 915 «
621 877 717 920 Non
750 881 1027 939 concupisces
1056 899 1234 929 uxorem
1267 890 1451 947 proximi

12 926 14 931 ’
71 950 91 974 »
130 935 207 979 tui.
237 954 257 978 »
285 940 526 998 Septimum
543 977 555 998 ,
576 962 596 985 «
617 947 714 989 Non
731 950 1008 1008 concupisces
1031 967 1120 996 rem
1138 957 1321 1012 proximi
1338 961 1447 1003 tui.»

68 1004 171 1048 Haec
188 1006 424 1064 jungamus
446 1009 528 1054 illis
549 1012 688 1058 tribus
711 1015 765 1059 ad
786 1016 1063 1064 dilectionem
1086 1024 1162 1066 Dei
1192 1026 1450 1082 pertinenti-

66 1072 172 1129 bus,
197 1075 232 1118 si
260 1076 305 1121 in
327 1078 529 1136 psalterio
557 1081 708 1128 decem
745 1087 1007 1134 chordarum
1038 1093 1239 1138 volumus
1275 1107 1449 1143 cantare

63 1144 281 1190 canticum
308 1163 487 1193 novum.

27 1211 33 1250 Ι
111 1214 233 1259 VIII.
252 1218 464 1263 Attendat
480 1221 595 1265 enim
606 1224 802 1270 Charitas
818 1230 984 1284 Vestra,
1001 1241 1050 1276 ut
1068 1232 1206 1278 dicam
1225 1238 1342 1294 quod
1360 1241 1449 1282 Do-

61 1282 203 1327 minus
236 1288 439 1344 suggerit.
464 1291 642 1350 Accepit
663 1296 825 1352 Legem'
844 1299 1031 1357 populus
1059 1304 1083 1345 J
1088 1303 1299 1349 udeorum
1320 1308 1443 1352 istam

59 1354 104 1396 in
126 1352 334 1414 decalogo
362 1377 370 1402 z
398 1374 488 1403 non
515 1361 771 1409 observavit.
799 1369 855 1411 Et
877 1372 1143 1431 quicumque
1165 1375 1443 1436 obtempera-

56 1420 162 1465 bant
172 1457 188 1478 ,
212 1424 365 1470 timore
393 1428 757 1488 obtemperabant
775 1449 941 1493 poenae,
960 1454 1050 1483 non
1078 1456 1221 1487 amore
1235 1446 1437 1503 justitias:

55 1492 287 1549 portabant
307 1496 583 1555 psalterium,
608 1516 698 1545 non
720 1505 967 1551 cantabant.
1000 1510 1203 1556 Cantanti
1225 1515 1339 1559 enim
1361 1532 1439 1562 vo-

52 1558 195 1619 luptas
208 1572 287 1619 est,
306 1565 475 1611 timenti
495 1583 604 1613 onus
619 1580 696 1614 est.
714 1573 818 1618 Ideo
831 1584 953 1620 vetus
971 1578 1103 1624 homo
1124 1591 1198 1626 aut
1211 1598 1300 1628 non
1315 1584 1434 1642 facit,

52 1640 127 1675 aut
159 1632 313 1678 timore
350 1634 474 1692 facit,
517 1653 607 1683 non
638 1656 784 1686 amore
818 1647 1082 1704 sanctitatis,
1122 1667 1211 1696 non
1251 1654 1437 1702 delecta-

51 1701 169 1746 tione
189 1705 392 1750 castitatis
407 1741 418 1762 ,
444 1712 744 1768 temperantiae
761 1749 772 1768 ,
799 1716 1036 1773 charitatis,
1057 1720 1133 1764 sed
1151 1722 1319 1768 timore.
1346 1728 1432 1770 Ve-

47 1777 118 1815 tus
139 1773 255 1816 enim
276 1775 409 1819 homo
425 1786 513 1835 est,
530 1788 573 1823 et
594 1790 719 1825 vetus
733 1783 865 1828 homo
878 1789 1096 1832 canticum
1119 1801 1242 1836 vetus
1257 1805 1430 1840 cantare

4 1873 5 1877 η
46 1850 212 1899 potest,
245 1859 335 1889 non
356 1860 535 1891 novum.
562 1851 617 1893 Ut
640 1860 786 1896 autem
816 1865 962 1900 cantet
992 1860 1209 1905 canticum
1239 1879 1426 1922 novum,

44 1910 99 1954 sit
114 1926 253 1957 novus
276 1915 423 1960 homo.
443 1918 675 1969 Quomodo
692 1931 836 1966 autem
859 1927 992 1983 possit
1009 1942 1099 1972 esse
1121 1945 1259 1976 novus
1276 1936 1423 1991 homo,

44 1981 172 2036 audi,
198 1998 286 2027 non
314 2000 384 2028 me
403 2020 414 2040 ,
459 1987 534 2031 sed
555 1991 814 2048 Apostolum
846 1994 1061 2042 dicentem
1088 2019 1096 2045 :
1126 2020 1146 2042 «
1172 2005 1326 2049 Exuite
1352 2023 1424 2052 vos

46 2066 66 2092 »
102 2059 290 2096 veterem
324 2054 570 2112 hominem,
608 2068 651 2103 et
680 2060 849 2106 induite
871 2080 1034 2110 novum
1048 2072 1078 2111 ².
1107 2088 1124 2110 »
1153 2073 1208 2115 Et
1240 2090 1294 2117 ne
1326 2079 1422 2135 quis

41 2128 236 2178 putaret,
277 2136 379 2166 cum
411 2124 547 2170 dixit:
579 2145 598 2168 «
624 2130 779 2175 Exuite
810 2147 885 2177 vos
913 2145 1100 2181 veterem
1134 2140 1350 2188 hominem
1380 2156 1421 2190 et

42 2204 64 2229 »
104 2188 273 2235 induite
305 2207 469 2238 novum
501 2214 510 2239 ι
540 2213 559 2236 »
592 2197 755 2258 aliquid
791 2202 1096 2262 deponendum
1133 2224 1222 2254 esse
1259 2222 1301 2256 et
1338 2214 1417 2258 ali-

41 2258 149 2316 quid
162 2261 487 2320 accipiendum,
506 2280 606 2311 cum
629 2267 683 2312 de
700 2273 911 2316 mutando
944 2279 1193 2336 praeciperet
1217 2282 1414 2338 homine,

38 2329 222 2388 subjecit
252 2341 295 2376 ct
323 2334 381 2377 ait
416 2353 424 2378 :
459 2353 478 2377 «
505 2338 779 2399 Quapropter
810 2343 1074 2403 deponentes
1111 2352 1381 2398 mendacium
1400 2392 1411 2409 ‚

41 2415 61 2439 »
96 2398 324 2458 loquimini
347 2404 594 2451 veritatem³
619 2426 638 2450 »
661 2412 754 2456 Hoc
772 2416 971 2474 estquod
994 2418 1051 2461 ait
1078 2437 1085 2462 :
1115 2438 1133 2460 (ι
1164 2423 1316 2467 Exuite
1341 2441 1413 2468 vt·-

2 2496 4 2502 »
38 2484 59 2508 »
95 2476 227 2513 terem
252 2472 470 2518 hominem
488 2510 499 2530 ,
524 2486 566 2521 et
584 2478 752 2524 induite
783 2499 940 2528 novum
969 2504 976 2529 :
1007 2505 1025 2526 n
1054 2488 1132 2532 hoe
1155 2490 1284 2545 dixit,
1311 2497 1410 2538 Mu-

83 2557 90 2574 ¹
115 2554 211 2584 Exsul.
232 2564 319 2595 xxxl,
345 2558 394 2590 18.
415 2575 456 2582 -—
483 2566 494 2581 ²
518 2560 630 2602 llplws.
648 2574 690 2603 lv,
709 2573 763 2604 γι,
785 2571 846 2597 νῖν.
881 2584 916 2589 —-
943 2567 953 2589 3
976 2570 1050 2601 thid.
1073 2572 1112 2599 ’ιί
