1924 3309
488 234 572 273 246
907 240 939 268 S.
977 239 1205 268 Anaus'nm
1238 236 1418 264 131>1scoi²1

483 319 569 354 tate
588 323 740 353 mores.
760 306 976 352 Saeeulum
990 301 1247 360 diligebatis,
1265 303 1406 342 Deum
1421 297 1589 358 diligite
1605 319 1614 344 :
1631 303 1861 359 nugatoria

483 379 746 439 iniquitatis,
777 375 1032 436 temporales
1054 371 1297 429 voluptates
1325 368 1596 429 diligebati83
1617 372 1865 430 proximum

484 450 664 509 diligite.
688 450 731 494 Si
750 447 979 492 dilectione
999 442 1162 496 tacitis,
1194 440 1413 485 canticum
1447 455 1613 486 novum
1643 443 1826 488 cantatis
1853 461 1863 489 z

484 522 519 565 si
540 521 696 565 timore
717 517 854 562 facitis
872 550 882 569 ,
906 513 1043 558 facitis
1080 520 1257 568 tamen,
1287 511 1465 568 portatis
1495 511 1673 572 quidem
1702 513 1866 573 psalte-

483 592 613 645 rium,
634 588 710 634 sed
726 586 921 632 nondum
939 582 1120 627 cantatis
1142 601 1152 626 ε
1171 582 1206 626 si
1223 590 1370 626 autem
1389 596 1469 626 nec
1483 582 1570 627 hoc
1585 582 1745 639 facitis,
1765 599 1868 643 pro-

480 661 608 721 Jicitis
637 660 778 717 ipsum
812 653 1076 714 psalterium.
1109 652 1265 697 Melius
1295 661 1360 697 est
1390 652 1462 698 vel
1505 659 1701 712 portare,
1733 669 1868 714 quam

483 730 690 789 projicere
720 745 729 770 :
761 724 837 769 sed
873 738 1049 778 rursus,
1089 721 1244 767 melius
1271 737 1373 767 cum
1404 722 1631 782 voluptate
1664 732 1864 781 cantare,

481 814 612 859 quam
632 810 732 841 cum
749 809 879 839 onere
899 802 1088 853 portare.
1114 795 1203 839 Nec
1231 793 1431 852 pervenit
1459 792 1515 838 ad
1536 794 1761 839 canticum
1781 810 1865 840 no-

480 883 605 922 vum,
629 866 708 910 nisi
738 866 829 924 jam
850 879 950 909 cum
987 864 1215 924 voluptate
1235 873 1430 909 cantans·
1470 866 1581 910 Nam
1612 865 1688 924 qui
1720 875 1866 925 portat

481 952 581 983 cum
599 936 751 980 timore
772 934 915 979 adhuc
931 935 977 979 in
992 943 1208 979 vetustate
1229 943 1309 979 est.
1326 936 1385 978 Et
1401 933 1509 995 quid
1531 943 1596 979 est
1612 934 1734 995 quod
1749 935 1864 991 dico,

482 1007 631 1051 fratres
645 1039 657 1060 ,
683 1004 908 1049 attendite.
934 1006 1033 1050 Non
1055 1004 1336 1049 concordavit
1355 1019 1457 1048 cum
1492 1002 1740 1049 adversario
1763 1020 1864 1061 suo,

481 1077 558 1137 qui
579 1090 679 1120 cum
699 1075 852 1119 timore
874 1073 1018 1119 adhuc
1039 1073 1143 1119 sacit
1168 1092 1179 1120 ς
1203 1074 1328 1118 timet
1350 1074 1468 1117 enim
1490 1088 1546 1118 ne
1564 1073 1711 1119 veniat
1732 1076 1864 1130 Deus,

481 1156 524 1191 et
545 1146 721 1190 damnet
736 1144 876 1188 illum.
901 1147 1011 1190 Nam
1028 1144 1228 1189 nondum
1245 1143 1434 1188 delectat
1455 1143 1643 1196 castitas,
1668 1144 1868 1189 nondum

480 1216 605 1260 illum
626 1214 810 1259 delectat
822 1214 1012 1274 justitia,
1036 1214 1112 1258 sed
1127 1212 1346 1273 judicium
1365 1214 1443 1257 Dei
1454 1213 1695 1258 formidans
1707 1248 1720 1269 ,
1735 1229 1760 1259 a
1776 1214 1869 1259 fac-

481 1287 534 1331 tis
556 1295 767 1345 temperat
795 1304 805 1330 :
831 1300 922 1330 non
943 1285 1341 1344 concupiscentiam
1357 1284 1495 1343 ipsam
1516 1283 1744 1340 damnans,
1768 1301 1869 1345 quae

483 1358 605 1402 saevit
621 1357 667 1400 in
688 1370 754 1401 eo.
782 1354 988 1401 Nondum
1024 1354 1151 1399 illum
1192 1354 1381 1399 delectat
1419 1354 1541 1415 quod
1568 1355 1736 1400 bonum
1771 1365 1836 1401 est
1856 1375 1866 1402 :

484 1427 680 1472 nondum
701 1427 761 1471 ibi
772 1427 906 1470 habet
921 1426 1195 1482 suavitatem,
1212 1435 1263 1470 ut
1278 1435 1426 1470 cantet
1445 1427 1666 1471 conticum
1679 1441 1867 1479 novum;

484 1497 560 1542 sed
576 1496 630 1541 de
649 1505 863 1541 vetustate
892 1511 1044 1555 poenas
1068 1497 1220 1541 timet:
1243 1496 1444 1541 nondum
1467 1496 1748 1542 concordavit
1769 1511 1869 1541 cum

485 1567 743 1612 adversario.

540 1638 617 1680 IX.
645 1635 767 1679 Tales
788 1635 905 1679 enim
924 1635 1124 1680 homines
1149 1634 1411 1695 plerumque
1432 1634 1774 1696 supplantantur
1791 1637 1869 1681 tali

481 1705 761 1765 cogitatione,
786 1715 836 1750 ut
857 1705 1008 1750 dicant
1027 1706 1131 1760 sihi,
1158 1706 1202 1750 Si
1220 1706 1314 1749 fieri
1335 1715 1479 1765 posset
1492 1741 1503 1761 ,
1524 1722 1614 1751 non
1635 1707 1761 1752 nobis
1782 1708 1869 1752 mi-

478 1786 655 1821 naretur
676 1779 790 1820 Deus
804 1810 816 1830 ‚
835 1791 926 1820 non
942 1776 1043 1820 talia
1057 1791 1134 1833 per
1154 1777 1393 1833 Prophetas
1415 1791 1514 1820 suos
1545 1777 1710 1821 diceret
1724 1812 1735 1833 ‚
1765 1792 1866 1838 quae

480 1848 676 1892 homines
697 1845 964 1890 deterrerent
981 1866 993 1902 3
1018 1844 1094 1889 sed
1115 1853 1350 1904 antequam
1368 1846 1557 1901 veniret,
1582 1845 1706 1891 daret
1725 1849 1869 1892 omni-

482 1918 563 1961 bus
594 1915 931 1974 indulgentiam,
955 1916 1200 1974 ignosceret
1235 1915 1461 1971 omnibus,
1492 1925 1641 1975 postea
1671 1918 1866 1973 veniret,

482 1988 700 2032 neminem
738 1987 931 2031 mitteret
966 1987 1013 2030 in
1034 1987 1269 2044 gehennas.
1294 1988 1392 2030 Jam
1434 1987 1538 2046 quia
1566 1987 1741 2048 iniquus
1776 1998 1866 2044 est,

476 2060 676 2119 iniquum
696 2058 792 2103 vult
817 2061 973 2102 Deum.
998 2056 1105 2101 Vult
1121 2066 1164 2101 te
1187 2060 1302 2101 Deus
1335 2056 1478 2102 facere
1500 2057 1685 2102 similem
1707 2060 1772 2103 sui
1791 2094 1802 2115 ,
1825 2069 1868 2104 et

478 2129 643 2173 conaris
673 2138 723 2173 tu
754 2131 896 2172 Deum
926 2126 1067 2172 facere
1103 2126 1288 2171 similem
1318 2128 1398 2171 tui.
1424 2127 1611 2172 Placeat.
1646 2129 1726 2173 tibi
1762 2143 1867 2187 ergo

480 2201 592 2243 Deus
623 2198 761 2258 qualis
792 2207 876 2254 est,
907 2213 998 2242 non
1031 2196 1205 2257 qualem
1227 2196 1353 2241 illum
1390 2212 1480 2242 esse
1516 2199 1595 2243 vis.
1633 2202 1865 2244 Perversus

482 2270 597 2312 enim
618 2285 682 2325 es,
707 2279 750 2314 et
770 2269 905 2314 talem
935 2270 999 2314 vis
1021 2271 1160 2313 Deum
1181 2268 1319 2329 qualis
1340 2284 1406 2324 es,
1439 2284 1529 2314 non
1551 2269 1691 2330 qualis
1719 2279 1798 2315 est.
1822 2271 1865 2316 Si

487 2348 628 2382 autem
650 2339 816 2398 placeat
837 2340 916 2384 tibi
933 2339 1073 2399 qualis
1095 2348 1172 2394 est,
1193 2339 1438 2398 corrigeris,
1463 2349 1508 2384 et
1528 2339 1685 2398 diriges
1705 2340 1752 2384 in
1769 2354 1866 2385 eam

482 2408 675 2465 regulam
699 2425 772 2454 cor
793 2420 941 2466 tuum,
966 2425 989 2454 a
1007 2425 1093 2470 qua
1115 2423 1234 2454 nunc
1252 2409 1416 2454 alienus
1443 2410 1649 2455 distortus
1676 2425 1736 2455 es.
1762 2409 1866 2455 Pla-

484 2487 578 2521 ceat
610 2478 690 2522 tibi
712 2482 822 2523 Deus
859 2480 998 2540 qualis
1026 2490 1111 2535 est,
1150 2495 1245 2524 ama
1278 2480 1416 2540 qualis
1457 2490 1523 2525 est
1556 2496 1681 2526 :non
1707 2489 1750 2524 te
1772 2481 1865 2539 ipse

486 2557 599 2591 amat
620 2549 754 2607 qualis
777 2566 841 2605 es,
867 2553 941 2595 sed
972 2551 1065 2595 odit
1081 2560 1124 2595 te
1144 2551 1284 2610 qualis
1304 2566 1362 2595 eS.
1390 2551 1495 2596 Ideo
1512 2552 1576 2596 tui
1606 2552 1859 2604 miseretur,
