1924 3309
504 312 587 351 454
942 324 973 351 s.
1011 324 1241 351 Aucus'rxm
1273 324 1456 352 Enscom

502 404 599 434 mus
615 424 625 441 ,
650 390 753 450 quia
772 391 862 449 ipse
883 390 1001 450 prior
1028 387 1180 432 dilexit
1196 390 1330 432 'nos¹.
1356 388 1545 434 Multum
1569 388 1685 433 enim
1709 387 1889 434 dederat

503 459 693 515 homini,
736 458 1094 521 quandoquidem
1122 456 1177 501 de
1218 460 1309 501 Deo
1343 457 1605 518 loquebatur
1623 494 1634 514 ,
1671 459 1856 504 dicendo
1876 478 1886 504 :
1904 455 1907 509 ἰ

505 532 593 576 Nos
628 524 874 589 diligimus,
900 529 1017 582 Qui?
1048 528 1216 587 quem?
1244 527 1450 572 Homines
1478 531 1618 573 Deum
1637 563 1649 584 ‚
1687 527 1906 574 mortales

505 599 795 645 immortalem
813 635 824 655 ,
846 607 1092 659 peccatores
1104 598 1275 658 justum
1286 631 1297 652 ,
1313 596 1486 656 fragiles
1502 598 1788 654 immobilem,
1805 596 1907 670 fac-

505 681 604 717 tura
637 670 828 716 fabrum.
865 672 952 715 Nos
986 667 1214 713 dileximus
1239 687 1249 713 2
1275 676 1318 713 et
1348 667 1432 713 hoc
1453 667 1571 714 unde
1592 668 1755 713 nobis?
1785 669 1907 745 Quia]

505 743 597 802 ipse
617 742 736 802 prior
757 740 909 785 dilexit
922 754 1015 784 nos.
1033 742 1189 793 Quaere
1206 737 1323 785 unde
1339 738 1509 784 homini
1526 738 1705 798 diligere
1724 741 1864 783 Deum
1880 747 1907 794 :j

505 828 586 857 nec
619 811 813 857 invenies
835 810 1015 855 omnino
1033 844 1045 866 ,
1069 810 1152 854 nisi
1173 810 1276 870 quia
1292 809 1410 869 prior
1435 807 1562 853 illum
1583 807 1734 853 dilexit
1759 812 1890 853 Deus.

505 882 637 928 Dedit
668 897 711 926 se
742 883 886 942 ipsum
913 896 1048 942 quem
1079 880 1307 925 dileximus
1341 899 1351 925 :
1381 879 1503 925 dedit
1533 879 1652 924 unde
1692 878 1907 938 diligere-

508 968 621 998 mus.
647 952 766 1006 Quid
798 952 914 996 enim
946 950 1091 1006 dedit,
1116 950 1234 995 unde
1262 950 1564 1008 diligeremus,
1597 950 1787 1009 apertius
1815 965 1896 994 au-

509 1024 600 1069 dite
616 1038 693 1082 per
707 1022 952 1083 apostolum
973 1022 1159 1067 Paulum
1178 1040 1186 1067 :
1216 1040 1236 1064 «
1270 1022 1490 1076 Charitas,
1515 1020 1684 1081 inquit,
1708 1020 1787 1064 Dei
1808 1019 1907 1067 dif-

510 1112 531 1136 »
569 1093 666 1139 fusa
695 1103 759 1138 est
790 1095 837 1137 in
868 1092 1074 1138 cordibus
1100 1092 1301 1138 nostris2.
1341 1110 1361 1133 n
1400 1091 1557 1136 Unde?
1592 1106 1700 1135 num
1733 1089 1846 1135 forte

508 1164 634 1208 nobis
649 1164 666 1207 P
682 1165 796 1208 Non.
817 1165 935 1221 Ergo
952 1162 1096 1207 unde?
1113 1165 1194 1206 Per
1218 1162 1426 1221 Spiritum
1441 1170 1657 1216 sanctum,
1673 1161 1750 1220 qui
1771 1158 1907 1204 datus

506 1242 572 1279 est
586 1233 729 1277 nobis.
1905 1284 1907 1287 ι

567 1305 650 1348 ΙΙΙ.
677 1302 899 1347 Habentes
936 1316 1040 1361 ergo
1062 1309 1231 1346 tantam
1261 1299 1496 1356 fiduciam,
1532 1313 1726 1344 amemus
1759 1302 1854 1344 Deu

510 1373 566 1419 de
599 1377 690 1419 Deo
715 1392 724 1419 ε
750 1374 839 1418 imo
875 1373 979 1433 quia
1015 1372 1198 1432 Spiritus
1230 1379 1404 1416 sanctus
1437 1373 1553 1416 Deus
1586 1379 1672 1425 est,
1709 1384 1900 1414 amemu

481 1478 489 1483 -
508 1447 652 1490 Deum
672 1442 727 1488 de
749 1446 854 1488 Deo.
880 1442 998 1497 Quid
1019 1442 1136 1486 enim
1157 1441 1256 1501 plus
1278 1441 1442 1497 dicam,
1466 1455 1660 1485 amemus
1681 1442 1822 1485 Deum
1848 1439 1900 1484 d.

510 1515 630 1560 Deo?
650 1516 779 1560 Certe
795 1514 895 1574 quia
912 1512 1026 1569 dixi,
1052 1512 1249 1558 Charitas
1266 1512 1343 1556 Dei
1361 1510 1521 1556 diffusa
1541 1520 1606 1555 est
1630 1510 1677 1554 in
1698 1509 1900 1556 cordibu

513 1585 672 1631 nostris
698 1598 777 1644 per
801 1583 1010 1643 Spiritum
1043 1591 1244 1627 sanctum
1280 1581 1356 1642 qui
1379 1581 1506 1626 datus
1538 1590 1602 1625 est
1623 1580 1748 1625 nobis
1772 1599 1781 1625 ε
1805 1580 1897 1624 ide·

514 1664 578 1701 est
604 1669 897 1715 consequens,
928 1663 979 1698 ut
1010 1652 1113 1713 quia
1143 1652 1327 1712 Spiritus
1357 1660 1531 1696 sanctus
1558 1653 1673 1695 Deus
1704 1658 1797 1709 est3
1826 1665 1900 1694 ne

514 1725 692 1783 diligere
705 1739 934 1784 possumus
951 1726 1090 1767 Deum
1104 1757 1115 1778 ,
1133 1721 1215 1766 nisi
1232 1737 1309 1781 per
1329 1721 1538 1781 Spiritum
1557 1729 1772 1776 sanctum,
1793 1735 1888 1765 ame

516 1810 613 1840 mus
627 1797 768 1840 Deum
786 1793 840 1838 de
857 1796 963 1838 Deo.
979 1793 1091 1837 Hinc
1106 1800 1171 1836 est
1184 1805 1285 1850 ergo
1302 1805 1587 1851 consequens.
1609 1788 1771 1835 Audite
1787 1805 1890 1850 aper

517 1867 604 1912 tius
622 1866 765 1925 ipsum
789 1867 813 1909 J
817 1878 1002 1909 oannem
1029 1881 1038 1907 ι
1063 1881 1085 1904 «
1104 1865 1219 1906 Deus
1236 1861 1420 1906 charitas
1438 1870 1523 1918 est3
1541 1869 1585 1904 et
1597 1861 1674 1920 qui
1695 1871 1844 1905 manet
1864 1861 1878 1905 i

520 1955 542 1980 »
575 1936 802 1991 charitate,
819 1935 865 1978 in
879 1937 970 1978 Deo
983 1941 1130 1978 manet
1141 1967 1152 1989 ,
1168 1941 1212 1978 et
1223 1934 1338 1977 Deus
1351 1932 1396 1976 in
1408 1931 1484 1976 illo
1498 1932 1687 1976 manet³.
1709 1949 1729 1974 »
1749 1934 1863 1977 Paru

517 2016 582 2052 est
602 2006 770 2061 dicere,
795 2004 992 2051 Charitas
1008 2018 1061 2048 ex
1083 2006 1174 2048 Deo
1196 2012 1276 2047 est.
1301 2003 1412 2056 Quis
1422 2011 1621 2047 nostrum
1640 2001 1820 2047 auderet
1838 2001 1882 2046 di

518 2092 615 2123 cere
641 2075 763 2137 quod
789 2075 957 2120 dictum
980 2083 1044 2119 est
1071 2092 1080 2119 2
1108 2092 1128 2115 «
1150 2076 1264 2118 Deus
1292 2070 1478 2118 charitas
1511 2074 1607 2118 est?
1632 2090 1652 2114 »
1680 2072 1798 2117 Dixit
1832 2089 1863 2133 q

517 2155 698 2194 noverat
720 2144 842 2206 quod
862 2144 1070 2188 habebat.
1095 2142 1214 2197 Quid
1233 2158 1337 2202 ergo
1364 2143 1558 2203 humana
1584 2142 1838 2201 imaginatio
1867 2157 1890 2187 e

518 2218 703 2265 volatica
720 2216 924 2277 cogitatio
945 2215 1073 2275 fingit
1090 2214 1171 2259 sibi
1193 2217 1334 2259 Deum
1353 2249 1364 2269 ,
1388 2223 1432 2258 et
1454 2215 1499 2258 in
1521 2212 1653 2259 corde
1674 2228 1753 2258 suo
1773 2212 1908 2263 fabri

521 2299 590 2336 cat
610 2289 779 2335 idolum
794 2323 806 2344 ‚
826 2302 1091 2348 componens
1109 2285 1282 2346 qualem
1300 2294 1444 2346 potest
1465 2284 1671 2344 cogitare,
1689 2299 1779 2330 non
1801 2300 1889 2345 qua

520 2360 608 2405 lem
628 2359 789 2403 meruit
809 2358 1035 2403 invenire?
1057 2356 1170 2400 Talis
1203 2365 1267 2400 est
1290 2356 1435 2401 Deus?
1458 2357 1580 2410 Non,
1603 2354 1681 2399 sed
1712 2354 1807 2400 talis
1827 2363 1892 2400 est

522 2429 640 2484 Quid
661 2428 922 2473 lineamenta
938 2419 1157 2488 disponis?
1174 2426 1287 2480 Quid
1302 2427 1497 2471 membra
1518 2426 1773 2487 componis?
1793 2425 1898 2479 Qui·

525 2508 735 2545 staturam
756 2499 959 2559 placitam
981 2497 1169 2543 formas?
1198 2496 1310 2550 Quid
1325 2496 1699 2557 pulchritudinem
1720 2496 1899 2556 corpor*

526 2569 799 2629 imaginaris?
821 2573 933 2615 Deus
954 2569 1138 2613 charitas
1160 2577 1237 2612 est.
1261 2568 1366 2621 Quis
1387 2567 1505 2612 color
1524 2576 1587 2612 est
1603 2567 1649 2612 in
1670 2567 1879 2613 charitate

579 2665 585 2679 ¹
611 2669 622 2689 1
642 2661 791 2695 Joan.1v,
814 2666 864 2688 ιο.
885 2671 927 2677 -
950 2661 962 2677 ²
981 2656 1073 2687 Rom.
1092 2663 1124 2695 v,
1144 2652 1174 2685 5.
1195 2668 1237 2675 -—
1264 2650 1277 2675 3
1299 2663 1312 2685 1
1333 2653 1424 2684 Joan.
1446 2663 1492 2693 iv,
1514 2650 1548 2684 8.
