<?xml version="1.0" encoding="UTF-8"?>
<!DOCTYPE html PUBLIC "-//W3C//DTD XHTML 1.0 Transitional//EN"
    "http://www.w3.org/TR/xhtml1/DTD/xhtml1-transitional.dtd">
<html xmlns="http://www.w3.org/1999/xhtml" xml:lang="en" lang="en">
 <head>
  <title>
</title>
<meta http-equiv="Content-Type" content="text/html;charset=utf-8" />
  <meta name='ocr-system' content='tesseract 3.04.00' />
  <meta name='ocr-capabilities' content='ocr_page ocr_carea ocr_par ocr_line ocrx_word'/>
</head>
<body>
  <div class='ocr_page' id='page_1' title='image "./operaomniaaccura17auguuoft_0254.png"; bbox 0 0 1924 3309; ppageno 0'>
   <div class='ocr_carea' id='block_1_1' title="bbox 475 247 1924 408">
    <p class='ocr_par' dir='ltr' id='par_1_1' title="bbox 475 247 1924 408">
     <span class='ocr_line' id='line_1_1' title="bbox 1908 247 1912 275; baseline 0 0"><span class='ocrx_word' id='word_1_1' title='bbox 1908 247 1912 275; x_wconf 53' lang='lat' dir='ltr'><strong>a</strong></span> 
     </span>
     <span class='ocr_line' id='line_1_2' title="bbox 475 260 1924 408; baseline -0.022 -53"><span class='ocrx_word' id='word_1_2' title='bbox 475 314 559 356; x_wconf 78' lang='lat'>244</span> <span class='ocrx_word' id='word_1_3' title='bbox 904 316 937 344; x_wconf 83' lang='lat' dir='ltr'>s.</span> <span class='ocrx_word' id='word_1_4' title='bbox 974 311 1204 342; x_wconf 65' lang='lat' dir='ltr'>Aut-‚nsum</span> <span class='ocrx_word' id='word_1_5' title='bbox 1235 308 1414 337; x_wconf 72' lang='lat' dir='ltr'>muscorl</span> <span class='ocrx_word' id='word_1_6' title='bbox 1908 260 1924 408; x_wconf 56' lang='grc' dir='ltr'>ξῗ</span> 
     </span>
    </p>
   </div>
   <div class='ocr_carea' id='block_1_2' title="bbox 472 373 1924 2542">
    <p class='ocr_par' dir='ltr' id='par_1_2' title="bbox 472 373 1924 2542">
     <span class='ocr_line' id='line_1_3' title="bbox 474 373 1848 454; baseline -0.021 -17"><span class='ocrx_word' id='word_1_7' title='bbox 474 407 590 454; x_wconf 87' lang='lat' dir='ltr'>pera,</span> <span class='ocrx_word' id='word_1_8' title='bbox 608 396 658 433; x_wconf 91' lang='lat' dir='ltr'>ut</span> <span class='ocrx_word' id='word_1_9' title='bbox 678 386 876 431; x_wconf 84' lang='lat' dir='ltr'>liniretur</span> <span class='ocrx_word' id='word_1_10' title='bbox 892 381 982 427; x_wconf 89' lang='lat' dir='ltr'>dies</span> <span class='ocrx_word' id='word_1_11' title='bbox 1004 399 1013 424; x_wconf 75' lang='grc' dir='ltr'>ι</span> <span class='ocrx_word' id='word_1_12' title='bbox 1034 377 1111 423; x_wconf 92' lang='lat' dir='ltr'>sed</span> <span class='ocrx_word' id='word_1_13' title='bbox 1132 376 1297 420; x_wconf 89' lang='lat' dir='ltr'>dictum</span> <span class='ocrx_word' id='word_1_14' title='bbox 1316 382 1402 428; x_wconf 90' lang='lat' dir='ltr'>est,</span> <span class='ocrx_word' id='word_1_15' title='bbox 1421 373 1606 416; x_wconf 90' lang='lat' dir='ltr'>Factum</span> <span class='ocrx_word' id='word_1_16' title='bbox 1624 375 1687 411; x_wconf 88' lang='lat' dir='ltr'>est</span> <span class='ocrx_word' id='word_1_17' title='bbox 1706 380 1848 419; x_wconf 87' lang='lat' dir='ltr'>mane,</span> 
     </span>
     <span class='ocr_line' id='line_1_4' title="bbox 472 437 1851 508; baseline -0.022 0"><span class='ocrx_word' id='word_1_18' title='bbox 472 472 523 508; x_wconf 89' lang='lat' dir='ltr'>ut</span> <span class='ocrx_word' id='word_1_19' title='bbox 563 461 686 505; x_wconf 87' lang='lat' dir='ltr'>fieret</span> <span class='ocrx_word' id='word_1_20' title='bbox 706 457 798 502; x_wconf 90' lang='lat' dir='ltr'>sine</span> <span class='ocrx_word' id='word_1_21' title='bbox 831 454 918 497; x_wconf 86' lang='lat' dir='ltr'>fine</span> <span class='ocrx_word' id='word_1_22' title='bbox 945 450 1048 494; x_wconf 89' lang='lat' dir='ltr'>dies.</span> <span class='ocrx_word' id='word_1_23' title='bbox 1078 446 1145 492; x_wconf 87' lang='lat' dir='ltr'>Sic</span> <span class='ocrx_word' id='word_1_24' title='bbox 1164 444 1318 504; x_wconf 89' lang='lat' dir='ltr'>incipit</span> <span class='ocrx_word' id='word_1_25' title='bbox 1345 457 1447 501; x_wconf 84' lang='lat' dir='ltr'>ergo</span> <span class='ocrx_word' id='word_1_26' title='bbox 1482 437 1651 499; x_wconf 86' lang='lat' dir='ltr'>requies</span> <span class='ocrx_word' id='word_1_27' title='bbox 1679 443 1851 489; x_wconf 87' lang='lat' dir='ltr'>nostra,</span> 
     </span>
     <span class='ocr_line' id='line_1_5' title="bbox 473 506 1852 594; baseline -0.022 -16"><span class='ocrx_word' id='word_1_28' title='bbox 473 531 595 594; x_wconf 83' lang='lat' dir='ltr'>quasi</span> <span class='ocrx_word' id='word_1_29' title='bbox 625 542 750 573; x_wconf 87' lang='lat' dir='ltr'>mane</span> <span class='ocrx_word' id='word_1_30' title='bbox 777 545 786 569; x_wconf 73' lang='grc' dir='ltr'>ι</span> <span class='ocrx_word' id='word_1_31' title='bbox 807 522 881 568; x_wconf 90' lang='lat' dir='ltr'>sed</span> <span class='ocrx_word' id='word_1_32' title='bbox 901 535 990 566; x_wconf 90' lang='lat' dir='ltr'>non</span> <span class='ocrx_word' id='word_1_33' title='bbox 1012 517 1186 570; x_wconf 86' lang='lat' dir='ltr'>finitur,</span> <span class='ocrx_word' id='word_1_34' title='bbox 1210 514 1313 574; x_wconf 90' lang='lat' dir='ltr'>quia</span> <span class='ocrx_word' id='word_1_35' title='bbox 1332 513 1377 556; x_wconf 90' lang='lat' dir='ltr'>in</span> <span class='ocrx_word' id='word_1_36' title='bbox 1410 520 1622 555; x_wconf 84' lang='lat' dir='ltr'>aeternum</span> <span class='ocrx_word' id='word_1_37' title='bbox 1642 506 1852 551; x_wconf 83' lang='lat' dir='ltr'>vivemus.</span> 
     </span>
     <span class='ocr_line' id='line_1_6' title="bbox 472 574 1924 656; baseline -0.023 -8"><span class='ocrx_word' id='word_1_38' title='bbox 472 602 543 648; x_wconf 78' lang='lat' dir='ltr'>Ad</span> <span class='ocrx_word' id='word_1_39' title='bbox 575 601 688 645; x_wconf 90' lang='lat' dir='ltr'>hanc</span> <span class='ocrx_word' id='word_1_40' title='bbox 723 609 843 656; x_wconf 90' lang='lat' dir='ltr'>spem</span> <span class='ocrx_word' id='word_1_41' title='bbox 865 585 1082 652; x_wconf 87' lang='lat' dir='ltr'>quidquid</span> <span class='ocrx_word' id='word_1_42' title='bbox 1108 584 1291 630; x_wconf 84' lang='lat' dir='ltr'>facimus</span> <span class='ocrx_word' id='word_1_43' title='bbox 1321 582 1355 626; x_wconf 89' lang='lat' dir='ltr'>si</span> <span class='ocrx_word' id='word_1_44' title='bbox 1384 579 1590 633; x_wconf 83' lang='lat' dir='ltr'>facimus,</span> <span class='ocrx_word' id='word_1_45' title='bbox 1627 574 1859 620; x_wconf 85' lang='lat' dir='ltr'>sabbatum</span> <span class='ocrx_word' id='word_1_46' title='bbox 1920 595 1924 615; x_wconf 72' lang='lat' dir='ltr'>l</span> 
     </span>
     <span class='ocr_line' id='line_1_7' title="bbox 474 640 1862 722; baseline -0.023 -5"><span class='ocrx_word' id='word_1_47' title='bbox 474 673 768 717; x_wconf 81' lang='lat' dir='ltr'>observamus.</span> <span class='ocrx_word' id='word_1_48' title='bbox 809 667 907 722; x_wconf 86' lang='lat' dir='ltr'>Ipsa</span> <span class='ocrx_word' id='word_1_49' title='bbox 934 667 998 704; x_wconf 90' lang='lat' dir='ltr'>est</span> <span class='ocrx_word' id='word_1_50' title='bbox 1031 656 1158 702; x_wconf 89' lang='lat' dir='ltr'>tertia</span> <span class='ocrx_word' id='word_1_51' title='bbox 1190 653 1355 699; x_wconf 87' lang='lat' dir='ltr'>chorda</span> <span class='ocrx_word' id='word_1_52' title='bbox 1392 650 1522 709; x_wconf 87' lang='lat' dir='ltr'>hujus</span> <span class='ocrx_word' id='word_1_53' title='bbox 1559 644 1780 703; x_wconf 78' lang='lat' dir='ltr'>decalogi3</span> <span class='ocrx_word' id='word_1_54' title='bbox 1815 640 1862 686; x_wconf 88' lang='lat' dir='ltr'>id</span> 
     </span>
     <span class='ocr_line' id='line_1_8' title="bbox 473 717 1863 802; baseline -0.022 -14"><span class='ocrx_word' id='word_1_55' title='bbox 473 753 552 798; x_wconf 85' lang='lat' dir='ltr'>est,</span> <span class='ocrx_word' id='word_1_56' title='bbox 570 738 759 802; x_wconf 83' lang='lat' dir='ltr'>psalterii</span> <span class='ocrx_word' id='word_1_57' title='bbox 781 731 1042 779; x_wconf 83' lang='lat' dir='ltr'>decachordi</span> <span class='ocrx_word' id='word_1_58' title='bbox 1061 728 1135 775; x_wconf 87' lang='lat' dir='ltr'>:in</span> <span class='ocrx_word' id='word_1_59' title='bbox 1151 725 1294 772; x_wconf 86' lang='lat' dir='ltr'>tribus</span> <span class='ocrx_word' id='word_1_60' title='bbox 1315 722 1433 769; x_wconf 89' lang='lat' dir='ltr'>enim</span> <span class='ocrx_word' id='word_1_61' title='bbox 1454 719 1628 766; x_wconf 90' lang='lat' dir='ltr'>chordis</span> <span class='ocrx_word' id='word_1_62' title='bbox 1646 717 1702 762; x_wconf 89' lang='lat' dir='ltr'>ad</span> <span class='ocrx_word' id='word_1_63' title='bbox 1722 718 1863 761; x_wconf 89' lang='lat' dir='ltr'>Deum</span> 
     </span>
     <span class='ocr_line' id='line_1_9' title="bbox 475 792 1924 876; baseline -0.021 -17"><span class='ocrx_word' id='word_1_64' title='bbox 475 814 695 876; x_wconf 86' lang='lat' dir='ltr'>pertinent</span> <span class='ocrx_word' id='word_1_65' title='bbox 723 813 954 868; x_wconf 72' lang='lat' dir='ltr'>praecepta.</span> <span class='ocrx_word' id='word_1_66' title='bbox 1910 792 1924 848; x_wconf 55' lang='grc' dir='ltr'>ιθ</span> 
     </span>
     <span class='ocr_line' id='line_1_10' title="bbox 535 851 1924 936; baseline -0.022 -8"><span class='ocrx_word' id='word_1_67' title='bbox 535 886 635 928; x_wconf 90' lang='lat' dir='ltr'><strong>VII.</strong></span> <span class='ocrx_word' id='word_1_68' title='bbox 664 881 707 927; x_wconf 89' lang='lat' dir='ltr'>Si</span> <span class='ocrx_word' id='word_1_69' title='bbox 728 880 945 923; x_wconf 84' lang='lat' dir='ltr'>diceretur</span> <span class='ocrx_word' id='word_1_70' title='bbox 968 872 1093 918; x_wconf 90' lang='lat' dir='ltr'>nobis</span> <span class='ocrx_word' id='word_1_71' title='bbox 1109 906 1120 926; x_wconf 89' lang='lat'>‚</span> <span class='ocrx_word' id='word_1_72' title='bbox 1142 869 1304 928; x_wconf 85' lang='lat' dir='ltr'>Diliges</span> <span class='ocrx_word' id='word_1_73' title='bbox 1327 864 1563 912; x_wconf 89' lang='lat' dir='ltr'>Dominum</span> <span class='ocrx_word' id='word_1_74' title='bbox 1579 864 1720 906; x_wconf 89' lang='lat' dir='ltr'>Deum</span> <span class='ocrx_word' id='word_1_75' title='bbox 1739 866 1867 902; x_wconf 91' lang='lat' dir='ltr'>tuum</span> <span class='ocrx_word' id='word_1_76' title='bbox 1910 851 1924 936; x_wconf 59' lang='grc' dir='ltr'><strong>Ἰ</strong></span> 
     </span>
     <span class='ocr_line' id='line_1_11' title="bbox 478 935 1924 1000; baseline -0.022 0"><span class='ocrx_word' id='word_1_77' title='bbox 478 972 529 1000; x_wconf 86' lang='lat' dir='ltr'>cx</span> <span class='ocrx_word' id='word_1_78' title='bbox 551 962 645 998; x_wconf 89' lang='lat' dir='ltr'>toto</span> <span class='ocrx_word' id='word_1_79' title='bbox 676 948 807 995; x_wconf 89' lang='lat' dir='ltr'>corde</span> <span class='ocrx_word' id='word_1_80' title='bbox 828 957 905 991; x_wconf 91' lang='lat' dir='ltr'>tuo</span> <span class='ocrx_word' id='word_1_81' title='bbox 927 954 971 989; x_wconf 90' lang='lat' dir='ltr'>et</span> <span class='ocrx_word' id='word_1_82' title='bbox 992 959 1045 988; x_wconf 85' lang='lat' dir='ltr'>ex</span> <span class='ocrx_word' id='word_1_83' title='bbox 1080 949 1172 986; x_wconf 90' lang='lat' dir='ltr'>tota</span> <span class='ocrx_word' id='word_1_84' title='bbox 1201 938 1343 983; x_wconf 85' lang='lat' dir='ltr'>anima</span> <span class='ocrx_word' id='word_1_85' title='bbox 1364 945 1442 980; x_wconf 90' lang='lat' dir='ltr'>tua</span> <span class='ocrx_word' id='word_1_86' title='bbox 1459 943 1502 978; x_wconf 92' lang='lat' dir='ltr'>et</span> <span class='ocrx_word' id='word_1_87' title='bbox 1529 947 1580 977; x_wconf 87' lang='lat' dir='ltr'>ex</span> <span class='ocrx_word' id='word_1_88' title='bbox 1601 939 1694 975; x_wconf 88' lang='lat' dir='ltr'>tota</span> <span class='ocrx_word' id='word_1_89' title='bbox 1722 935 1868 972; x_wconf 89' lang='lat' dir='ltr'>mente</span> <span class='ocrx_word' id='word_1_90' title='bbox 1920 942 1924 958; x_wconf 78' lang='lat'><em>2</em></span> 
     </span>
     <span class='ocr_line' id='line_1_12' title="bbox 478 998 1924 1079; baseline -0.021 -8"><span class='ocrx_word' id='word_1_91' title='bbox 478 1037 554 1071; x_wconf 87' lang='lat' dir='ltr'>tua</span> <span class='ocrx_word' id='word_1_92' title='bbox 570 1027 601 1078; x_wconf 76' lang='lat'>¹,</span> <span class='ocrx_word' id='word_1_93' title='bbox 616 1032 659 1067; x_wconf 87' lang='lat' dir='ltr'>et</span> <span class='ocrx_word' id='word_1_94' title='bbox 675 1022 729 1066; x_wconf 91' lang='lat' dir='ltr'>de</span> <span class='ocrx_word' id='word_1_95' title='bbox 744 1019 942 1079; x_wconf 84' lang='lat' dir='ltr'>proximo</span> <span class='ocrx_word' id='word_1_96' title='bbox 957 1023 1105 1059; x_wconf 93' lang='lat' dir='ltr'>nostro</span> <span class='ocrx_word' id='word_1_97' title='bbox 1123 1009 1234 1056; x_wconf 89' lang='lat' dir='ltr'>nihil</span> <span class='ocrx_word' id='word_1_98' title='bbox 1248 1009 1482 1060; x_wconf 86' lang='lat' dir='ltr'>diceretur,</span> <span class='ocrx_word' id='word_1_99' title='bbox 1504 1019 1595 1048; x_wconf 90' lang='lat' dir='ltr'>non</span> <span class='ocrx_word' id='word_1_100' title='bbox 1614 1009 1723 1046; x_wconf 88' lang='lat' dir='ltr'>essct</span> <span class='ocrx_word' id='word_1_101' title='bbox 1743 998 1872 1042; x_wconf 86' lang='lat' dir='ltr'>deca·</span> <span class='ocrx_word' id='word_1_102' title='bbox 1910 1019 1924 1049; x_wconf 65' lang='grc' dir='ltr'><em>ῃ</em></span> 
     </span>
     <span class='ocr_line' id='line_1_13' title="bbox 483 1053 1921 1147; baseline -0.022 -6"><span class='ocrx_word' id='word_1_103' title='bbox 483 1093 696 1141; x_wconf 88' lang='lat' dir='ltr'>chordum</span> <span class='ocrx_word' id='word_1_104' title='bbox 714 1126 725 1147; x_wconf 81' lang='grc'>,</span> <span class='ocrx_word' id='word_1_105' title='bbox 750 1089 826 1135; x_wconf 90' lang='lat' dir='ltr'>sed</span> <span class='ocrx_word' id='word_1_106' title='bbox 859 1084 1148 1132; x_wconf 83' lang='lat' dir='ltr'>trichordum.</span> <span class='ocrx_word' id='word_1_107' title='bbox 1174 1081 1286 1134; x_wconf 85' lang='lat' dir='ltr'>Quia</span> <span class='ocrx_word' id='word_1_108' title='bbox 1307 1093 1411 1123; x_wconf 86' lang='lat' dir='ltr'>vero</span> <span class='ocrx_word' id='word_1_109' title='bbox 1441 1074 1612 1120; x_wconf 80' lang='lat' dir='ltr'>addidit</span> <span class='ocrx_word' id='word_1_110' title='bbox 1632 1070 1843 1117; x_wconf 89' lang='lat' dir='ltr'>Dominus</span> <span class='ocrx_word' id='word_1_111' title='bbox 1858 1101 1870 1122; x_wconf 92' lang='lat'>‚</span> <span class='ocrx_word' id='word_1_112' title='bbox 1910 1053 1921 1136; x_wconf 48' lang='grc' dir='ltr'>ᾖ</span> 
     </span>
     <span class='ocr_line' id='line_1_14' title="bbox 488 1138 1916 1221; baseline -0.02 -12"><span class='ocrx_word' id='word_1_113' title='bbox 488 1168 545 1210; x_wconf 89' lang='lat' dir='ltr'>Et</span> <span class='ocrx_word' id='word_1_114' title='bbox 567 1163 720 1221; x_wconf 81' lang='lat' dir='ltr'>diliges</span> <span class='ocrx_word' id='word_1_115' title='bbox 752 1158 999 1219; x_wconf 77' lang='lat' dir='ltr'>proximum</span> <span class='ocrx_word' id='word_1_116' title='bbox 1034 1163 1161 1197; x_wconf 91' lang='lat' dir='ltr'>tuum</span> <span class='ocrx_word' id='word_1_117' title='bbox 1186 1160 1398 1208; x_wconf 82' lang='lat' dir='ltr'>tanquam</span> <span class='ocrx_word' id='word_1_118' title='bbox 1435 1155 1479 1190; x_wconf 90' lang='lat' dir='ltr'>te</span> <span class='ocrx_word' id='word_1_119' title='bbox 1505 1146 1667 1204; x_wconf 77' lang='lat' dir='ltr'>ipsum3</span> <span class='ocrx_word' id='word_1_120' title='bbox 1705 1149 1748 1184; x_wconf 90' lang='lat' dir='ltr'>et</span> <span class='ocrx_word' id='word_1_121' title='bbox 1770 1153 1876 1183; x_wconf 86' lang='lat' dir='ltr'>con·</span> <span class='ocrx_word' id='word_1_122' title='bbox 1910 1138 1916 1206; x_wconf 56' lang='grc' dir='ltr'><em>ξ</em></span> 
     </span>
     <span class='ocr_line' id='line_1_15' title="bbox 487 1207 1878 1284; baseline -0.02 -5"><span class='ocrx_word' id='word_1_123' title='bbox 487 1234 628 1280; x_wconf 84' lang='lat' dir='ltr'>texuit</span> <span class='ocrx_word' id='word_1_124' title='bbox 642 1233 810 1284; x_wconf 83' lang='lat' dir='ltr'>dicens,</span> <span class='ocrx_word' id='word_1_125' title='bbox 833 1232 885 1272; x_wconf 90' lang='lat' dir='ltr'>In</span> <span class='ocrx_word' id='word_1_126' title='bbox 906 1227 971 1270; x_wconf 84' lang='lat' dir='ltr'>his</span> <span class='ocrx_word' id='word_1_127' title='bbox 991 1223 1165 1268; x_wconf 89' lang='lat' dir='ltr'>duobus</span> <span class='ocrx_word' id='word_1_128' title='bbox 1187 1217 1414 1280; x_wconf 74' lang='lat' dir='ltr'>praeceptis</span> <span class='ocrx_word' id='word_1_129' title='bbox 1434 1225 1527 1260; x_wconf 90' lang='lat' dir='ltr'>tota</span> <span class='ocrx_word' id='word_1_130' title='bbox 1544 1218 1634 1258; x_wconf 80' lang='lat' dir='ltr'>Lex</span> <span class='ocrx_word' id='word_1_131' title='bbox 1650 1207 1813 1271; x_wconf 87' lang='lat' dir='ltr'>pendet</span> <span class='ocrx_word' id='word_1_132' title='bbox 1834 1215 1878 1252; x_wconf 90' lang='lat' dir='ltr'>et</span> 
     </span>
     <span class='ocr_line' id='line_1_16' title="bbox 492 1277 1880 1362; baseline -0.02 -13"><span class='ocrx_word' id='word_1_133' title='bbox 492 1304 722 1362; x_wconf 80' lang='lat' dir='ltr'>Prophetae</span> <span class='ocrx_word' id='word_1_134' title='bbox 736 1304 754 1327; x_wconf 74' lang='lat'><strong>²</strong></span> <span class='ocrx_word' id='word_1_135' title='bbox 779 1319 787 1343; x_wconf 90' lang='lat'>:</span> <span class='ocrx_word' id='word_1_136' title='bbox 808 1308 899 1343; x_wconf 87' lang='lat' dir='ltr'>tota</span> <span class='ocrx_word' id='word_1_137' title='bbox 921 1300 1009 1340; x_wconf 76' lang='lat' dir='ltr'>Lex</span> <span class='ocrx_word' id='word_1_138' title='bbox 1026 1295 1071 1338; x_wconf 91' lang='lat' dir='ltr'>in</span> <span class='ocrx_word' id='word_1_139' title='bbox 1095 1291 1268 1336; x_wconf 87' lang='lat' dir='ltr'>duobus</span> <span class='ocrx_word' id='word_1_140' title='bbox 1304 1286 1530 1348; x_wconf 81' lang='lat' dir='ltr'>preeceptis</span> <span class='ocrx_word' id='word_1_141' title='bbox 1553 1292 1616 1328; x_wconf 88' lang='lat' dir='ltr'>est</span> <span class='ocrx_word' id='word_1_142' title='bbox 1630 1317 1641 1338; x_wconf 85' lang='lat'><strong><em>‚</em></strong></span> <span class='ocrx_word' id='word_1_143' title='bbox 1675 1281 1721 1324; x_wconf 92' lang='lat' dir='ltr'>in</span> <span class='ocrx_word' id='word_1_144' title='bbox 1744 1277 1880 1323; x_wconf 84' lang='lat' dir='ltr'>dilec-</span> 
     </span>
     <span class='ocr_line' id='line_1_17' title="bbox 496 1355 1915 1423; baseline -0.02 -4"><span class='ocrx_word' id='word_1_145' title='bbox 496 1376 612 1419; x_wconf 87' lang='lat' dir='ltr'>tione</span> <span class='ocrx_word' id='word_1_146' title='bbox 633 1370 716 1416; x_wconf 82' lang='lat' dir='ltr'>Dei</span> <span class='ocrx_word' id='word_1_147' title='bbox 733 1378 776 1413; x_wconf 90' lang='lat' dir='ltr'>et</span> <span class='ocrx_word' id='word_1_148' title='bbox 797 1366 1028 1412; x_wconf 86' lang='lat' dir='ltr'>dilectione</span> <span class='ocrx_word' id='word_1_149' title='bbox 1050 1360 1256 1423; x_wconf 79' lang='lat' dir='ltr'>proximi3</span> <span class='ocrx_word' id='word_1_150' title='bbox 1276 1357 1331 1402; x_wconf 82' lang='lat' dir='ltr'>ad</span> <span class='ocrx_word' id='word_1_151' title='bbox 1353 1357 1441 1401; x_wconf 90' lang='lat' dir='ltr'>duo</span> <span class='ocrx_word' id='word_1_152' title='bbox 1463 1355 1611 1414; x_wconf 86' lang='lat' dir='ltr'>itaque</span> <span class='ocrx_word' id='word_1_153' title='bbox 1634 1358 1849 1412; x_wconf 80' lang='lat' dir='ltr'>praecepta</span> <span class='ocrx_word' id='word_1_154' title='bbox 1866 1381 1878 1403; x_wconf 89' lang='lat'><strong>‚</strong></span> <span class='ocrx_word' id='word_1_155' title='bbox 1910 1368 1915 1402; x_wconf 76' lang='grc' dir='ltr'>ι,</span> 
     </span>
     <span class='ocr_line' id='line_1_18' title="bbox 498 1403 1915 1497; baseline -0.02 -8"><span class='ocrx_word' id='word_1_156' title='bbox 498 1444 545 1489; x_wconf 90' lang='lat' dir='ltr'>id</span> <span class='ocrx_word' id='word_1_157' title='bbox 566 1452 627 1487; x_wconf 88' lang='lat' dir='ltr'>est</span> <span class='ocrx_word' id='word_1_158' title='bbox 641 1477 655 1497; x_wconf 45' lang='grc'>,,</span> <span class='ocrx_word' id='word_1_159' title='bbox 681 1440 736 1484; x_wconf 88' lang='lat' dir='ltr'>ad</span> <span class='ocrx_word' id='word_1_160' title='bbox 758 1437 1035 1483; x_wconf 89' lang='lat' dir='ltr'>dilectionem</span> <span class='ocrx_word' id='word_1_161' title='bbox 1050 1432 1130 1476; x_wconf 87' lang='lat' dir='ltr'>Dei</span> <span class='ocrx_word' id='word_1_162' title='bbox 1152 1439 1196 1474; x_wconf 93' lang='lat' dir='ltr'>et</span> <span class='ocrx_word' id='word_1_163' title='bbox 1211 1427 1397 1489; x_wconf 79' lang='lat' dir='ltr'>proximi</span> <span class='ocrx_word' id='word_1_164' title='bbox 1409 1425 1597 1486; x_wconf 87' lang='lat' dir='ltr'>pertinet</span> <span class='ocrx_word' id='word_1_165' title='bbox 1623 1419 1879 1477; x_wconf 86' lang='lat' dir='ltr'>Decalogus.</span> <span class='ocrx_word' id='word_1_166' title='bbox 1910 1403 1915 1495; x_wconf 57' lang='lat' dir='ltr'>i</span> 
     </span>
     <span class='ocr_line' id='line_1_19' title="bbox 502 1490 1884 1572; baseline -0.02 -14"><span class='ocrx_word' id='word_1_167' title='bbox 502 1513 571 1558; x_wconf 83' lang='lat' dir='ltr'>Ad</span> <span class='ocrx_word' id='word_1_168' title='bbox 588 1512 777 1572; x_wconf 87' lang='lat' dir='ltr'>primum</span> <span class='ocrx_word' id='word_1_169' title='bbox 794 1513 1064 1567; x_wconf 79' lang='lat' dir='ltr'>praeceptum</span> <span class='ocrx_word' id='word_1_170' title='bbox 1088 1510 1171 1545; x_wconf 90' lang='lat' dir='ltr'>tres</span> <span class='ocrx_word' id='word_1_171' title='bbox 1191 1497 1366 1543; x_wconf 90' lang='lat' dir='ltr'>chordae</span> <span class='ocrx_word' id='word_1_172' title='bbox 1388 1495 1627 1556; x_wconf 84' lang='lat' dir='ltr'>pertinent,</span> <span class='ocrx_word' id='word_1_173' title='bbox 1647 1490 1749 1550; x_wconf 86' lang='lat' dir='ltr'>quia</span> <span class='ocrx_word' id='word_1_174' title='bbox 1771 1491 1884 1532; x_wconf 86' lang='lat' dir='ltr'>Deus</span> 
     </span>
     <span class='ocr_line' id='line_1_20' title="bbox 500 1556 1885 1628; baseline -0.02 0"><span class='ocrx_word' id='word_1_175' title='bbox 500 1592 565 1628; x_wconf 93' lang='lat' dir='ltr'>est</span> <span class='ocrx_word' id='word_1_176' title='bbox 588 1581 786 1625; x_wconf 86' lang='lat' dir='ltr'>Trinitas.</span> <span class='ocrx_word' id='word_1_177' title='bbox 815 1575 885 1621; x_wconf 83' lang='lat' dir='ltr'>Ad</span> <span class='ocrx_word' id='word_1_178' title='bbox 908 1574 1091 1619; x_wconf 83' lang='lat' dir='ltr'>alterum</span> <span class='ocrx_word' id='word_1_179' title='bbox 1114 1584 1217 1615; x_wconf 88' lang='lat' dir='ltr'>vero</span> <span class='ocrx_word' id='word_1_180' title='bbox 1237 1574 1508 1628; x_wconf 82' lang='lat' dir='ltr'>praeceptum</span> <span class='ocrx_word' id='word_1_181' title='bbox 1522 1598 1533 1619; x_wconf 86' lang='lat'>‚</span> <span class='ocrx_word' id='word_1_182' title='bbox 1557 1561 1604 1605; x_wconf 92' lang='lat' dir='ltr'>id</span> <span class='ocrx_word' id='word_1_183' title='bbox 1624 1569 1689 1604; x_wconf 85' lang='lat' dir='ltr'>est</span> <span class='ocrx_word' id='word_1_184' title='bbox 1704 1594 1715 1615; x_wconf 83' lang='lat'>,</span> <span class='ocrx_word' id='word_1_185' title='bbox 1736 1557 1790 1603; x_wconf 85' lang='lat' dir='ltr'>ad</span> <span class='ocrx_word' id='word_1_186' title='bbox 1819 1556 1885 1601; x_wconf 91' lang='lat' dir='ltr'>di-</span> 
     </span>
     <span class='ocr_line' id='line_1_21' title="bbox 505 1629 1915 1706; baseline -0.018 -9"><span class='ocrx_word' id='word_1_187' title='bbox 505 1652 741 1697; x_wconf 84' lang='lat' dir='ltr'>lectionem</span> <span class='ocrx_word' id='word_1_188' title='bbox 778 1644 989 1706; x_wconf 84' lang='lat' dir='ltr'>proximi,</span> <span class='ocrx_word' id='word_1_189' title='bbox 1033 1650 1198 1701; x_wconf 85' lang='lat' dir='ltr'>septem</span> <span class='ocrx_word' id='word_1_190' title='bbox 1236 1637 1380 1683; x_wconf 75' lang='lat' dir='ltr'>cordae</span> <span class='ocrx_word' id='word_1_191' title='bbox 1417 1655 1426 1680; x_wconf 88' lang='lat'>:</span> <span class='ocrx_word' id='word_1_192' title='bbox 1464 1631 1686 1695; x_wconf 83' lang='lat' dir='ltr'>quomodo</span> <span class='ocrx_word' id='word_1_193' title='bbox 1719 1629 1888 1674; x_wconf 88' lang='lat' dir='ltr'>vivatur</span> <span class='ocrx_word' id='word_1_194' title='bbox 1911 1638 1915 1656; x_wconf 88' lang='lat'><em>¹</em></span> 
     </span>
     <span class='ocr_line' id='line_1_22' title="bbox 507 1705 1890 1773; baseline -0.018 -5"><span class='ocrx_word' id='word_1_195' title='bbox 507 1726 620 1769; x_wconf 89' lang='lat' dir='ltr'>inter</span> <span class='ocrx_word' id='word_1_196' title='bbox 637 1719 850 1765; x_wconf 87' lang='lat' dir='ltr'>homines.</span> <span class='ocrx_word' id='word_1_197' title='bbox 872 1719 982 1761; x_wconf 84' lang='lat' dir='ltr'>Nam</span> <span class='ocrx_word' id='word_1_198' title='bbox 1000 1714 1091 1773; x_wconf 89' lang='lat' dir='ltr'>ipse</span> <span class='ocrx_word' id='word_1_199' title='bbox 1127 1724 1334 1755; x_wconf 86' lang='lat' dir='ltr'>numerus</span> <span class='ocrx_word' id='word_1_200' title='bbox 1355 1705 1622 1766; x_wconf 84' lang='lat' dir='ltr'>septenarius</span> <span class='ocrx_word' id='word_1_201' title='bbox 1642 1738 1654 1759; x_wconf 88' lang='lat'>‚</span> <span class='ocrx_word' id='word_1_202' title='bbox 1683 1711 1890 1760; x_wconf 88' lang='lat' dir='ltr'>tanquam</span> 
     </span>
     <span class='ocr_line' id='line_1_23' title="bbox 512 1772 1891 1853; baseline -0.017 -15"><span class='ocrx_word' id='word_1_203' title='bbox 512 1802 678 1853; x_wconf 87' lang='lat' dir='ltr'>septem</span> <span class='ocrx_word' id='word_1_204' title='bbox 702 1786 963 1833; x_wconf 88' lang='lat' dir='ltr'>chordarum</span> <span class='ocrx_word' id='word_1_205' title='bbox 979 1818 989 1838; x_wconf 85' lang='lat'><strong>‚</strong></span> <span class='ocrx_word' id='word_1_206' title='bbox 1024 1781 1177 1840; x_wconf 90' lang='lat' dir='ltr'>incipit</span> <span class='ocrx_word' id='word_1_207' title='bbox 1199 1780 1252 1823; x_wconf 80' lang='lat' dir='ltr'>ab</span> <span class='ocrx_word' id='word_1_208' title='bbox 1281 1780 1447 1823; x_wconf 91' lang='lat' dir='ltr'>honore</span> <span class='ocrx_word' id='word_1_209' title='bbox 1476 1783 1721 1834; x_wconf 86' lang='lat' dir='ltr'>parentum.</span> <span class='ocrx_word' id='word_1_210' title='bbox 1754 1789 1775 1812; x_wconf 89' lang='lat'>«</span> <span class='ocrx_word' id='word_1_211' title='bbox 1801 1772 1891 1814; x_wconf 86' lang='lat' dir='ltr'>Ho-</span> 
     </span>
     <span class='ocr_line' id='line_1_24' title="bbox 516 1826 1915 1918; baseline -0.016 -13"><span class='ocrx_word' id='word_1_212' title='bbox 516 1883 537 1905; x_wconf 86' lang='lat'>»</span> <span class='ocrx_word' id='word_1_213' title='bbox 571 1877 678 1906; x_wconf 88' lang='lat' dir='ltr'>nora</span> <span class='ocrx_word' id='word_1_214' title='bbox 699 1867 867 1918; x_wconf 82' lang='lat' dir='ltr'>patrem</span> <span class='ocrx_word' id='word_1_215' title='bbox 898 1863 1026 1897; x_wconf 90' lang='lat' dir='ltr'>tuum</span> <span class='ocrx_word' id='word_1_216' title='bbox 1059 1859 1103 1893; x_wconf 86' lang='lat' dir='ltr'>et</span> <span class='ocrx_word' id='word_1_217' title='bbox 1132 1857 1314 1892; x_wconf 85' lang='lat' dir='ltr'>matrem</span> <span class='ocrx_word' id='word_1_218' title='bbox 1352 1845 1514 1889; x_wconf 61' lang='lat' dir='ltr'>tuamss.</span> <span class='ocrx_word' id='word_1_219' title='bbox 1549 1861 1569 1884; x_wconf 85' lang='lat'>»</span> <span class='ocrx_word' id='word_1_220' title='bbox 1595 1841 1664 1886; x_wconf 87' lang='lat' dir='ltr'>Ad</span> <span class='ocrx_word' id='word_1_221' title='bbox 1698 1826 1915 1900; x_wconf 78' lang='lat' dir='ltr'>parentes¹</span> 
     </span>
     <span class='ocr_line' id='line_1_25' title="bbox 518 1911 1894 1981; baseline -0.018 -4"><span class='ocrx_word' id='word_1_222' title='bbox 518 1934 633 1977; x_wconf 88' lang='lat' dir='ltr'>enim</span> <span class='ocrx_word' id='word_1_223' title='bbox 658 1943 756 1974; x_wconf 88' lang='lat' dir='ltr'>suos</span> <span class='ocrx_word' id='word_1_224' title='bbox 788 1927 920 1970; x_wconf 91' lang='lat' dir='ltr'>homo</span> <span class='ocrx_word' id='word_1_225' title='bbox 946 1921 1083 1981; x_wconf 86' lang='lat' dir='ltr'>aperit</span> <span class='ocrx_word' id='word_1_226' title='bbox 1116 1917 1291 1971; x_wconf 84' lang='lat' dir='ltr'>oculos,</span> <span class='ocrx_word' id='word_1_227' title='bbox 1327 1924 1370 1959; x_wconf 88' lang='lat' dir='ltr'>et</span> <span class='ocrx_word' id='word_1_228' title='bbox 1408 1915 1503 1958; x_wconf 87' lang='lat' dir='ltr'>haec</span> <span class='ocrx_word' id='word_1_229' title='bbox 1536 1912 1624 1957; x_wconf 86' lang='lat' dir='ltr'>vita</span> <span class='ocrx_word' id='word_1_230' title='bbox 1659 1911 1714 1955; x_wconf 88' lang='lat' dir='ltr'>ab</span> <span class='ocrx_word' id='word_1_231' title='bbox 1745 1922 1894 1954; x_wconf 90' lang='lat' dir='ltr'>eorum</span> 
     </span>
     <span class='ocr_line' id='line_1_26' title="bbox 521 1980 1897 2047; baseline -0.018 0"><span class='ocrx_word' id='word_1_232' title='bbox 521 2000 707 2047; x_wconf 84' lang='lat' dir='ltr'>amicitia</span> <span class='ocrx_word' id='word_1_233' title='bbox 730 1995 861 2041; x_wconf 91' lang='lat' dir='ltr'>sumit</span> <span class='ocrx_word' id='word_1_234' title='bbox 882 1990 1122 2038; x_wconf 80' lang='lat' dir='ltr'>exordium.</span> <span class='ocrx_word' id='word_1_235' title='bbox 1148 1986 1353 2047; x_wconf 86' lang='lat' dir='ltr'>Quisquis</span> <span class='ocrx_word' id='word_1_236' title='bbox 1376 1993 1521 2029; x_wconf 86' lang='lat' dir='ltr'>autem</span> <span class='ocrx_word' id='word_1_237' title='bbox 1542 1983 1628 2027; x_wconf 91' lang='lat' dir='ltr'>suis</span> <span class='ocrx_word' id='word_1_238' title='bbox 1649 1980 1897 2041; x_wconf 82' lang='lat' dir='ltr'>parentibus</span> 
     </span>
     <span class='ocr_line' id='line_1_27' title="bbox 522 2053 1897 2120; baseline -0.018 -3"><span class='ocrx_word' id='word_1_239' title='bbox 522 2088 612 2118; x_wconf 92' lang='lat' dir='ltr'>non</span> <span class='ocrx_word' id='word_1_240' title='bbox 633 2068 774 2114; x_wconf 85' lang='lat' dir='ltr'>defert</span> <span class='ocrx_word' id='word_1_241' title='bbox 793 2068 1005 2110; x_wconf 88' lang='lat' dir='ltr'>honorem</span> <span class='ocrx_word' id='word_1_242' title='bbox 1026 2096 1037 2117; x_wconf 82' lang='grc'>,</span> <span class='ocrx_word' id='word_1_243' title='bbox 1076 2059 1236 2120; x_wconf 88' lang='lat' dir='ltr'>quibus</span> <span class='ocrx_word' id='word_1_244' title='bbox 1257 2071 1408 2117; x_wconf 88' lang='lat' dir='ltr'>parere</span> <span class='ocrx_word' id='word_1_245' title='bbox 1437 2054 1629 2115; x_wconf 82' lang='lat' dir='ltr'>poterit?</span> <span class='ocrx_word' id='word_1_246' title='bbox 1668 2069 1688 2093; x_wconf 90' lang='lat'>«</span> <span class='ocrx_word' id='word_1_247' title='bbox 1724 2053 1897 2094; x_wconf 86' lang='lat' dir='ltr'>Honora</span> 
     </span>
     <span class='ocr_line' id='line_1_28' title="bbox 527 2121 1896 2204; baseline -0.018 -15"><span class='ocrx_word' id='word_1_248' title='bbox 527 2165 549 2188; x_wconf 64' lang='lat'>³)</span> <span class='ocrx_word' id='word_1_249' title='bbox 584 2151 751 2204; x_wconf 84' lang='lat' dir='ltr'>patrem</span> <span class='ocrx_word' id='word_1_250' title='bbox 779 2148 906 2182; x_wconf 88' lang='lat' dir='ltr'>tuum</span> <span class='ocrx_word' id='word_1_251' title='bbox 928 2144 971 2178; x_wconf 90' lang='lat' dir='ltr'>et</span> <span class='ocrx_word' id='word_1_252' title='bbox 991 2141 1172 2177; x_wconf 85' lang='lat' dir='ltr'>matrem</span> <span class='ocrx_word' id='word_1_253' title='bbox 1195 2139 1332 2173; x_wconf 86' lang='lat' dir='ltr'>tuam.</span> <span class='ocrx_word' id='word_1_254' title='bbox 1361 2145 1381 2169; x_wconf 68' lang='lat'>³)</span> <span class='ocrx_word' id='word_1_255' title='bbox 1407 2129 1465 2171; x_wconf 88' lang='lat' dir='ltr'>Et</span> <span class='ocrx_word' id='word_1_256' title='bbox 1491 2125 1598 2169; x_wconf 87' lang='lat' dir='ltr'>dieit</span> <span class='ocrx_word' id='word_1_257' title='bbox 1629 2121 1862 2183; x_wconf 86' lang='lat' dir='ltr'>Apostolus</span> <span class='ocrx_word' id='word_1_258' title='bbox 1885 2137 1896 2165; x_wconf 76' lang='grc' dir='ltr'><strong>ι</strong></span> 
     </span>
     <span class='ocr_line' id='line_1_29' title="bbox 532 2191 1901 2269; baseline -0.019 -9"><span class='ocrx_word' id='word_1_259' title='bbox 532 2237 553 2259; x_wconf 85' lang='lat'>«</span> <span class='ocrx_word' id='word_1_260' title='bbox 587 2217 764 2259; x_wconf 87' lang='lat' dir='ltr'>Honora</span> <span class='ocrx_word' id='word_1_261' title='bbox 784 2217 952 2269; x_wconf 84' lang='lat' dir='ltr'>patrem</span> <span class='ocrx_word' id='word_1_262' title='bbox 974 2214 1100 2248; x_wconf 90' lang='lat' dir='ltr'>tuum</span> <span class='ocrx_word' id='word_1_263' title='bbox 1122 2210 1165 2245; x_wconf 90' lang='lat' dir='ltr'>et</span> <span class='ocrx_word' id='word_1_264' title='bbox 1184 2208 1365 2243; x_wconf 86' lang='lat' dir='ltr'>matrem</span> <span class='ocrx_word' id='word_1_265' title='bbox 1388 2206 1531 2251; x_wconf 73' lang='lat' dir='ltr'>tuam‚</span> <span class='ocrx_word' id='word_1_266' title='bbox 1554 2191 1675 2254; x_wconf 89' lang='lat' dir='ltr'>quod</span> <span class='ocrx_word' id='word_1_267' title='bbox 1696 2201 1760 2237; x_wconf 89' lang='lat' dir='ltr'>est</span> <span class='ocrx_word' id='word_1_268' title='bbox 1779 2204 1901 2235; x_wconf 83' lang='lat' dir='ltr'>man-</span> 
     </span>
     <span class='ocr_line' id='line_1_30' title="bbox 532 2261 1901 2341; baseline -0.017 -14"><span class='ocrx_word' id='word_1_269' title='bbox 532 2306 553 2327; x_wconf 77' lang='lat'>»</span> <span class='ocrx_word' id='word_1_270' title='bbox 589 2284 739 2329; x_wconf 88' lang='lat' dir='ltr'>datum</span> <span class='ocrx_word' id='word_1_271' title='bbox 760 2277 992 2341; x_wconf 78' lang='lat' dir='ltr'>primum⁴.</span> <span class='ocrx_word' id='word_1_272' title='bbox 1021 2292 1041 2315; x_wconf 87' lang='lat'>»</span> <span class='ocrx_word' id='word_1_273' title='bbox 1064 2269 1294 2325; x_wconf 88' lang='lat' dir='ltr'>Quomodo</span> <span class='ocrx_word' id='word_1_274' title='bbox 1311 2268 1501 2327; x_wconf 87' lang='lat' dir='ltr'>primum</span> <span class='ocrx_word' id='word_1_275' title='bbox 1521 2300 1532 2321; x_wconf 85' lang='lat'>‚</span> <span class='ocrx_word' id='word_1_276' title='bbox 1568 2261 1746 2324; x_wconf 89' lang='lat' dir='ltr'>quando</span> <span class='ocrx_word' id='word_1_277' title='bbox 1773 2275 1901 2321; x_wconf 91' lang='lat' dir='ltr'>quar-</span> 
     </span>
     <span class='ocr_line' id='line_1_31' title="bbox 536 2335 1903 2400; baseline -0.02 1"><span class='ocrx_word' id='word_1_278' title='bbox 536 2367 625 2400; x_wconf 90' lang='lat' dir='ltr'>tum</span> <span class='ocrx_word' id='word_1_279' title='bbox 650 2363 712 2398; x_wconf 89' lang='lat' dir='ltr'>est</span> <span class='ocrx_word' id='word_1_280' title='bbox 742 2348 997 2395; x_wconf 90' lang='lat' dir='ltr'>mandatum</span> <span class='ocrx_word' id='word_1_281' title='bbox 1015 2379 1026 2399; x_wconf 90' lang='lat'>,</span> <span class='ocrx_word' id='word_1_282' title='bbox 1060 2342 1142 2386; x_wconf 90' lang='lat' dir='ltr'>nisi</span> <span class='ocrx_word' id='word_1_283' title='bbox 1163 2340 1264 2400; x_wconf 86' lang='lat' dir='ltr'>quia</span> <span class='ocrx_word' id='word_1_284' title='bbox 1285 2340 1331 2381; x_wconf 91' lang='lat' dir='ltr'>in</span> <span class='ocrx_word' id='word_1_285' title='bbox 1353 2335 1596 2397; x_wconf 83' lang='lat' dir='ltr'>septenario</span> <span class='ocrx_word' id='word_1_286' title='bbox 1629 2347 1811 2378; x_wconf 86' lang='lat' dir='ltr'>numero</span> <span class='ocrx_word' id='word_1_287' title='bbox 1845 2337 1903 2374; x_wconf 87' lang='lat' dir='ltr'>est</span> 
     </span>
     <span class='ocr_line' id='line_1_32' title="bbox 535 2400 1904 2485; baseline -0.02 -15"><span class='ocrx_word' id='word_1_288' title='bbox 535 2424 759 2485; x_wconf 72' lang='lat' dir='ltr'>primum?</span> <span class='ocrx_word' id='word_1_289' title='bbox 782 2420 850 2465; x_wconf 76' lang='lat' dir='ltr'>Ad</span> <span class='ocrx_word' id='word_1_290' title='bbox 879 2412 1153 2461; x_wconf 86' lang='lat' dir='ltr'>dilectionem</span> <span class='ocrx_word' id='word_1_291' title='bbox 1184 2408 1368 2468; x_wconf 82' lang='lat' dir='ltr'>proximi</span> <span class='ocrx_word' id='word_1_292' title='bbox 1389 2407 1579 2466; x_wconf 89' lang='lat' dir='ltr'>primum</span> <span class='ocrx_word' id='word_1_293' title='bbox 1611 2413 1674 2448; x_wconf 88' lang='lat' dir='ltr'>est</span> <span class='ocrx_word' id='word_1_294' title='bbox 1695 2403 1741 2446; x_wconf 90' lang='lat' dir='ltr'>in</span> <span class='ocrx_word' id='word_1_295' title='bbox 1777 2400 1904 2444; x_wconf 83' lang='lat' dir='ltr'>altera</span> 
     </span>
     <span class='ocr_line' id='line_1_33' title="bbox 538 2470 1909 2542; baseline -0.02 -1"><span class='ocrx_word' id='word_1_296' title='bbox 538 2495 700 2542; x_wconf 83' lang='lat' dir='ltr'>tabula.</span> <span class='ocrx_word' id='word_1_297' title='bbox 726 2495 835 2537; x_wconf 84' lang='lat' dir='ltr'>Nam</span> <span class='ocrx_word' id='word_1_298' title='bbox 852 2489 948 2534; x_wconf 83' lang='lat' dir='ltr'>idco</span> <span class='ocrx_word' id='word_1_299' title='bbox 966 2486 1064 2531; x_wconf 85' lang='lat' dir='ltr'>duae</span> <span class='ocrx_word' id='word_1_300' title='bbox 1088 2481 1246 2528; x_wconf 82' lang='lat' dir='ltr'>tabulae</span> <span class='ocrx_word' id='word_1_301' title='bbox 1261 2479 1385 2538; x_wconf 82' lang='lat' dir='ltr'>Legis</span> <span class='ocrx_word' id='word_1_302' title='bbox 1402 2478 1515 2522; x_wconf 81' lang='lat' dir='ltr'>datae</span> <span class='ocrx_word' id='word_1_303' title='bbox 1529 2483 1644 2520; x_wconf 87' lang='lat' dir='ltr'>sunt.</span> <span class='ocrx_word' id='word_1_304' title='bbox 1664 2476 1779 2518; x_wconf 91' lang='lat' dir='ltr'>Deus</span> <span class='ocrx_word' id='word_1_305' title='bbox 1795 2470 1909 2516; x_wconf 54' lang='lat' dir='ltr'>enim*</span> 
     </span>
    </p>
   </div>
   <div class='ocr_carea' id='block_1_3' title="bbox 589 2554 1906 2618">
    <p class='ocr_par' dir='ltr' id='par_1_3' title="bbox 589 2554 1906 2618">
     <span class='ocr_line' id='line_1_34' title="bbox 589 2554 1906 2618; baseline -0.021 -6"><span class='ocrx_word' id='word_1_306' title='bbox 589 2587 597 2602; x_wconf 86' lang='lat'>¹</span> <span class='ocrx_word' id='word_1_307' title='bbox 615 2583 707 2611; x_wconf 79' lang='lat' dir='ltr'>Deut.</span> <span class='ocrx_word' id='word_1_308' title='bbox 737 2588 769 2618; x_wconf 83' lang='lat' dir='ltr'>v,</span> <span class='ocrx_word' id='word_1_309' title='bbox 787 2576 822 2608; x_wconf 77' lang='grc'>6.</span> <span class='ocrx_word' id='word_1_310' title='bbox 842 2591 882 2597; x_wconf 83' lang='grc'>-·</span> <span class='ocrx_word' id='word_1_311' title='bbox 903 2581 915 2596; x_wconf 87' lang='lat'>²</span> <span class='ocrx_word' id='word_1_312' title='bbox 935 2570 1047 2605; x_wconf 76' lang='lat' dir='ltr'>Matth.</span> <span class='ocrx_word' id='word_1_313' title='bbox 1070 2579 1153 2608; x_wconf 73' lang='lat' dir='ltr'>xxii,</span> <span class='ocrx_word' id='word_1_314' title='bbox 1169 2566 1206 2606; x_wconf 84' lang='lat'>37</span> <span class='ocrx_word' id='word_1_315' title='bbox 1222 2590 1230 2607; x_wconf 81' lang='lat'>‚</span> <span class='ocrx_word' id='word_1_316' title='bbox 1249 2570 1313 2597; x_wconf 71' lang='lat' dir='ltr'>etc.-</span> <span class='ocrx_word' id='word_1_317' title='bbox 1332 2580 1371 2587; x_wconf 87' lang='lat'>—-</span> <span class='ocrx_word' id='word_1_318' title='bbox 1393 2562 1406 2587; x_wconf 81' lang='lat'>3</span> <span class='ocrx_word' id='word_1_319' title='bbox 1421 2562 1519 2596; x_wconf 74' lang='lat' dir='ltr'>Exod.</span> <span class='ocrx_word' id='word_1_320' title='bbox 1539 2571 1599 2603; x_wconf 78' lang='lat' dir='ltr'>xx,</span> <span class='ocrx_word' id='word_1_321' title='bbox 1623 2568 1673 2593; x_wconf 79' lang='lat'>12.</span> <span class='ocrx_word' id='word_1_322' title='bbox 1695 2574 1736 2581; x_wconf 90' lang='lat'>—</span> <span class='ocrx_word' id='word_1_323' title='bbox 1760 2554 1776 2586; x_wconf 77' lang='grc'><strong>4</strong></span> <span class='ocrx_word' id='word_1_324' title='bbox 1794 2555 1906 2598; x_wconf 72' lang='grc' dir='ltr'>ΕρΙιθε.</span> 
     </span>
    </p>
   </div>
   <div class='ocr_carea' id='block_1_4' title="bbox 1908 341 1912 465">
    <p class='ocr_par' dir='ltr' id='par_1_4' title="bbox 1908 341 1912 465">
     <span class='ocr_line' id='line_1_35' title="bbox 1908 341 1912 465; baseline 0 2844"><span class='ocrx_word' id='word_1_325' title='bbox 1908 341 1912 465; x_wconf 95' lang='lat' dir='ltr'> </span> 
     </span>
    </p>
   </div>
   <div class='ocr_carea' id='block_1_5' title="bbox 1909 468 1913 562">
    <p class='ocr_par' dir='ltr' id='par_1_5' title="bbox 1909 468 1913 562">
     <span class='ocr_line' id='line_1_36' title="bbox 1909 468 1913 562; baseline 0 2747"><span class='ocrx_word' id='word_1_326' title='bbox 1909 468 1913 562; x_wconf 95' lang='lat' dir='ltr'> </span> 
     </span>
    </p>
   </div>
   <div class='ocr_carea' id='block_1_6' title="bbox 1918 730 1924 759">
    <p class='ocr_par' dir='ltr' id='par_1_6' title="bbox 1918 730 1924 759">
     <span class='ocr_line' id='line_1_37' title="bbox 1918 730 1924 759; baseline 0 0"><span class='ocrx_word' id='word_1_327' title='bbox 1918 730 1924 759; x_wconf 67' lang='lat'>,¹</span> 
     </span>
    </p>
   </div>
   <div class='ocr_carea' id='block_1_7' title="bbox 1909 589 1914 794">
    <p class='ocr_par' dir='ltr' id='par_1_7' title="bbox 1909 589 1914 794">
     <span class='ocr_line' id='line_1_38' title="bbox 1909 589 1914 794; baseline 0 2515"><span class='ocrx_word' id='word_1_328' title='bbox 1909 589 1914 794; x_wconf 95' lang='lat' dir='ltr'> </span> 
     </span>
    </p>
   </div>
   <div class='ocr_carea' id='block_1_8' title="bbox 1910 893 1914 1015">
    <p class='ocr_par' dir='ltr' id='par_1_8' title="bbox 1910 893 1914 1015">
     <span class='ocr_line' id='line_1_39' title="bbox 1910 893 1914 1015; baseline 0 0"><span class='ocrx_word' id='word_1_329' title='bbox 1910 893 1914 1015; x_wconf 95' lang='lat' dir='ltr'> </span> 
     </span>
    </p>
   </div>
   <div class='ocr_carea' id='block_1_9' title="bbox 1910 1208 1916 1366">
    <p class='ocr_par' dir='ltr' id='par_1_9' title="bbox 1910 1208 1916 1366">
     <span class='ocr_line' id='line_1_40' title="bbox 1910 1208 1916 1366; baseline 0 1943"><span class='ocrx_word' id='word_1_330' title='bbox 1910 1208 1916 1366; x_wconf 95' lang='lat' dir='ltr'> </span> 
     </span>
    </p>
   </div>
   <div class='ocr_carea' id='block_1_10' title="bbox 1917 1579 1924 1633">
    <p class='ocr_par' dir='ltr' id='par_1_10' title="bbox 1917 1579 1924 1633">
     <span class='ocr_line' id='line_1_41' title="bbox 1917 1579 1924 1633; baseline 0 0"><span class='ocrx_word' id='word_1_331' title='bbox 1917 1579 1924 1633; x_wconf 77' lang='lat' dir='ltr'>l</span> 
     </span>
    </p>
   </div>
   <div class='ocr_carea' id='block_1_11' title="bbox 1910 1499 1916 1636">
    <p class='ocr_par' dir='ltr' id='par_1_11' title="bbox 1910 1499 1916 1636">
     <span class='ocr_line' id='line_1_42' title="bbox 1910 1499 1916 1636; baseline 0 1673"><span class='ocrx_word' id='word_1_332' title='bbox 1910 1499 1916 1636; x_wconf 95' lang='lat' dir='ltr'> </span> 
     </span>
    </p>
   </div>
   <div class='ocr_carea' id='block_1_12' title="bbox 1910 1657 1916 1823">
    <p class='ocr_par' dir='ltr' id='par_1_12' title="bbox 1910 1657 1916 1823">
     <span class='ocr_line' id='line_1_43' title="bbox 1910 1657 1916 1823; baseline 0 1486"><span class='ocrx_word' id='word_1_333' title='bbox 1910 1657 1916 1823; x_wconf 95' lang='lat' dir='ltr'> </span> 
     </span>
    </p>
   </div>
   <div class='ocr_carea' id='block_1_13' title="bbox 1921 1995 1924 2014">
    <p class='ocr_par' dir='ltr' id='par_1_13' title="bbox 1921 1995 1924 2014">
     <span class='ocr_line' id='line_1_44' title="bbox 1921 1995 1924 2014; baseline 0 0"><span class='ocrx_word' id='word_1_334' title='bbox 1921 1995 1924 2014; x_wconf 67' lang='lat'>4</span> 
     </span>
    </p>
   </div>
   <div class='ocr_carea' id='block_1_14' title="bbox 1911 1840 1916 2111">
    <p class='ocr_par' dir='ltr' id='par_1_14' title="bbox 1911 1840 1916 2111">
     <span class='ocr_line' id='line_1_45' title="bbox 1911 1840 1916 2111; baseline 0 1198"><span class='ocrx_word' id='word_1_335' title='bbox 1911 1840 1916 2111; x_wconf 95' lang='lat' dir='ltr'> </span> 
     </span>
    </p>
   </div>
   <div class='ocr_carea' id='block_1_15' title="bbox 1910 2191 1924 2241">
    <p class='ocr_par' dir='ltr' id='par_1_15' title="bbox 1910 2191 1924 2241">
     <span class='ocr_line' id='line_1_46' title="bbox 1910 2191 1924 2241; baseline 0 -12"><span class='ocrx_word' id='word_1_336' title='bbox 1910 2191 1924 2241; x_wconf 58' lang='lat' dir='ltr'>st</span> 
     </span>
    </p>
   </div>
   <div class='ocr_carea' id='block_1_16' title="bbox 1908 2246 1915 2376">
    <p class='ocr_par' dir='ltr' id='par_1_16' title="bbox 1908 2246 1915 2376">
     <span class='ocr_line' id='line_1_47' title="bbox 1908 2246 1915 2376; baseline 0 933"><span class='ocrx_word' id='word_1_337' title='bbox 1908 2246 1915 2376; x_wconf 95' lang='lat' dir='ltr'> </span> 
     </span>
    </p>
   </div>
   <div class='ocr_carea' id='block_1_17' title="bbox 1909 2383 1915 2538">
    <p class='ocr_par' dir='ltr' id='par_1_17' title="bbox 1909 2383 1915 2538">
     <span class='ocr_line' id='line_1_48' title="bbox 1909 2383 1915 2538; baseline 0 771"><span class='ocrx_word' id='word_1_338' title='bbox 1909 2383 1915 2538; x_wconf 95' lang='lat' dir='ltr'> </span> 
     </span>
    </p>
   </div>
   <div class='ocr_carea' id='block_1_18' title="bbox 1918 2469 1923 2512">
    <p class='ocr_par' dir='ltr' id='par_1_18' title="bbox 1918 2469 1923 2512">
     <span class='ocr_line' id='line_1_49' title="bbox 1918 2469 1923 2512; baseline 0 0"><span class='ocrx_word' id='word_1_339' title='bbox 1918 2469 1923 2512; x_wconf 61' lang='grc' dir='ltr'><strong>ἐ</strong></span> 
     </span>
    </p>
   </div>
   <div class='ocr_carea' id='block_1_19' title="bbox 1910 2540 1914 2641">
    <p class='ocr_par' dir='ltr' id='par_1_19' title="bbox 1910 2540 1914 2641">
     <span class='ocr_line' id='line_1_50' title="bbox 1910 2540 1914 2641; baseline 0 668"><span class='ocrx_word' id='word_1_340' title='bbox 1910 2540 1914 2641; x_wconf 95' lang='lat' dir='ltr'> </span> 
     </span>
    </p>
   </div>
   <div class='ocr_carea' id='block_1_20' title="bbox 543 2644 654 2676">
    <p class='ocr_par' dir='ltr' id='par_1_20' title="bbox 543 2644 654 2676">
     <span class='ocr_line' id='line_1_51' title="bbox 543 2644 654 2676; baseline -0.036 -8"><span class='ocrx_word' id='word_1_341' title='bbox 543 2648 597 2676; x_wconf 69' lang='lat' dir='ltr'>vt,</span> <span class='ocrx_word' id='word_1_342' title='bbox 622 2644 654 2666; x_wconf 80' lang='lat'>2.</span> 
     </span>
    </p>
   </div>
   <div class='ocr_carea' id='block_1_21' title="bbox 1910 2662 1914 2947">
    <p class='ocr_par' dir='ltr' id='par_1_21' title="bbox 1910 2662 1914 2947">
     <span class='ocr_line' id='line_1_52' title="bbox 1912 2662 1914 2726; baseline 0 0"><span class='ocrx_word' id='word_1_343' title='bbox 1912 2662 1914 2726; x_wconf 69' lang='lat' dir='ltr'>l</span> 
     </span>
     <span class='ocr_line' id='line_1_53' title="bbox 1910 2889 1913 2947; baseline 0 0"><span class='ocrx_word' id='word_1_344' title='bbox 1910 2889 1913 2947; x_wconf 62' lang='lat' dir='ltr'>l</span> 
     </span>
    </p>
   </div>
  </div>
 </body>
</html>
