1924 3309
46 54 103 94 in<

492 294 574 334 48⁴2
917 303 950 332 s.
987 301 1217 333 Atreusnm
1252 305 1433 334 EPISCOPI

485 373 532 416 in
558 371 684 415 bonis
699 369 903 430 operibus
931 370 978 414 in
1000 379 1147 415 sancta
1169 368 1383 424 Ecclesia,
1415 385 1501 415 non
1527 369 1770 429 neglector,
1794 370 1871 415 sed

484 441 668 487 effector
687 450 1009 503 praeceptorum
1030 441 1132 496 Dei,
1158 440 1265 500 quid
1287 439 1417 486 faciat
1438 456 1530 486 cras
1544 476 1555 498 ‚
1576 441 1740 500 nescit3
1763 441 1871 502 quid

483 512 635 558 fecerit
653 512 786 558 hodie
804 548 815 569 ‚
850 513 944 557 scit.
972 515 1036 556 De
1067 510 1220 555 futuro
1239 525 1369 570 opere
1398 511 1521 554 timet
1539 545 1550 566 ,
1574 511 1629 555 de
1652 512 1872 571 praeterito

485 584 645 644 gaudet
663 601 676 628 .·
709 592 752 628 et
780 592 831 628 ut
853 590 1096 642 perseveret
1117 581 1163 625 in
1192 581 1319 626 bonis
1348 581 1579 640 operibus,
1610 581 1793 641 vigilat3
1817 597 1872 626 ne

482 655 597 702 sorte
617 654 840 715 negligens
862 652 1128 708 futurorum,
1149 651 1303 711 perdat
1323 652 1612 712 praeteritum.
1632 655 1685 696 In
1706 652 1873 698 orando

484 738 634 773 tamen
650 726 837 772 Domino
855 759 866 780 ,
890 725 936 768 in
959 723 1080 769 omni
1100 722 1407 783 deprecatione
1423 738 1517 780 sua,
1537 737 1627 768 non
1647 723 1783 769 habet
1797 724 1875 768 fir·

486 813 603 843 mam
618 795 928 843 conscientiam
950 795 1006 838 de
1022 808 1153 854 opere
1179 793 1350 850 futuro,
1375 794 1451 839 sed
1463 793 1524 839 -de
1551 795 1800 854 praeterit03
1824 809 1875 838 ex

485 885 537 915 eo
565 868 687 930 quod
710 867 814 912 fecit
829 902 843 924 ‚
868 882 958 912 non
987 881 1038 910 ex
1056 881 1109 911 eo
1130 864 1248 927 quod
1273 865 1468 912 facturus
1494 874 1572 910 est.
1598 867 1695 911 Jam
1717 880 1822 925 ergo
1839 866 1875 910 si
1923 882 1924 897 1

481 940 567 985 hoc
587 953 741 985 verum
768 951 860 983 esse
881 950 1052 982 mecum
1075 936 1231 981 videtis
1248 971 1259 993 ‚
1281 935 1492 981 attendite
1509 936 1557 980 in
1578 933 1770 981 lanificio
1784 935 1875 981 duo

483 1011 772 1055 instrumenta
787 1009 868 1053 ista
887 1043 898 1063 ‚
923 1007 1068 1052 colum
1101 1016 1145 1051 et
1168 1005 1331 1052 fusum.
1364 1009 1416 1051 In
1438 1006 1536 1057 colo
1556 1005 1657 1052 lana
1676 1006 1876 1052 involuta

482 1089 545 1125 est
563 1116 575 1136 ‚
601 1094 700 1141 quae
722 1078 798 1123 filo
819 1077 1022 1123 ducenda
1047 1086 1092 1122 et
1113 1077 1257 1122 nenda
1278 1085 1469 1122 transeat
1490 1077 1536 1122 in
1558 1076 1721 1122 fusum.
1747 1076 1875 1131 Quod

485 1152 531 1195 in
548 1150 645 1196 colo
673 1159 737 1195 est
752 1149 1003 1194 involutum
1019 1184 1030 1204 ‚
1051 1157 1115 1193 est
1136 1147 1336 1193 futurum
1359 1167 1368 1194 :
1394 1148 1515 1209 quod
1536 1149 1582 1193 in
1599 1145 1696 1193 fuso
1717 1146 1877 1193 collec-

482 1230 579 1266 tum
602 1229 680 1276 est,
695 1221 788 1280 jam
810 1219 1081 1279 praeteritum
1102 1227 1180 1263 est.
1200 1220 1321 1278 Opus
1343 1232 1445 1276 ergo
1466 1227 1593 1262 tuum
1615 1219 1661 1262 in
1677 1217 1776 1262 fuso
1793 1227 1873 1274 est,

486 1308 576 1337 non
593 1292 639 1336 in
661 1290 773 1336 colo.
797 1293 849 1335 In
871 1290 969 1335 colo
991 1291 1105 1334 enim
1129 1299 1218 1345 est,
1243 1288 1364 1350 quod
1388 1288 1582 1334 facturus
1603 1304 1674 1347 es;
1698 1289 1742 1333 in
1758 1288 1874 1346 fuso,

487 1361 608 1424 quod
630 1361 783 1406 fecisti.
809 1359 920 1404 Vide
949 1374 1050 1419 ergo
1079 1360 1113 1404 si
1137 1358 1305 1420 aliquid
1335 1360 1470 1404 habes
1491 1360 1537 1404 in
1561 1360 1683 1416 fuso,
1706 1360 1783 1404 ubi
1799 1361 1877 1405 fir-

486 1443 663 1480 mentur
692 1431 872 1477 brachia
906 1440 997 1475 tua.
1034 1432 1101 1476 Ibi
1133 1431 1214 1475 erit
1236 1430 1359 1477 fortis
1391 1432 1652 1477 conscientia
1687 1440 1791 1487 tua,
1816 1431 1878 1476 ibi

485 1519 662 1565 securus
679 1506 771 1548 Deo
794 1501 938 1547 dices=
960 1504 1021 1545 Da
1039 1537 1050 1557 ,
1076 1500 1177 1562 quia
1201 1500 1304 1546 dedi
1323 1522 1334 1560 3
1356 1500 1527 1546 dimitte
1541 1537 1552 1558 ‚
1577 1502 1681 1563 quia
1701 1502 1873 1559 dimisi3

486 1575 570 1627 fac,
586 1575 688 1637 quia
710 1573 803 1618 feci.
819 1574 919 1619 Non
941 1572 1058 1616 enim
1080 1572 1190 1632 petis
1212 1573 1457 1632 praemium,
1475 1573 1556 1618 nisi
1578 1588 1710 1633 opere
1733 1581 1869 1633 gestO,

486 1662 576 1692 non
597 1660 727 1707 opere
748 1643 953 1704 gerendo.
975 1642 1203 1704 Quidquid
1224 1657 1326 1702 ergo
1348 1644 1552 1703 operaris,
1569 1653 1688 1689 totus
1704 1644 1875 1689 animus

488 1719 543 1763 ad
565 1717 712 1762 fusum
733 1717 800 1760 sit.
819 1715 931 1769 Quia
954 1723 996 1759 et
1018 1714 1138 1775 quod
1160 1714 1324 1774 pendet
1344 1715 1390 1758 in
1407 1715 1520 1770 colo,
1541 1715 1597 1760 ad
1618 1714 1764 1760 fusum
1785 1724 1878 1761 tra-

482 1788 725 1851 jiciendum
758 1797 822 1832 est
849 1806 858 1832 :
886 1801 975 1831 non
1002 1796 1146 1830 autem
1184 1785 1296 1830 illud
1325 1786 1446 1846 quod
1481 1787 1717 1832 collectum
1737 1795 1802 1832 est
1832 1787 1878 1830 in

487 1861 602 1916 fuso,
628 1859 683 1905 ad
705 1857 851 1904 colum
874 1855 1167 1900 revocandum
1190 1865 1269 1900 est.
1294 1858 1412 1915 Ergo
1434 1857 1535 1901 vide
1558 1857 1667 1918 quid
1688 1872 1803 1916 agas,
1828 1866 1878 1901 ut

485 1931 645 1974 habeas
666 1929 713 1972 in
730 1927 843 1982 fuso,
859 1935 910 1970 ut
930 1925 1107 1970 brachia
1130 1933 1206 1969 tua
1230 1926 1377 1970 firmes
1400 1926 1446 1970 in
1463 1925 1611 1971 fusum
1629 1962 1640 1983 ‚
1665 1937 1716 1972 ut
1737 1936 1881 1972 totum

485 2000 653 2045 coletur
675 1998 731 2043 ad
749 1997 895 2042 fusum
913 2033 922 2052 ,
950 2005 999 2041 ut
1016 1995 1178 2040 habeat
1200 1996 1367 2057 aliquid
1384 1996 1534 2042 fusum
1566 1997 1688 2058 quod
1709 2007 1753 2042 te
1773 2013 1880 2043 con-

486 2069 671 2125 soletur,
704 2067 826 2130 quod
848 2077 891 2112 te
918 2067 1147 2111 confirmet
1166 2101 1177 2121 ‚
1209 2066 1330 2126 quod
1355 2067 1446 2128 tibi,
1471 2067 1545 2113 det
1568 2067 1774 2120 fiduciam
1801 2068 1880 2113 de-

485 2139 692 2202 precandi
714 2149 757 2184 et
778 2137 980 2199 sperandi
999 2137 1226 2197 promissa.

544 2213 666 2256 XIV.
691 2212 748 2255 Et
770 2208 877 2270 quid
895 2209 1053 2268 agam?
1067 2206 1180 2252 forte
1197 2207 1328 2252 dicis:
1348 2206 1458 2268 quid
1480 2224 1550 2254 me
1564 2209 1694 2271 jubes
1715 2210 1878 2255 habere

486 2284 532 2328 in
564 2281 698 2327 fuso?
720 2279 836 2326 Audi
865 2279 973 2340 quid
996 2278 1194 2339 sequitur
1218 2297 1228 2323 ε
1258 2297 1279 2321 «
1303 2280 1460 2324 Manus
1479 2288 1625 2325 autem
1646 2295 1744 2326 suas
1776 2296 1879 2341 ape-

487 2372 509 2397 »
545 2353 634 2398 ruit
654 2351 837 2412 pauperi
856 2353 888 2394 ¹.
915 2369 936 2392 »
963 2349 1041 2395 Eia
1057 2385 1068 2405 ,
1094 2364 1185 2393 non
1208 2363 1287 2394 nos
1310 2350 1474 2408 pudeat
1492 2349 1731 2396 lanificium
1755 2367 1881 2396 sanc-

486 2434 583 2470 tum
600 2423 758 2468 docere
775 2437 867 2466 vos.
892 2419 1074 2476 Videte,
1096 2419 1131 2464 si
1152 2419 1248 2479 quis
1268 2419 1402 2464 habet
1424 2421 1605 2480 plenum
1632 2421 1852 2467 sacculum
1865 2457 1876 2477 ,

489 2494 670 2557 plenum
693 2494 898 2537 horreum
919 2527 930 2547 ‚
953 2491 1126 2551 plenam
1146 2491 1402 2550 apothecam
1424 2510 1433 2536 :
1455 2492 1598 2536 omnia
1622 2492 1701 2537 ista
1717 2493 1763 2536 in
1783 2492 1881 2538 colo

486 2576 612 2622 sunt,
637 2575 857 2610 transeant
888 2565 931 2607 in
962 2563 1119 2607 fusum.
1149 2562 1306 2606 Videte
1328 2563 1553 2622 quomodo
1577 2573 1679 2619 net,
1708 2564 1796 2609 imo
1815 2564 1880 2609 vi-

538 2658 545 2673 ¹
573 2653 666 2683 Provv
686 2660 774 2690 xxxi,
796 2658 849 2682 20.
