1867 3320
345 198 483 226 SERMO
517 201 599 236 xv,
636 201 688 226 DE
723 202 851 228 vi-:nso
889 194 910 228 8
946 205 1094 230 1¹5ALMI
1128 205 1223 233 xxv.
1389 198 1470 235 309

101 283 121 306 υ
155 279 234 323 pro
251 264 432 308 inimicis
454 266 652 310 vestris¹P
678 285 696 307 »
721 269 790 310 An
808 266 919 311 forte
940 268 1146 312 vellemus
1161 271 1296 316 bonos
1314 273 1472 317 habere

96 334 314 378 inimicos?
333 334 456 379 Unde
473 336 566 379 ficri
579 339 852 395 potestPNon
868 338 1046 382 habebis
1055 339 1469 400 bonuminimicum,

95 403 177 448 nisi
195 404 328 448 fueris
349 403 488 449 malus
515 425 525 451 ;
548 406 582 449 si
605 416 751 451 autem
778 406 908 451 fueris
940 408 1080 452 bonus
1097 443 1107 462 ‚
1152 411 1349 456 inimicus
1371 423 1472 458 tuus

95 488 183 518 non
200 474 303 528 erit,
326 474 406 518 nisi
423 475 575 520 malus.
603 479 733 521 Orate
750 492 828 536 pro
840 477 1022 522 inimicis
1044 479 1206 523 vestris.
1232 483 1344 538 Ergo
1367 484 1472 527 boni

94 552 212 589 orate
235 559 313 602 pro
329 545 465 588 malis.
493 545 601 590 Redi
619 546 673 590 ad
695 557 920 591 cortuum.
939 549 976 592 Ο
994 557 1042 591 tu
1056 548 1131 607 qui
1148 549 1192 592 in
1206 549 1283 593 ista
1299 550 1472 596 fornace

92 614 308 673 purgaris,
333 615 366 657 si
384 616 528 673 potuit
548 631 637 659 esse
660 632 741 661 vox
768 626 839 661 tua
864 637 872 661 ε
903 636 922 659 «
948 617 1090 662 Proba
1108 633 1192 673 me,
1213 622 1409 675 Domine,
1431 632 1474 665 et

95 702 114 725 »
150 692 270 728 tenta
290 699 360 727 me
386 705 397 740 3
421 699 498 728 ure
520 699 642 729 renes
660 701 777 731 meos
799 696 841 730 et
863 703 936 731 cor
958 703 1103 732 meum
1119 725 1128 741 ,
1154 690 1361 748 quoniam
1390 692 1473 733 mi-

94 771 114 794 »
149 753 380 798 sericordia
399 763 473 798 tua
491 764 590 799 ante
613 756 760 800 oculos
783 772 900 801 meos
921 761 1008 802 63ῑτὲ
1035 778 1043 801 :
1073 777 1092 798 »
1110 774 1208 803 ecce
1226 759 1316 803 redi
1335 759 1387 803 ad
1401 776 1474 804 cor

92 832 233 867 tuum.
255 825 346 868 Sub
371 827 461 869 Deo
483 841 541 880 es,
559 827 796 871 orationem
821 827 996 871 fusurus
1013 844 1078 886 es3
1097 830 1283 873 occurrit
1304 830 1380 874 tibi
1398 830 1473 889 qui

89 903 131 938 te
146 892 272 948 laesit,
291 897 479 940 occurrit
493 896 572 939 tibi
588 898 663 955 qui
679 906 718 941 te
738 899 905 955 pressit,
922 900 1111 943 occurrit
1132 900 1211 943 tibi
1229 900 1304 959 qui
1320 909 1362 944 te
1377 915 1472 958 spo-

88 962 233 1018 liavit,
259 966 450 1009 occurrit
473 965 553 1009 tibi
571 966 646 1025 qui
671 975 710 1009 te
728 966 773 1009 in
795 982 1012 1011 carcerem
1035 968 1149 1011 misit
1175 988 1182 1013 ε
1210 970 1272 1012 eia
1298 971 1473 1012 attende

87 1041 318 1087 cortuum,
360 1035 523 1093 respice
541 1035 776 1079 Dominum
800 1045 941 1080 tuum.
979 1039 1092 1082 Ecce
1115 1036 1251 1081 malus
1274 1038 1473 1082 inimicus

89 1111 202 1157 tuus,
226 1117 325 1146 ecce
347 1104 489 1147 bonus
508 1105 716 1148 Dominus
732 1113 832 1149 tuus
852 1101 871 1150 ἐ
898 1115 1026 1150 nocet
1051 1106 1128 1149 tibi
1152 1107 1350 1150 inimicus
1373 1116 1472 1151 tuus

85 1171 238 1226 malus,
258 1171 331 1216 ora
345 1188 423 1232 pro
436 1173 610 1219 inimico
631 1183 723 1229 tuo,
747 1174 851 1218 dicit
866 1175 945 1219 tibi
960 1176 1169 1220 Dominus
1194 1185 1293 1220 tuus
1310 1178 1466 1220 bonus.

75 1245 203 1286 -Inter
218 1243 441 1288 inimicum
466 1253 590 1288 tuum
614 1244 776 1288 malum
788 1254 830 1288 et
844 1247 1076 1289 Dominum
1096 1246 1277 1301 bonum,
1296 1248 1399 1306 quid
1422 1257 1468 1291 tu

84 1313 276 1357 facturus
292 1316 363 1358 es?
385 1316 546 1359 Contra
571 1313 694 1359 illum
718 1324 935 1367 oraturus,
962 1326 1036 1360 aut
1055 1317 1156 1360 huic
1188 1317 1466 1376 obtempera-

83 1385 231 1428 turus?

140 1456 263 1498 VIII.
306 1455 490 1514 Suscipis
513 1470 563 1498 ex
587 1464 805 1514 praecepto
828 1456 1001 1500 Domini
1029 1458 1091 1501 tui
1118 1472 1240 1501 orare
1275 1472 1353 1516 pro
1372 1474 1466 1501 ma-

81 1523 199 1583 ligno
216 1523 291 1568 illo
309 1525 484 1569 inimico
507 1534 583 1569 tuo
609 1545 617 1569 :
644 1526 750 1585 quid
772 1524 964 1570 facturus
981 1528 1050 1570 es?
1089 1528 1296 1570 Dominus
1311 1528 1434 1585 jussit
1453 1562 1463 1579 ,

46 1654 49 1657 Ι
80 1593 188 1638 dura
206 1596 333 1652 jussit
355 1614 362 1638 :
387 1594 462 1638 sed
485 1610 641 1653 magna
654 1595 863 1653 promisit.
891 1598 999 1648 Quae
1023 1595 1293 1655 durajussitP
1320 1616 1338 1637 «
1360 1596 1465 1639 Dili-

83 1682 102 1705 »
140 1663 226 1722 gite
243 1663 439 1707 inimicos
455 1673 633 1718 vestros,
656 1665 897 1710 benefacite
921 1667 984 1709 his
1005 1668 1081 1723 qui
1096 1667 1282 1708 oderunt
1302 1671 1416 1710 vos&
1443 1685 1461 1705 »

81 1736 197 1777 Dura
215 1742 316 1777 sunt
338 1752 346 1777 :
371 1733 445 1777 sed
459 1742 636 1792 propter
652 1734 784 1777 verba
804 1733 1019 1777 labiorum
1037 1743 1210 1778 tuorum
1226 1751 1306 1793 ego
1321 1746 1465 1781 custo-

80 1804 167 1848 divi
204 1804 291 1848 vias
324 1803 495 1847 duras⁴.
545 1804 669 1847 Unde
705 1803 784 1846 tibi
825 1804 989 1848 viribus
1013 1805 1096 1848 tuis
1120 1806 1336 1849 custodiri·
1378 1808 1464 1851 vias

80 1872 224 1928 duras,
262 1874 343 1917 nisi
389 1892 407 1913 «
447 1874 549 1932 quia
592 1872 880 1916 misericordia
919 1883 988 1916 tua
1025 1883 1124 1918 antc
1162 1875 1310 1919 oculos
1348 1892 1463 1920 meos

82 1961 101 1984 »
136 1945 228 1987 est?
256 1962 273 1984 »
294 1946 403 1986 Ecce
420 1943 528 1986 dura
544 1943 692 2001 jussit,
715 1957 857 1984 amara
876 1943 1017 2000 jussit,
1057 1944 1154 1986 vido
1174 1960 1273 2002 quie
1299 1948 1461 2002 promi-

77 2015 146 2058 sit.
177 2033 196 2055 «
230 2015 361 2057 Orate
380 2028 458 2072 pro
472 2012 830 2072 persequentibus
843 2027 934 2065 vos,
958 2013 1106 2056 utsitis
1126 2012 1198 2056 lilii
1221 2015 1353 2058 Patris
1374 2030 1462 2058 vos-

83 2101 102 2125 »
136 2083 204 2139 tri,
224 2084 360 2143 quiin
382 2082 502 2128 coelis
519 2091 596 2126 est.
632 2101 652 2123 »
680 2082 721 2126 Si
746 2081 823 2125 tibi
846 2081 1006 2125 dicei-<et
1030 2101 1038 2126 ;
1072 2086 1154 2125 Ora
1188 2098 1264 2141 pro
1289 2085 1461 2130 inimico

81 2162 156 2198 tuo
168 2162 217 2197 ut
238 2153 291 2196 sis
305 2153 417 2197 silius
447 2153 578 2212 patris
595 2153 673 2207 tui,
706 2166 760 2195 nc
779 2152 1021 2195 exhaeredet
1050 2160 1090 2195 te
1122 2161 1240 2210 pater
1261 2154 1457 2199 ‹·;1r11;=li.<‚

80 2223 155 2283 qui
176 2224 259 2268 hoc
296 2224 371 2266 tibi
411 2223 637 2267 relicturus
666 2231 748 2274 est,
787 2221 905 2280 quod
949 2222 1046 2265 ltine
1077 2237 1163 2265 non
1193 2232 1255 2265 est
1287 2223 1459 2266 ablatu-

82 2309 151 2338 rus
175 2316 186 2352 3
212 2294 397 2348 timeres,
438 2303 480 2338 et
504 2294 662 2338 faceres
683 2312 691 2337 :
715 2293 978 2352 promittitur
1013 2293 1087 2335 tibi
1113 2308 1190 2351 pro
1228 2293 1292 2336 his
1314 2293 1457 2345 duris,

82 2373 130 2408 ut
158 2364 211 2408 sis
240 2363 353 2408 filius
377 2363 611 2422 Altissimi3
640 2364 777 2422 cogita
808 2367 976 2406 Patrem
998 2398 1008 2415 ‚
1038 2371 1080 2405 ct
1112 2378 1291 2419 agnosce
1321 2364 1458 2406 ham·-

143 2467 152 2482 ¹
184 2461 293 2493 Maru..
317 2472 350 2501 v,
367 2460 420 2502 44.
443 2478 482 2484 -·
503 2468 514 2484 ²
536 2471 555 2494 ⁹.
579 2462 657 2493 I‘wl.
689 2472 761 2498 xxv,
785 2469 817 2496 9.,
844 2461 872 2489 Ῑί.
900 2476 940 2482 --
965 2458 976 2481 ³
1004 2459 1120 2491 Manli.
1142 2471 1175 2499 v,
1201 2460 1253 2500 44.
1276 2477 1314 2482 --
1340 2461 1354 2488 l·
1375 2461 1450 2493 I‘sal,

83 2526 156 2555 xvi,
176 2516 209 2558 l..
