1924 3309
487 285 541 322 70
894 291 955 328 ,8.
993 292 1221 322 Aueusruw
1257 293 1451 322 EPISCOPI'

487 364 571 405 Ista
595 361 738 404 omnia
763 362 803 403 in
837 361 1051 420 baptismo
1075 362 1331 414 traduntur,
1357 378 1456 422 quae
1484 370 1614 419 negat
1631 375 1723 405 esse
1747 378 1874 422 repe·
1912 358 1915 391 i

484 432 630 486 tenda,
650 432 801 492 utiquc
823 432 868 475 in
890 431 1192 476 consecrandis
1211 432 1427 476 fidelibus.
1454 434 1562 476 Nam
1586 433 1631 476 in
1652 432 1773 476 verbi
1801 434 1876 477 Dei
1912 444 1914 479 ζ

483 504 744 549 tractatione
757 514 887 564 atque
900 504 1114 558 doctrina,
1129 520 1218 549 non
1239 505 1399 549 iterum
1417 513 1607 559 tantum,
1625 503 1701 548 sed
1719 504 1875 563 saepius

485 574 670 620 dicenda
699 584 823 631 sunt,
847 575 958 620 sicut
981 590 1127 619 rerum
1157 575 1212 620 de
1230 576 1390 637 quibus
1417 574 1640 620 disseritur
1657 584 1874 635 opportu-

485 646 597 690 nitas
619 645 802 705 flagitat.

543 718 642 761 XX.
665 719 733 760 An
749 732 851 761 vero
863 718 953 776 jam
976 714 1088 760 illud
1109 725 1333 771 occurret,
1354 724 1404 760 ut
1426 730 1515 759 non
1533 716 1623 775 jam
1645 715 1680 759 si
1697 715 1878 775 quodli-

485 788 562 832 bet
579 797 806 847 peccatum
829 788 966 832 sciens
988 786 1222 842 admiserit,
1241 786 1313 831 sed
1337 787 1371 830 si
1393 787 1566 846 proprie
1586 796 1815 846 peccatum
1832 787 1878 831 in
1910 777 1912 823 i

489 859 698 917 Spiritum
721 867 921 901 sanctum
950 857 1087 901 sciens
1104 856 1352 910 admiserit,
1379 866 1485 901 tunc
1507 872 1596 901 non
1624 857 1786 900 habere
1802 872 1879 901 ve·
1910 866 1911 915 J

487 928 602 971 niam
632 926 885 987 judicetur?
920 929 1018 980 Quo
1049 926 1146 971 loco
1179 927 1316 986 quaeri
1338 936 1508 985 potest,
1547 935 1697 970 utrum
1719 926 1879 971 scirent
1908 965 1910 967 ,

489 1000 513 1041 J
520 997 632 1041 udaei
654 1013 731 1057 per
755 997 963 1056 Spiritum
987 1006 1186 1041 sanetum
1209 997 1378 1056 operari
1410 997 1646 1041 Dominum
1663 1031 1675 1051 ‚
1696 995 1878 1056 quando
1908 1027 1910 1056 ζ

488 1083 589 1111 eum
611 1068 656 1110 in
679 1066 874 1127 principe
897 1067 1216 1111 daemoniorum
1249 1067 1465 1111 daemonia
1502 1065 1735 1110 excludere
1756 1065 1875 1111 blas·
1908 1104 1909 1108 ,

487 1137 757 1198 phemabant
773 1138 819 1180 1?
841 1136 975 1181 Miror
1002 1145 1149 1180 autem
1167 1136 1389 1196 quomodo
1412 1145 1587 1196 possent
1611 1136 1657 1179 in
1680 1135 1757 1179 illo
1781 1137 1879 1195 Spi-
1908 1174 1909 1181 ,

487 1207 621 1251 ritum
644 1215 842 1250 sanctum
861 1221 1120 1264 cognoscere
1137 1241 1148 1261 ,
1171 1221 1274 1250 cum
1295 1207 1438 1265 ipsum
1462 1205 1695 1252 Dominum
1719 1204 1879 1252 Filium
1908 1210 1909 1263 j

489 1277 567 1321 Dei
585 1291 674 1319 esse
700 1277 917 1320 nescirent
943 1296 953 1322 ε
978 1277 1025 1319 in
1046 1276 1119 1321 illa
1140 1276 1303 1321 scilicet
1320 1277 1514 1321 caecitate
1529 1311 1540 1332 ,
1566 1292 1665 1336 quae
1687 1291 1739 1320 ex
1755 1285 1878 1335 parte

488 1348 535 1390 in
559 1345 691 1390 Israel
712 1344 825 1390 facta
843 1356 905 1390 est
920 1382 930 1401 ,
956 1347 1096 1391 donec
1121 1347 1350 1407 plenitudo
1368 1348 1576 1391 Gentium
1598 1347 1793 1391 intraret.
1817 1350 1881 1392 De
1906 1354 1908 1376 ²

491 1433 578 1478 qua
604 1417 892 1476 opportunius
916 1433 994 1461 suo
1016 1418 1136 1472 loco,
1159 1419 1346 1462 Domino
1377 1419 1610 1477 adjuvante
1633 1426 1765 1476 atque
1782 1432 1879 1476 per·
1906 1443 1909 1480 ςι

492 1487 692 1531 mittente
708 1522 719 1542 ,
739 1487 1036 1531 tractabitur².
1051 1487 1216 1531 Deinde
1233 1487 1266 1530 si
1290 1487 1540 1547 dijudicatio
1557 1487 1789 1546 spirituum
1808 1486 1882 1532 illa

491 1558 748 1618 intelligitur
768 1593 779 1614 ‚
819 1574 906 1621 qua
929 1558 1113 1619 quisque
1147 1558 1376 1619 dijudicat,
1402 1568 1551 1602 utrum
1588 1558 1634 1602 in
1656 1573 1880 1616 quoquam

492 1630 675 1689 Spiritus
698 1638 887 1684 sanctus,
904 1645 960 1673 an
979 1627 1162 1672 fallaciae
1184 1629 1358 1684 spiritus
1374 1634 1578 1685 operetur
1594 1646 1605 1683 3
1621 1626 1716 1670 haec
1733 1636 1883 1673 autem
1904 1628 1907 1641 '

489 1697 744 1759 dijudicatio
771 1705 889 1741 certo
912 1697 1106 1755 quodam
1128 1704 1323 1754 tempore
1347 1711 1424 1754 per
1449 1696 1658 1755 Spiritum
1680 1707 1881 1742 sanctum
1903 1691 1906 1735 i

492 1767 696 1813 fidelibus
714 1767 859 1820 datur,
880 1766 991 1811 sicut
1003 1764 1087 1809 alio
1100 1765 1198 1809 loco
1215 1765 1331 1810 idem
1346 1766 1580 1824 Apostolus
1599 1766 1704 1812 dicit
1719 1769 1734 1794 ³
1749 1787 1758 1812 :
1776 1782 1884 1828 quo-

492 1837 624 1883 modo
651 1846 852 1897 poterant
887 1834 1083 1880 infideles
1116 1834 1261 1879 Judaei
1291 1836 1382 1880 sine
1413 1836 1495 1880 isto
1519 1852 1700 1881 munere
1721 1837 1904 1897 dijudi-

494 1925 591 1955 care
607 1944 617 1963 ,
641 1917 790 1952 utrum
815 1922 890 1966 per
915 1906 1122 1966 Spiritum
1145 1915 1342 1950 sanctum
1363 1907 1572 1951 Dominus
1595 1917 1848 1968 operaretur
1867 1926 1878 1953 z
1900 1913 1904 1959 ζ

495 1992 538 2025 et
559 1989 706 2024 tamen
724 1980 769 2022 in
784 1978 865 2034 eis,
889 1987 937 2022 ut
952 1979 1069 2038 justa
1092 1993 1223 2036 poena
1247 1976 1480 2023 ferirentur
1495 2013 1506 2033 ,
1530 1979 1797 2037 apertissima
1814 1980 1882 2026 in·-
1900 2037 1901 2040 Ἴ

495 2051 608 2096 dicia
631 2049 945 2095 malevolentiae
969 2048 1236 2098 claruerunt,
1251 2058 1410 2093 etcum
1431 2049 1559 2094 falsos
1579 2058 1704 2095 testes
1719 2050 1764 2095 in
1782 2064 1882 2102 eum
1900 2058 1901 2107 j

497 2122 858 2182 compararunt4‚
894 2130 938 2166 et
969 2120 1264 2164 submiserunt
1293 2120 1565 2165 simulatores
1601 2121 1678 2181 qui
1715 2123 1882 2167 eumin

495 2194 631 2239 verbo
652 2200 858 2252 caperent
876 2193 890 2217 ⁵
909 2213 921 2249 3
940 2200 1099 2235 etcum
1121 2190 1345 2235 tremenda
1368 2191 1596 2247 mirabilia,
1614 2207 1714 2251 quae
1729 2191 1774 2236 in
1793 2191 1899 2251 ejuss

498 2262 811 2308 resurrectione
834 2259 949 2306 facta
972 2269 1099 2314 sunt,
1124 2261 1183 2304 eis
1207 2261 1560 2306 renuntiarentur
1577 2297 1589 2317 ‚
1612 2260 1775 2306 famam
1798 2260 1880 2306 sals·-

499 2349 588 2379 sam
610 2332 888 2377 disseminare
910 2347 958 2377 ac
978 2331 1204 2377 veritatem
1226 2331 1516 2388 abscondere,
1536 2333 1769 2377 custodum
1785 2348 1882 2378 cor-1·

501 2404 702 2463 ruptione
724 2402 868 2448 conati
889 2402 1020 2446 sunt⁰
1045 2420 1054 2446 :
1080 2410 1123 2446 et
1140 2400 1223 2446 alia
1245 2401 1444 2447 malitiosi
1466 2411 1509 2447 et
1531 2402 1734 2448 venenosi
1750 2400 1890 2447 animi

568 2540 577 2557 ¹
596 2532 715 2564 Matth.
735 2543 793 2572 ιι,
818 2531 868 2573 34.
891 2548 932 2555 -
952 2539 965 2555 ²
995 2534 1086 2564 Rom.
1106 2541 1159 2572 xi,
1180 2530 1233 2563 25.
1261 2548 1301 2554 -
1322 2530 1335 2554 3
1359 2544 1370 2564 1
1393 2535 1464 2566 Cor.
1484 2544 1548 2572 ιιι,
1570 2545 1622 2567 10.
1643 2550 1685 2557 -
1707 2532 1724 2563 4
1753 2531 1894 2578 Mattlif¹

503 2600 595 2630 xxvi,
613 2589 666 2620 60.
689 2604 729 2610 --
746 2585 988 2626 ⁵1d.xxu,16,
1006 2604 1046 2609 ——
1066 2584 1081 2609 ⁶
1099 2587 1144 2618 Id.
1170 2597 1281 2627 xxvnr,
1305 2588 1356 2618 13.
