1924 3309
473 250 557 291 254
908 260 942 288 s.
976 258 1206 290 Aucus'rlm
1238 261 1419 290 muscom

470 327 603 371 homo
624 340 757 385 quam
772 327 912 370 Deus?
933 327 1049 385 Ergo
1064 326 1302 386 quomodo,
1317 325 1476 386 inquit,
1494 323 1605 370 facio
1620 325 1701 385 ipsi
1714 327 1854 371 Deo1?

471 397 723 457 Corrumpis
749 406 792 442 te
813 397 970 457 ipsum.
1003 399 1061 441 Et
1081 396 1201 441 unde
1229 397 1431 457 injuriam
1467 395 1579 442 facio
1605 399 1696 442 Deo
1712 431 1724 453 ,
1751 396 1855 458 quia

473 483 707 528 corrumpo
724 483 793 513 me
820 468 998 528 ipsum?
1022 468 1148 512 Unde
1181 466 1286 512 facit
1311 467 1390 512 tibi
1411 468 1638 529 injuriam,
1671 469 1747 528 qui
1773 482 1854 514 vo-

471 538 601 585 luerit
622 538 735 585 forte
754 539 948 600 lapidare
970 548 1090 584 tuam
1109 538 1306 584 tabulam
1326 539 1487 599 pictam
1501 574 1514 595 ,
1533 540 1579 584 in
1597 555 1685 600 qua
1705 538 1857 584 tabula

472 611 614 670 imago
634 621 710 657 tua
728 621 792 656 est
813 612 860 656 in
880 612 1012 657 domo
1036 621 1113 656 tua
1139 611 1325 656 inaniter
1345 611 1484 670 posita
1505 609 1561 656 ad
1592 626 1755 657 vanum
1775 611 1858 656 ho-

471 697 626 726 norem
654 692 803 738 tuum,
827 697 907 727 nec
929 682 1140 739 sentiens,
1161 697 1242 727 nec
1263 681 1446 743 loquens
1460 716 1472 737 ,
1507 696 1588 727 nec
1606 681 1792 728 videns?
1814 681 1858 727 Si

471 753 568 812 quis
588 752 707 798 illam
728 752 914 813 lapidet,
938 768 1086 798 nonne
1116 754 1162 798 in
1184 762 1227 798 te
1257 752 1302 800 id
1336 752 1601 799 contumelia
1631 755 1725 798 est?
1744 755 1859 799 Cum

475 838 573 867 vcro
589 823 821 880 imaginem
842 823 920 867 Dei
941 857 953 878 ,
980 823 1102 883 quod
1115 838 1159 868 es
1179 833 1228 868 tu
1244 859 1256 880 ,
1281 824 1522 885 corrumpis
1543 824 1589 868 in
1604 833 1648 869 te
1668 839 1746 884 per
1765 822 1858 869 for-

470 892 706 937 nicat-iones
728 902 771 937 et
800 908 876 952 per
895 891 1159 938 diffluentias
1189 893 1436 951 libidinis²‚
1469 894 1657 940 attendis
1679 893 1782 954 quia
1804 893 1860 938 ad

470 962 633 1007 nullius
653 979 832 1008 uxorem
850 965 1077 1020 accessisti,
1095 965 1282 1010 attendis
1304 967 1408 1026 quia
1425 975 1524 1027 post
1539 981 1722 1011 uxorem
1738 974 1860 1011 tuam

471 1034 584 1078 nihil
603 1033 764 1090 fecisti,
789 1036 892 1094 quia
908 1051 1089 1080 uxorem
1110 1052 1200 1081 non
1220 1038 1354 1082 habes
1376 1058 1386 1094 3
1411 1046 1454 1082 et
1474 1053 1564 1083 non
1580 1037 1766 1082 attendis
1782 1051 1861 1096 per

473 1105 676 1150 libidines
698 1116 741 1150 et
757 1106 924 1151 illicitas
942 1106 1249 1152 fornicationes
1266 1111 1390 1168 cujus
1409 1109 1642 1168 imaginem
1663 1107 1862 1154 violasti?

479 1179 703 1221 Postremo
725 1180 839 1222 Deus
868 1178 944 1237 qui
960 1178 1040 1222 scit
1066 1178 1175 1238 quid
1206 1179 1284 1223 tibi
1317 1179 1425 1223 utile
1456 1180 1536 1235 sit,
1569 1179 1646 1239 qui
1672 1194 1773 1223 vere
1804 1179 1862 1223 sic

471 1262 571 1291 suos
593 1262 737 1292 servos
755 1247 969 1305 gubernat
987 1248 1043 1292 ad
1059 1248 1292 1293 utilitatem
1308 1249 1509 1305 illorum,
1529 1264 1619 1294 non
1636 1248 1692 1293 ad
1708 1264 1830 1294 suam
1848 1268 1859 1306 3

471 1334 561 1363 non
583 1318 698 1362 enim
720 1318 887 1377 indiget
921 1319 1052 1364 servis
1073 1321 1196 1380 quasi
1220 1320 1275 1365 ad
1297 1320 1586 1381 adjutorium,
1621 1319 1697 1365 sed
1723 1329 1774 1365 tu
1794 1321 1862 1364 in-

471 1389 592 1448 diges
615 1388 787 1434 Domini
809 1388 966 1433 auxilio
990 1408 998 1433 :
1032 1390 1122 1449 ipse
1155 1406 1256 1449 ergo
1284 1391 1497 1436 Dominus
1527 1391 1604 1451 qui
1635 1391 1714 1435 scit
1747 1389 1857 1450 quid

472 1458 553 1503 tibi
573 1459 626 1502 sit
647 1458 754 1503 utile
771 1494 782 1514 ,
805 1474 983 1504 uxorem
1005 1461 1235 1516 concessit,
1256 1461 1365 1505 nihil
1385 1461 1585 1521 amplius.
1607 1464 1701 1506 Hoc
1713 1461 1854 1520 jussit,

471 1530 554 1575 hoc
572 1532 781 1590 prae-cepit
796 1566 807 1586 ,
832 1545 888 1574 ne
907 1546 984 1589 per
1004 1530 1177 1575 illicitas
1192 1532 1438 1591 voluptates
1455 1541 1630 1576 corruat
1646 1531 1861 1592 templum

471 1602 584 1661 ejus,
607 1600 728 1661 quod
750 1617 838 1645 esse
855 1600 1040 1660 coepisti.
1061 1601 1287 1661 Numquid
1307 1602 1391 1646 hoc
1413 1617 1492 1660 ego
1519 1602 1649 1647 dico?
1670 1605 1859 1661 Aposto-

470 1669 564 1714 lum
588 1671 736 1715 audite
759 1690 767 1716 ι
786 1690 806 1712 «
825 1671 1004 1716 Nescitis
1027 1672 1129 1729 quia
1148 1671 1362 1730 templum
1383 1673 1461 1716 Dei
1482 1673 1597 1728 estis,
1612 1681 1656 1717 et
1678 1672 1860 1732 Spiritus

474 1758 495 1782 »
534 1741 612 1785 Dei
633 1741 803 1784 habitat
819 1741 865 1784 in
877 1741 1001 1785 vobis
1015 1742 1061 1783 3?
1083 1742 1209 1784 »Hoc
1223 1740 1329 1784 dicit
1350 1742 1626 1797 Christianis,
1651 1743 1734 1787 hoc
1755 1742 1861 1786 dicit

472 1810 681 1854 fidelibus
700 1828 708 1853 :
731 1828 751 1851 «
765 1811 945 1854 Nescitis
962 1810 1064 1868 quia
1078 1809 1292 1867 templum
1306 1811 1382 1853 Dei
1394 1811 1509 1865 estis,
1530 1819 1573 1854 et
1586 1811 1771 1869 Spiritus
1784 1811 1861 1855 Dei

475 1899 495 1922 »
513 1881 737 1924 habitatin
747 1880 920 1924 vobisY„
929 1879 1076 1939 Siquis
1088 1878 1302 1938 templum
1311 1880 1388 1923 Dei
1397 1881 1656 1941 corruperit,
1667 1897 1859 1926 corrum-

472 1959 548 2009 pet
572 1949 695 1994 illum
717 1951 862 1994 Deus?
884 1947 1050 1992 Videtis
1067 1948 1290 2008 quomodo
1308 1949 1533 1994 minatur?
1553 1953 1651 1996 Non
1671 1951 1734 1996 vis
1762 1967 1860 1996 cor·

474 2020 619 2079 rumpi
640 2019 822 2064 domum
843 2028 981 2073 tuam,
999 2033 1133 2078 quare
1154 2020 1393 2079 corrumpis
1415 2020 1595 2064 domum
1612 2021 1716 2065 Dei?
1732 2024 1860 2067 Certe

475 2088 579 2134 iacis
601 2089 729 2134 alicui
750 2088 870 2149 quod
891 2089 981 2148 pati
1002 2103 1092 2132 non
1105 2088 1182 2132 vis.
1201 2091 1299 2134 Non
1316 2098 1380 2133 est
1393 2105 1496 2148 ergo
1512 2105 1599 2149 qua
1616 2090 1826 2136 evadatur
1845 2111 1854 2136 :

475 2168 649 2204 tenetur
668 2159 740 2203 ille
757 2194 769 2214 ,
795 2159 928 2220 quise
950 2158 1088 2203 teneri
1110 2173 1199 2203 non
1213 2160 1410 2218 putabat.
1436 2161 1594 2204 Omnia
1614 2162 1730 2205 enim
1754 2177 1859 2222 pec-

476 2239 571 2275 cata
594 2231 837 2285 hominum,
854 2239 930 2274 aut
952 2229 1007 2273 ad
1028 2229 1320 2288 corruptelam
1340 2231 1559 2290 pertinent
1575 2232 1854 2291 flagitiorum,

479 2310 553 2346 aut
575 2302 630 2345 ad
652 2300 846 2346 facinora
873 2300 1074 2346 nocendi.
1103 2302 1211 2354 Quia
1228 2304 1318 2345 Deo
1355 2316 1512 2347 nocere
1533 2318 1623 2348 non
1654 2312 1777 2363 potes
1813 2304 1859 2347 in

543 2416 551 2434 ¹
573 2411 649 2443 Cod.
670 2411 757 2442 Cass.
779 2421 813 2451 ιι,
835 2410 889 2440 sol.
918 2418 978 2441 122
1000 2421 1007 2441 ε
1029 2421 1045 2438 «
1065 2411 1145 2451 Ergo
1163 2410 1322 2451 quomodo
1339 2409 1438 2451 facio,
1463 2411 1576 2454 inquit,
1595 2415 1661 2444 Deo
1689 2412 1858 2454 injuriam?

479 2468 556 2505 Quia
573 2466 751 2508 corrumpis
769 2469 802 2497 tc
821 2466 939 2507 ipsum.
963 2477 980 2494 »
999 2482 1041 2488 ·-
1062 2472 1074 2488 ²
1091 2465 1171 2498 Cod.
1190 2467 1275 2498 Cass.
1297 2476 1333 2507 11,
1361 2465 1415 2499 fol.
1445 2475 1506 2499 122
1527 2480 1534 2500 :
1555 2479 1572 2496 (t
1587 2468 1645 2501 Cui
1670 2467 1706 2501 fit
1726 2467 1856 2510 injuria,

479 2523 537 2556 nisi
552 2522 645 2557 Deo?
668 2521 827 2562 Attendis,
843 2525 907 2553 etc.
926 2532 942 2549 ιι
964 2537 1004 2543 -
1025 2519 1038 2544 3
1060 2531 1074 2553 1
1095 2522 1168 2554 Cor.
1186 2531 1231 2562 ιιι,
1255 2520 1304 2552 ι6.
