1867 3320
335 307 538 336 Errs'mLAE
571 309 626 336 AD
659 312 856 342 ROMAnos
889 316 1122 346 nxrostTio.
1366 317 1422 355 69

43 368 117 428 qui
133 369 354 413 seientiam
375 374 565 418 veritatis
587 378 769 436 accepit,
795 380 923 423 etiam
945 382 1186 441 baptizatus
1206 387 1421 449 intelliga-

42 447 126 482 tur.
142 438 238 482 Non
260 449 405 484 autem
422 444 561 488 omnis
581 445 824 505 baptizatus
847 451 976 494 etiam
993 454 1217 498 seientiam
1232 458 1422 505 veritatis

10 517 16 522 ·
41 508 204 567 accepit
218 544 228 564 ,
255 520 432 571 propter
450 515 742 573 quorumdam
765 521 1053 577 posteriorum
1078 536 1332 583 provectum
1353 530 1424 574 vel

0 1850 2 1908 i

0 1910 3 1950 ι

4 2301 8 2324 1

4 2331 9 2422 ἶ

5 2426 11 2513 ἰ

8 2520 11 2551 Ξ

9 2557 12 2577 ι

9 2584 12 2607 l

9 2616 13 2695 't

40 578 323 626 miserabilem
344 583 654 642 negligentiam
681 606 689 631 ε
717 597 759 631 et
783 599 929 635 tamen
948 592 1059 637 illud
1088 597 1348 643 sacrificium
1369 599 1424 645 de

43 663 129 708 quo
149 648 436 710 loquebatur,
462 654 506 698 id
528 664 606 710 est,
622 656 924 704 holocaustum
948 664 1149 721 Domini,
1175 667 1296 727 quod
1319 678 1424 715 tune

41 732 118 777 pro
140 734 407 782 unoquoque
428 724 612 769 offertur
632 727 824 786 quodam
846 731 995 788 modo,
1012 750 1112 779 cum
1136 738 1225 797 ejus
1247 741 1426 785 nomine

39 788 82 831 in
104 788 365 848 baptizando
387 793 604 851 signatur,
625 800 784 842 iterum
809 800 842 843 si
853 806 1102 860 peccaverit
1118 842 1134 862 ,
1165 809 1312 854 offerri
1334 827 1424 856 non

39 866 191 917 potest.
217 862 314 904 Non
337 863 450 906 enim
470 875 651 923 possunt
678 867 824 913 denuo
844 870 1051 931 baptizari
1069 877 1145 935 qui
1166 880 1299 924 semel
1315 881 1427 941 bap-

38 929 153 973 tizati
175 940 302 987 sunt,
338 935 535 992 quamvis
563 937 692 981 etiam
715 949 814 997 post
833 941 1100 1001 baptismum
1121 963 1198 1006 per
1218 950 1426 1008 ignoran-

34 999 139 1042 tiam
160 1001 351 1046 veritatis
376 1008 664 1062 peccaverint.
693 1011 758 1054 Ita
781 1011 858 1067 fit,
884 1023 949 1069 ut,
975 1017 1184 1075 quoniam
1207 1021 1298 1065 sine
1320 1023 1427 1083 bap-

36 1069 161 1113 tismo
194 1085 323 1116 nemo
362 1083 478 1118 reete
509 1075 671 1121 dieitur
703 1082 916 1141 accepisse
944 1086 1164 1133 scientiam
1202 1092 1422 1149 veritatis,
1483 1103 1486 1106 ’

36 1139 172 1183 omnis
207 1141 283 1199 qui
306 1144 474 1203 accepit
508 1160 601 1190 eam
621 1183 631 1202 ‚
658 1164 748 1194 non
781 1152 819 1194 ei
843 1152 1116 1214 relinquatur
1136 1175 1216 1218 pro
1238 1166 1424 1221 peccatis

34 1210 305 1266 sacrificium,
328 1213 411 1258 hoe
434 1224 497 1259 est
514 1251 525 1270 ‚
551 1232 640 1261 non
664 1220 797 1277 possit
819 1221 966 1269 denuo
990 1226 1199 1286 baptizari
1225 1251 1235 1276 :
1260 1248 1341 1277 nec
1359 1243 1425 1278 ta-

32 1292 132 1323 men
149 1282 289 1325 omnis
306 1284 382 1343 qui
405 1300 495 1329 non
517 1289 683 1347 accepit
705 1305 783 1348 per
805 1291 1050 1340 doctrinam
1072 1300 1293 1345 scientiam
1311 1306 1424 1348 veri-

32 1349 144 1399 tatis,
161 1349 317 1395 debeat
335 1354 534 1399 arbitrari
553 1373 677 1415 posse
692 1375 772 1418 pro
786 1377 829 1405 se
847 1362 956 1407 iilud
975 1366 1124 1410 offerri
1145 1371 1420 1429 sacrificium,

31 1420 65 1464 si
81 1422 173 1480 jam
195 1422 392 1468 oblatum
416 1436 505 1477 est3
544 1428 590 1472 id
622 1439 710 1485 est,
735 1432 768 1475 si
786 1434 877 1491 jam
900 1437 1091 1494 ejusdem
1120 1441 1310 1486 veritatis
1346 1460 1423 1504 per

30 1489 292 1549 baptismum
309 1507 575 1542 sacramenta
597 1502 814 1560 percepit,
840 1519 929 1548 non
952 1516 1095 1564 potest
1125 1508 1283 1557 iterum
1311 1514 1421 1574 bap-

30 1560 163 1604 tizari.
188 1565 413 1621 Tanquam
435 1567 469 1610 si
487 1566 728 1614 diceremus
747 1606 758 1625 ,
781 1587 957 1618 omnem
979 1577 1202 1624 hominem
1224 1599 1313 1628 non
1332 1601 1422 1631 esse

28 1626 357 1688 quadrupedem
375 1667 385 1686 ,
406 1647 496 1676 non
518 1635 616 1680 ideo
640 1648 789 1682 tamen
807 1657 938 1687 omne
960 1647 1119 1689 animal
1144 1653 1264 1708 quod
1287 1655 1419 1699 homo

28 1712 116 1742 non
138 1708 202 1743 est
218 1735 228 1754 ‚
253 1700 381 1745 etiam
403 1702 652 1763 quadrupes
675 1721 782 1751 esse.
809 1711 895 1753 Eos
918 1713 1032 1758 enim
1067 1718 1142 1776 qui
1159 1720 1249 1778 jam
1273 1722 1416 1783 bapti‹

27 1768 108 1811 zati
130 1768 309 1825 fuerint,
333 1773 475 1815 curari
497 1774 652 1819 melius
675 1775 858 1823 dicimus
881 1795 958 1839 per
980 1788 1301 1846 poenitentiam,
1329 1810 1415 1839 non

28 1839 252 1884 renovari:
279 1841 381 1900 quia
416 1845 638 1889 renovatio
672 1846 716 1889 in
757 1847 972 1908 baptismo
1006 1865 1084 1899 est.
1127 1859 1207 1902 Ubi
1236 1863 1414 1918 quidem

26 1918 229 1966 operatur
256 1911 513 1968 poenitentia
530 1948 541 1967 ‚
573 1913 648 1958 sed
684 1925 894 1976 tanquam
919 1921 963 1964 in
988 1921 1291 1976 fundamento.
1318 1937 1414 1978 Ma-

27 1986 155 2022 nente
181 1979 328 2039 itaque
350 1980 661 2038 fundamento,
698 1989 885 2032 recurari
919 1992 1153 2040 aedificium
1177 2011 1316 2058 potest
1346 2024 1353 2048 ;
1380 2008 1411 2049 si

27 2055 168 2090 autem
191 2047 528 2095 fundamentum
557 2054 711 2099 iterare
734 2057 830 2115 quis
860 2063 1046 2106 voluerit
1064 2100 1075 2118 ‚
1103 2076 1244 2112 totum
1269 2074 1410 2118 :editi-

26 2115 139 2160 cium
163 2117 386 2163 subvertat
405 2136 576 2166 necesse
599 2134 676 2168 est.
704 2129 936 2186 Propterea
955 2132 1038 2177 hoc
1056 2134 1162 2181 dicit
1188 2141 1380 2186 Heln-wis
1396 2182 1406 2198 ,

26 2186 100 2245 qui
121 2201 171 2229 ex
193 2189 314 2233 Novo
340 2192 614 2237 Testamento
640 2194 692 2238 ad
717 2198 1005 2245 sacerdotium
1031 2214 1153 2249 vetus
1175 2209 1410 2259 declinasse

27 2254 284 2300 videbantur
306 2279 314 2302 ;
345 2279 363 2300 «
395 2261 586 2321 Ideoque
604 2265 894 2324 remittentes,
922 2272 1090 2331 inquit,
1115 2277 1222 2322 initii
1247 2283 1405 2330 Christi

29 2341 49 2367 η
81 2327 260 2371 verbum
278 2363 288 2382 ‚
317 2329 359 2372 in
379 2336 795 2381 consummationem
811 2342 1109 2399 respiciamus,
1136 2364 1224 2394 non
1247 2353 1402 2400 iterum

29 2410 49 2435 ι
75 2396 280 2454 jacientes
295 2398 633 2448 fundamentum
654 2409 922 2465 poenitentiae
945 2429 966 2456 a
984 2420 1163 2462 mortuis
1181 2425 1402 2483 operibus,

29 2481 48 2504 »
81 2475 123 2510 ct
146 2467 245 2511 fidei
269 2470 310 2512 in
330 2474 480 2526 Deum,
500 2473 656 2519 lavacri
679 2477 902 2535 doetrinae,
924 2484 1207 2543 impositionis
1232 2510 1400 2548 manus,

28 2550 48 2574 ν)
82 2541 404 2586 resurrectionis
427 2544 554 2589 etiam
580 2557 850 2594 mortuorum
870 2588 880 2603 ‚
907 2564 947 2597 ct
964 2556 1114 2614 judicii
1141 2567 1288 2608 wien-ni
1315 2571 1320 2591 ¹

73 2625 81 2642 ¹
104 2622 196 2655 lli-br.
217 2634 261 2659 vt,
282 2636 309 2666 ι,
330 2635 359 2658 ν..

1333 2603 1339 2609 ,
1382 2589 1399 2606 >D

12 2750 16 2850 ἱ

13 2855 18 2918 t

0 2958 20 3062 *i

16 3069 71 3159 ².
