1924 3309
512 309 592 348 198
951 317 986 349 s.
1021 317 1255 350 mausum
1287 318 1470 362 emscom

509 387 683 431 ventem
704 387 900 431 membra
919 422 929 444 ,
954 388 1025 433 vix
1046 395 1296 432 moventem
1316 385 1529 445 linguam,
1554 383 1690 429 lassus
1709 384 1790 429 iste
1811 383 1878 440 dia

510 456 662 501 bolum
688 457 837 503 vincit.
875 457 1002 503 Multi
1031 457 1230 502 coronati
1251 465 1354 502 sunt
1373 457 1420 501 in
1442 456 1764 516 amphitheatro
1785 470 1881 516 pug,

510 538 663 573 nantes
682 529 735 573 ad
762 530 918 574 bestias
941 548 949 574 :
981 529 1108 574 multi
1130 530 1175 573 in
1198 528 1313 574 lecto
1333 529 1556 572 vincentes
1578 526 1806 577 diabolum
1824 536 1898 578 co.

509 609 722 645 ronantur
740 620 747 645 :
766 601 971 644 videntur
990 616 1080 644 non
1096 615 1139 644 se
1161 615 1335 644 movere
1357 614 1497 659 posse,
1514 608 1557 643 et
1577 599 1694 643 intus
1709 599 1755 642 in
1772 613 1864 643 cor
1883 618 1894 639 ·.

508 680 651 716 tantas
673 672 786 715 vires
803 672 984 726 habent,
1001 679 1166 715 tantam
1190 684 1381 730 pugnam
1406 677 1621 715 exercent.
1637 668 1723 714 Sed
1743 668 1820 713 ubi
1847 688 1894 709 >m

509 742 682 788 occulta
703 757 873 802 pugna,
898 741 961 786 ibi
983 741 1155 786 occulta
1183 740 1378 785 victoria.
1865 742 1876 770 ’-

569 815 796 858 XXXVII.
824 817 963 867 Quare
982 814 1063 858 ista
1085 813 1288 867 diximus,
1313 811 1498 855 fratres?
1517 813 1575 855 Ut
1596 810 1774 871 quando
1795 808 1884 861 cele

511 885 646 929 bratis
669 884 861 930 natalitia
894 887 1138 942 Martyrum
1157 919 1168 939 ‚
1203 882 1431 927 imitemini
1452 885 1690 940 Martyres3
1715 896 1796 926 nec
1821 896 1880 941 pu

511 956 608 1000 tetis
628 955 727 1000 ideo
749 955 871 1000 vobis
885 955 1032 1000 deesse
1046 970 1169 1015 posse
1189 954 1434 999 occasiones
1449 968 1638 1008 coronae,
1654 952 1756 1012 quia
1773 965 1844 996 mo
1863 998 1868 1004 ,
1883 972 1904 1000 ς

511 1027 673 1071 desunt
696 1026 803 1071 tales
825 1027 1162 1086 persecutiones.
1187 1028 1276 1071 Nec
1298 1024 1430 1069 modo
1463 1023 1579 1068 enim
1611 1022 1770 1067 desunt
1791 1036 1905 1082 quo·

510 1097 617 1142 tidie
634 1098 955 1157 persecutiones
978 1113 1001 1141 a
1024 1096 1223 1152 diabolo,
1249 1097 1337 1141 sive
1354 1111 1431 1156 per
1448 1094 1768 1154 suggestionem
1785 1127 1796 1148 ‚
1816 1088 1905 1149 sivi

510 1182 586 1227 per
603 1166 820 1212 molestias
844 1167 1010 1228 aliquas
1033 1167 1240 1227 corporis.
1269 1169 1334 1211 Tu
1356 1175 1530 1210 tantum
1552 1165 1658 1209 scito
1680 1173 1723 1208 te
1745 1163 1906 1235 habal

513 1241 849 1297 Imperatorem,
888 1238 991 1298 quia
1020 1239 1111 1298 jam
1144 1237 1361 1297 praecessit
1392 1238 1438 1280 in
1459 1235 1621 1280 eoelum
1647 1253 1656 1279 ι
1683 1233 1806 1279 dedit
1827 1232 1917 1317 tib,

512 1309 628 1353 viam
659 1324 747 1369 qua
781 1309 973 1369 sequaris
993 1344 1004 1361 ‚
1031 1318 1176 1353 tenete
1198 1308 1253 1353 ad
1275 1308 1415 1353 illum.
1441 1307 1567 1363 Noli,
1590 1321 1692 1351 cum
1724 1304 1874 1356 viceris
1894 1318 1924 1368 f·

513 1396 591 1440 per
619 1380 866 1442 superbiam
892 1380 971 1424 tibi
994 1380 1184 1424 tribuere
1201 1415 1212 1435 ,
1244 1380 1367 1440 quasi
1388 1378 1443 1422 de
1463 1377 1630 1423 viribus
1664 1376 1750 1421 tuis
1769 1375 1885 1434 lucta
1902 1405 1917 1432 1„-

1901 1423 1918 1464 μ’

516 1461 586 1496 tus
603 1450 736 1495 fueris
754 1470 762 1496 z
778 1451 853 1495 sed
869 1465 1085 1511 praesume
1107 1450 1161 1495 de
1178 1466 1230 1495 eo
1247 1451 1322 1511 qui
1344 1449 1465 1494 dedit
1486 1449 1613 1503 vires,
1630 1456 1678 1492 ut
1698 1447 1894 1502 vinceres·
1911 1487 1913 1491 Α

1901 852 1910 970 —a—r-vv
1896 420 1913 842 —aeaeuefiwtvssvm-r-:xm-
1901 393 1911 410 v
1913 358 1915 363 ,

514 1593 619 1638 hinc
636 1592 748 1637 exies
768 1627 780 1648 ‚
804 1592 839 1637 si
861 1607 1011 1638 omnes
1034 1592 1296 1637 tentationes
1318 1590 1482 1636 diaboli
1503 1589 1775 1649 superaveris
1794 1590 1825 1633 ¹.

494 1733 500 1737 ,
568 1709 577 1724 ¹
599 1704 691 1734 Joan.
712 1713 780 1743 xvx,
800 1700 853 1733 33.
