1867 3320
326 221 465 250 senno
497 223 649 262 xxxvi,
685 226 729 252 m
762 227 1005 255 Pitovzmzns
1036 228 1282 260 SALonoms.
1408 224 1485 265 471

121 289 268 343 domo,
294 287 523 332 incolumis
541 288 757 334 habitator
779 290 980 346 abscedo,
1005 302 1048 337 et
1069 293 1124 338 ad
1144 295 1267 340 illum
1289 300 1358 343 cui
1372 316 1493 346 servo

122 359 252 404 fidem
273 372 448 403 securus
462 358 608 409 exibo,
628 369 671 403 et
694 369 735 404 te
752 360 936 420 amphus
957 377 1046 406 non
1058 364 1232 410 timebo.
1252 368 1360 413 Vide
1377 372 1491 415 enim

120 429 230 490 quid
251 423 454 482 minaris,
499 438 549 473 ut
589 428 745 474 falsum
782 432 1078 476 testimonium
1105 434 1277 482 dicam:
1312 450 1493 486 mortem

122 500 296 545 minaris
313 533 324 554 ,
361 499 438 543 sed
465 500 672 559 corporis.
699 500 800 546 Plus
828 517 909 560 ego
935 517 1036 546 eum
1058 503 1213 560 timeo,
1258 508 1332 566 qui
1353 509 1456 555 dixit
1482 531 1493 556 ι

123 590 144 614 «
179 572 237 615 Os
254 569 376 630 quod
392 570 617 626 mentitur,
643 572 801 616 occidit
821 573 1050 617 animam¹.
1076 592 1096 615 »
1117 575 1190 619 His
1212 576 1367 623 divitiis
1384 581 1497 626 intus

121 643 275 703 plenus
313 651 356 687 et
390 642 578 702 opimus,
621 641 720 686 talia
747 643 930 688 minanti
952 644 1022 688 vel
1048 644 1224 690 meliora
1251 651 1493 708 respondet.

125 732 146 756 «
181 717 351 773 Pauper
372 722 519 758 autern
540 728 630 757 non
651 714 805 758 suffert
819 715 971 760 minas.
1000 734 1019 756 »

177 786 258 828 XI.
297 784 437 829 Simus
470 798 573 843 ergo
600 784 774 841 divites,
811 795 853 829 et
890 786 1116 831 timeamus
1155 802 1242 832 esse
1273 804 1494 850 pauperes.

119 858 374 909 Quaeramus
399 863 545 899 autem
567 855 739 915 impleri
760 872 834 901 cor
857 866 1054 901 nostrum
1075 857 1232 903 divitiis
1259 860 1311 904 ab
1329 860 1402 906 illo
1424 864 1498 922 qui

117 941 220 970 vere
241 925 362 970 dives
385 934 462 970 est.
498 929 555 970 Et
575 927 609 970 si
628 927 741 972 forte
769 928 1066 988 unusquisque
1088 939 1278 974 vestrum
1299 932 1427 976 intrat
1455 934 1499 976 in

117 1011 192 1041 cor
217 1011 368 1050 suum,
413 1004 456 1039 et
477 996 566 1040 illic
596 995 766 1040 divitias
795 998 892 1042 istas
927 1013 1017 1042 non
1048 998 1240 1054 invenit,
1277 1000 1418 1059 pulset
1446 1002 1500 1046 ad

117 1066 298 1111 divitem
318 1066 419 1111 :fiat
442 1074 542 1110 ante
560 1067 738 1126 januam
761 1066 875 1110 illius
889 1067 984 1126 pius
1006 1067 1250 1124 mendicus,
1287 1079 1335 1114 ut
1350 1072 1403 1114 sit
1424 1071 1497 1115 illo

116 1136 308 1182 donante
330 1136 448 1181 dives
467 1135 687 1196 impletus.
715 1139 771 1180 Et
802 1152 916 1192 vere,
944 1136 1094 1182 fratres
1124 1140 1229 1194 mei,
1269 1150 1497 1200 pauperta-

115 1216 204 1251 tem
221 1215 437 1262 nostram‚
463 1215 694 1265 egestatem
730 1215 921 1251 nostram
952 1207 1159 1253 debemus
1192 1211 1372 1255 Domino
1407 1214 1495 1256 Deo

116 1287 266 1322 nostro
290 1278 502 1323 confiteri.
538 1280 661 1322 Hanc
684 1278 975 1322 confitebatur
997 1279 1273 1335 Publicanus,
1313 1282 1389 1340 qui
1416 1297 1494 1325 nec

118 1348 268 1394 oculos
282 1348 337 1393 ad
357 1348 519 1393 coelum
544 1348 733 1393 audebat
747 1348 927 1393 levare2.
949 1352 1043 1394 Non
1056 1351 1169 1394 enim
1187 1351 1372 1396 habebat
1393 1368 1492 1396 cum

113 1435 201 1481 qua
222 1419 463 1463 substantia
484 1418 649 1463 levaret
670 1419 819 1464 oculos
833 1435 931 1464 suos
948 1421 1078 1464 homo
1107 1430 1318 1480 peccator.
1346 1426 1496 1466 Atten-

114 1490 248 1535 debat
282 1489 340 1534 ad
370 1490 623 1535 inanitatem
659 1505 779 1534 suam
813 1510 822 1535 2
855 1489 930 1536 sed
973 1490 1287 1551 plenitudinem
1325 1494 1491 1536 Domini

112 1561 424 1620 cognoscebat,
463 1570 642 1605 noverat
679 1577 723 1605 se
760 1561 814 1606 ad
851 1560 1016 1606 fontem
1055 1562 1219 1607 venisse
1262 1563 1491 1607 sitientem.

113 1631 265 1677 Aridas
297 1631 444 1677 fauces
465 1630 746 1686 ostendebat,
779 1632 850 1691 pie
870 1632 1006 1675 ubera
1028 1631 1246 1691 implenda
1266 1632 1490 1692 pulsabat:

115 1703 362 1757 «Domine,
400 1703 564 1763 inquit,
608 1702 792 1746 tundens
821 1711 994 1761 pectus,
1029 1702 1175 1746 oculos
1208 1704 1410 1763 dejiciens
1448 1706 1491 1748 in

113 1792 134 1816 »
150 1784 327 1829 terram,
338 1774 551 1834 propitius
566 1784 657 1819 esto
669 1774 775 1818 mihi
790 1773 1051 1833 peccatori.»
1067 1773 1169 1818 Dico
1184 1789 1280 1833 ego,
1292 1776 1391 1834 quia
1402 1777 1487 1835 jam

109 1861 164 1890 ex
176 1845 320 1905 aliqua
334 1853 456 1904 parte
480 1843 598 1888 dives
620 1853 733 1898 erat,
759 1845 866 1888 dum
883 1844 959 1888 ista
992 1845 1210 1903 cogitabat
1235 1854 1278 1888 et
1297 1846 1490 1904 petebat.

109 1917 217 1962 Nam
240 1915 274 1959 si
291 1914 434 1959 adhuc
452 1915 571 1959 omni
594 1913 725 1959 modo
747 1929 912 1973 pauper
933 1923 1024 1958 erat
1038 1950 1049 1969 ,
1067 1914 1193 1974 hujus
1213 1915 1489 1961 confessionis

109 2001 302 2045 gemmas
340 1986 457 2029 unde
498 1984 772 2044 proferebat?
809 1986 894 2029 Sed
928 1993 1073 2029 tamen
1112 1985 1401 2030 abundantior
1446 1997 1486 2031 et

108 2055 278 2117 plenior
299 2056 354 2100 de
376 2054 540 2114 templo
562 2054 786 2100 descendit
811 2055 1087 2115 justificatus.
1116 2054 1192 2098 Ille
1213 2065 1356 2100 autem
1377 2058 1489 2100 Pha—

110 2129 255 2172 risaeus
284 2127 338 2172 ad
370 2128 608 2172 orationem
642 2126 857 2181 ascendit,
883 2136 926 2171 et
947 2127 1054 2171 nihil
1087 2128 1264 2185 rogavit.
1291 2131 1488 2172 «Ascen-

114 2217 134 2241 »
159 2197 336 2254 derunt,
358 2199 523 2259 inquit,
549 2197 605 2242 ad
623 2197 833 2258 templum
847 2214 982 2243 orare.
1003 2217 1021 2239 »
1046 2201 1128 2241 lste
1153 2207 1288 2255 rogat,
1314 2197 1385 2242 ille
1403 2214 1491 2243 non

111 2279 250 2329 rogat.
291 2270 375 2315 Sed
402 2269 475 2313 ille
507 2268 624 2313 unde
646 2269 770 2313 orat?
792 2288 811 2311 «
840 2271 948 2314 Sunt
968 2270 1041 2328 qui
1075 2283 1118 2311 se
1147 2268 1298 2312 divites
1319 2278 1489 2328 putant,

112 2359 133 2383 n
159 2341 268 2385 nihil
284 2341 509 2386 habentes.
523 2340 723 2394 Domine,
742 2340 899 2400 inquit,
919 2339 1072 2398 gratias
1088 2339 1162 2382 tibi
1181 2354 1277 2397 ago,
1292 2339 1390 2398 quia
1406 2355 1491 2383 non

114 2430 135 2454 »
155 2427 249 2456 sum
268 2412 381 2456 sicut
398 2411 542 2456 cfctcri
573 2410 787 2464 homines,
813 2411 980 2469 injusti,
1005 2419 1210 2468 raptores,
1230 2409 1428 2463 adulteri,
1445 2410 1495 2452 si-

115 2501 136 2526 »
162 2491 238 2527 cut
257 2483 385 2526 ctiam
405 2482 473 2525 hic
492 2480 768 2525 Publicanus.
784 2483 938 2540 Jejuno
953 2481 1012 2523 bis
1036 2482 1077 2524 in
1095 2480 1289 2528 sabbato,
1309 2479 1491 2523 decimas

159 2575 167 2592 ¹
195 2570 267 2609 Sap.
290 2579 312 2608 ι,
337 2578 386 2600 ιι.
410 2584 450 2589 -—-
473 2573 483 2589 ²
510 2568 587 2599 Luc.
606 2576 693 2607 xvnu,
720 2568 769 2600 13.
