1924 3309
438 258 521 299 106
873 267 907 298 s.
942 268 1173 301 „mensum
1204 272 1386 302 EPISCOPI

435 333 555 395 quasi
578 335 819 379 naturalem
841 351 884 380 se
901 337 1128 397 jactabant
1150 339 1312 383 habere
1330 339 1541 400 justitiam
1555 373 1566 392 ‚
1602 348 1645 383 et
1665 340 1819 386 merita

435 425 510 454 sua
531 409 575 453 in
598 409 924 454 circumcisione
946 411 1108 454 caeteris
1133 412 1334 469 gentibus
1357 422 1481 456 tanto
1510 412 1814 471 perniciosius,

433 490 600 541 quanto
621 480 889 537 arrogantius
910 480 1213 539 praeferebant.
1241 483 1402 525 Gentes
1427 492 1571 526 autem
1613 481 1819 526 facillime

434 550 565 594 etiam
588 550 677 595 sine
690 551 936 610 hujusmodi
959 551 1082 608 Legis
1103 552 1441 610 transgressione
1464 553 1815 596 humiliarentur.
1878 592 1880 595 .

437 620 645 666 Homines
667 622 781 665 enim
801 621 965 664 nullam
989 636 1040 664 ex
1063 623 1314 679 parentibus
1342 622 1553 679 originem
1575 623 1755 682 justitiae
1777 638 1820 667 se

434 692 605 736 trahere
635 690 947 750 praeviclente8‚
974 692 1307 736 simulacrorum
1329 693 1458 736 etiam
1492 708 1635 737 servos
1655 694 1822 737 invenit

435 761 696 820 Evangelica
722 762 870 820 gratia.
892 764 990 806 Non
1023 763 1162 817 enim,
1193 763 1304 807 sicut
1325 763 1415 807 istis
1434 762 1519 807 dici
1541 772 1711 821 poterat
1731 778 1822 807 non

433 830 565 876 fuisse
585 831 702 877 illam
721 832 935 892 justitiam
957 842 1188 892 parentum
1212 848 1363 877 eorum
1386 834 1430 877 in
1451 833 1642 877 colendis
1664 833 1790 877 idolis
1807 867 1819 889 ‚

433 917 567 960 quam
589 917 679 948 esse
709 902 1060 958 arbitrabantur,
1104 904 1162 947 ita
1185 903 1316 947 etiam
1338 903 1502 947 Judaeis
1535 904 1621 947 dici
1653 912 1823 962 poterat

433 971 587 1017 falsam
619 971 750 1016 fuisse
774 973 986 1032 justitiam
1010 974 1140 1033 patris
1161 974 1397 1018 Abraham.
1429 977 1583 1034 Itaque
1604 972 1689 1018 illis
1710 974 1821 1018 dici-

434 1052 537 1088 tur:
567 1062 587 1085 «
614 1045 760 1089 Facite
788 1060 891 1103 ergo
917 1043 1112 1089 fructum
1142 1045 1323 1103 dignum
1344 1045 1615 1104 poenitentiae
1653 1063 1662 1089 :
1701 1053 1744 1088 et
1766 1059 1823 1088 ne
1888 1053 1898 1106 ἐ]

439 1130 460 1154 »
495 1112 689 1158 dixeritis
710 1113 834 1158 vobis
853 1149 865 1169 ,
890 1118 1058 1159 Patrem
1079 1116 1289 1160 habemus
1311 1116 1545 1160 Abraham.
1574 1118 1732 1158 Potens
1759 1123 1823 1159 est

435 1201 456 1225 »
492 1187 607 1228 enim
626 1187 738 1228 Deus
755 1183 810 1228 de
827 1184 1045 1244 lapidibus
1062 1186 1150 1229 istis
1168 1186 1373 1230 suscitare
1389 1186 1500 1230 filios
1514 1185 1777 1230 Abraham1.
1798 1202 1818 1226 n

434 1254 530 1298 Istis
552 1263 699 1298 autem
719 1255 879 1299 dicitur
904 1271 912 1296 :
945 1274 965 1297 «
992 1259 1174 1315 Propter
1200 1256 1321 1316 quod
1338 1271 1550 1299 memores
1567 1255 1687 1309 estis,
1719 1255 1823 1314 quia

436 1342 456 1366 »
492 1340 568 1368 vos
586 1324 822 1385 aliquando
840 1327 998 1369 Gentes
1012 1325 1056 1370 in
1072 1341 1217 1380 carne,
1233 1326 1309 1385 qui
1326 1325 1521 1369 dicimini
1537 1326 1819 1384 praeputium‘

436 1413 456 1436 »
492 1396 547 1439 ab
575 1411 623 1439 ea
654 1412 754 1455 quae
776 1396 936 1440 dicitur
958 1397 1229 1440 circumcisio
1254 1397 1300 1440 in
1331 1411 1461 1440 carne
1477 1430 1488 1449 ‚
1525 1411 1657 1439 manu
1681 1394 1819 1451 facta,

492 1466 568 1525 qui
590 1466 716 1510 eratis
734 1465 809 1510 illo
831 1476 1025 1525 tempore
1046 1467 1136 1510 sine
1158 1467 1353 1520 Christo,
1379 1465 1552 1510 alienati
1575 1482 1598 1509 a
1620 1466 1822 1509 societate

438 1554 458 1577 »
495 1535 642 1589 lsrael,
668 1545 710 1579 et
740 1536 954 1595 peregrini
978 1545 1359 1591 testamentorum,
1385 1536 1679 1595 promissionis
1701 1551 1822 1595 spem

437 1624 457 1647 ι)
494 1622 583 1649 non
606 1606 838 1661 habentes,
874 1615 917 1650 et
933 1606 1024 1650 sine
1048 1610 1137 1650 Deo
1160 1607 1202 1649 in
1226 1607 1309 1650 hoc
1333 1605 1543 1649 mundo2.
1570 1624 1590 1646 ι)
1626 1607 1823 1665 Denique

435 1674 522 1720 illic
537 1674 732 1720 infideles
748 1675 802 1719 de
821 1676 933 1720 oliva
947 1692 1023 1722 sua
1040 1676 1181 1730 fracti,
1194 1676 1264 1719 hie
1278 1685 1424 1719 autem
1442 1675 1590 1719 fideles
1610 1675 1665 1720 de
1682 1676 1821 1720 oleas-

435 1754 503 1789 tro
523 1745 568 1789 in
590 1745 747 1789 olivam
767 1745 942 1789 illorum
972 1746 1120 1789 inserti
1143 1761 1234 1789 esse
1261 1754 1557 1789 monstrantur
1576 1747 1609 1789 ³.
1640 1746 1821 1790 Illorum

435 1831 537 1875 ergo
555 1825 647 1860 erat
666 1815 720 1859 de
738 1816 864 1874 Legis
886 1818 1222 1875 transgressione
1244 1815 1467 1861 atterenda
1505 1816 1721 1875 superbia.
1753 1817 1820 1862 Si-

434 1897 509 1931 cut
526 1886 581 1930 ad
605 1890 822 1930 Romanos
841 1902 941 1930 cum
967 1887 1286 1946 Scripturarum
1309 1887 1451 1932 verbis
1470 1896 1645 1945 peccata
1669 1902 1821 1932 eorum

434 1967 726 2016 exaggerasset
752 1975 760 1999 :
787 1977 806 1999 «
834 1957 956 2001 Scitis
977 1967 1121 2001 autem
1139 1993 1149 2011 ‚
1170 1957 1333 2017 inquit,
1359 1958 1567 2017 quoniam
1591 1973 1820 2018 quaecum-

437 2046 458 2070 »
493 2044 579 2088 que
597 2031 682 2071 Lex
705 2027 831 2082 dicit,
855 2027 919 2071 his
941 2028 1017 2086 qui
1041 2028 1085 2071 in
1106 2031 1221 2086 Lege
1242 2036 1342 2071 sunt
1373 2027 1595 2086 loquitur,
1622 2037 1671 2072 ut
1693 2043 1820 2072 omne

438 2117 458 2139 »
494 2099 767 2152 obstruatur,
787 2106 829 2140 et
853 2113 948 2141 reus
971 2098 1046 2140 fiat
1076 2098 1215 2141 omnis
1238 2096 1429 2140 mundus
1456 2100 1542 2140 Deo
1558 2098 1574 2122 4
1596 2117 1605 2142 ε
1634 2116 1655 2139 ι)
1679 2098 1821 2142 Judaei

434 2168 597 2213 scilicet
630 2168 684 2212 de
716 2168 1052 2225 transgressione
1074 2169 1224 2226 Legis,
1257 2176 1298 2210 et
1319 2168 1478 2210 Gentes
1506 2166 1561 2211 de
1595 2167 1823 2227 impietate

434 2239 525 2283 sine
546 2241 676 2297 Lege.
705 2237 829 2283 Unde
865 2247 908 2281 et
942 2239 1097 2282 iterum
1126 2238 1184 2281 ait
1211 2257 1220 2282 :
1257 2256 1277 2279 «
1303 2236 1528 2280 Conclusit
1564 2238 1683 2281 enim
1707 2241 1819 2283 Deus

438 2327 459 2350 »
495 2310 637 2352 omnia
659 2309 704 2352 in
735 2308 1115 2363 incredulitatem,
1155 2316 1205 2351 ut
1236 2307 1440 2351 omnibus
1472 2307 1764 2351 misereatui-⁵.
1794 2325 1815 2349 »

436 2381 530 2423 Hoc
547 2388 590 2422 et
614 2394 730 2422 nunc
745 2378 864 2431 dicit,
885 2379 1091 2422 retricans
1113 2379 1246 2437 ipsam
1267 2377 1552 2435 quaestionem
1575 2396 1594 2419 «
1613 2381 1700 2421 Lex
1717 2393 1820 2437 ergo

440 2466 460 2489 »
495 2449 700 2492 adversus
721 2450 928 2507 promissa
954 2449 1064 2492 Dei?
1092 2449 1217 2492 absit.
1260 2448 1301 2492 Si
1323 2447 1438 2490 enim
1468 2447 1568 2491 data
1599 2457 1709 2492 esset
1732 2451 1819 2493 Lex

437 1483 448 1505 )

448 1483 457 1505 υ

501 2552 509 2567 ¹
534 2545 652 2577 Matth.
673 2556 720 2584 ιιι,
739 2547 773 2585 8,
790 2556 823 2587 9.
856 2562 897 2569 —-
921 2553 933 2568 ²
952 2546 1066 2588 EpheS.
1085 2557 1119 2587 ιι,
1150 2556 1201 2586 ιι,
1218 2549 1282 2577 ete.
1304 2560 1345 2568 —-
1363 2541 1377 2566 3
1398 2546 1491 2576 Rom.
1517 2554 1563 2582 xr,
1588 2553 1639 2585 17.
1674 2561 1715 2567 -
1733 2544 1749 2575 4
1769 2546 1816 2577 ld.

437 2611 484 2642 ni,
506 2611 615 2643 19.-
640 2599 717 2633 51d.
740 2610 786 2641 xi,
801 2600 855 2632 32.
