1867 3320
385 269 523 298 SERMO
555 270 627 307 lx,
662 270 717 296 DE
749 269 889 296 DECEM
921 266 1113 295 cuonms.
1355 255 1440 296 249

65 337 133 382 Ad
149 351 319 380 servum
338 350 482 378 meum
497 349 562 378 eo.
581 333 711 388 Dicis,
731 335 828 379 Non
850 342 912 376 est
929 347 1035 375 uxor
1058 332 1218 385 aliena,
1236 332 1289 376 ad
1308 348 1440 392 quam

65 406 190 452 vado.
219 405 443 465 Numquid
459 407 520 450 w‘s
543 405 712 449 dicatur
734 404 813 448 tibi
829 439 839 458 ‚
863 405 961 449 Non
984 411 1046 446 est
1076 402 1141 445 vir
1171 402 1334 446 alienus
1349 439 1359 457 ‚
1385 404 1438 449 ad

63 490 194 536 quem
215 474 353 519 vado?
367 475 491 519 Absit
512 484 562 518 ut
579 473 695 518 dicat
716 474 800 518 hoc
821 472 908 517 illa.
925 471 1080 517 Melius
1102 470 1216 514 enim
1239 471 1356 515 dolet
1379 482 1437 527 te,

63 560 194 606 quam
212 545 407 589 imitatur
427 555 482 589 te.
502 545 583 589 Illa
605 545 720 588 enim
737 553 852 588 casta
869 552 911 587 et
927 551 1071 586 sancta
1085 540 1267 585 foemina
1285 550 1327 584 et
1342 557 1441 586 vere

62 618 93 662 C
101 616 319 670 hristiana‚
332 631 431 676 quae
442 616 561 660 dolet
572 615 860 660 fornicantem
867 615 1025 669 virum,
1036 622 1079 657 et
1086 628 1176 657 non
1188 610 1307 656 dolet
1317 628 1442 672 prop-

61 695 126 731 ter
142 701 332 741 carnem,
344 686 419 731 sed
431 685 548 731 dolet
563 695 739 745 propter
751 685 1004 730 charitatem
1016 704 1027 740 3
1039 698 1129 727 non
1139 681 1238 726 ideo
1252 681 1444 726 nonvult

60 765 109 800 ut
131 755 275 810 facias,
292 756 394 815 quia
410 765 452 800 et
471 756 561 815 ipsa
583 771 673 800 non
695 755 797 799 facit
809 789 820 810 ,
838 754 912 812 sed
929 755 1028 814 quia
1046 753 1127 798 tibi
1144 768 1234 797 non
1251 751 1439 811 expedit.

59 828 167 871 Nam
180 825 212 869 si
223 834 450 885 propterea
463 841 550 870 non
565 826 686 880 facit,
697 834 747 869 ut
759 833 809 868 tu
819 839 906 868 non
917 823 1063 881 facias3
1074 823 1105 867 si
1119 822 1285 877 feceris,
1297 820 1439 865 saciet.

62 896 102 941 Si
117 905 261 939 autem
277 899 366 940 Deo
382 895 492 940 illud
510 895 681 950 debeat,
704 895 739 939 si
759 895 930 940 Christo
951 893 1062 938 illud
1083 894 1242 937 debeat
1257 891 1378 952 quod
1395 901 1444 935 tu

59 966 205 1024 exigis,
226 975 268 1010 et
290 966 388 1010 ideo
409 965 583 1021 reddat,
601 966 702 1025 quia
719 965 846 1024 jubet
866 964 964 1021 ille3
985 974 1029 1008 et
1049 965 1082 1008 si
1100 964 1341 1008 fornicatur
1359 963 1439 1016 vir,

58 1036 298 1080 castitatem
317 1035 497 1080 foemina
510 1035 581 1079 illa
595 1039 684 1080 Deo
699 1035 886 1079 exhibet.
908 1034 1105 1079 Christus
1118 1034 1232 1077 enim
1248 1033 1442 1092 loquitur

58 1105 103 1148 in
121 1105 325 1150 cordibus
347 1105 578 1161 bonarum,
597 1105 894 1159 foeminarum,
920 1104 1115 1164 loquitur
1131 1104 1248 1147 intus
1262 1103 1339 1146 ubi
1353 1117 1443 1147 non

60 1173 182 1219 audit
203 1175 291 1229 vir,
317 1176 419 1235 quia
441 1191 522 1220 nec
544 1176 700 1234 dignus
718 1184 780 1220 est
801 1210 811 1230 ,
832 1176 865 1218 si
883 1175 978 1219 talis
1000 1184 1064 1219 est
1089 1194 1098 1219 ε
1122 1173 1318 1234 loquitur
1339 1188 1442 1230 ergo

57 1243 131 1287 ille
148 1244 342 1299 interius,
359 1254 403 1288 et
422 1245 543 1299 dicit,
563 1254 606 1288 et
626 1245 759 1288 filiam
777 1259 898 1288 suam
921 1243 1173 1288 consolatur
1191 1242 1442 1302 hujusmodi

57 1314 200 1358 verbis
219 1333 228 1359 ε
253 1317 315 1358 De
329 1315 496 1374 injuriis
517 1315 599 1359 viri
617 1314 680 1358 tui
702 1315 938 1374 torqueris,
963 1315 1071 1374 quid
1088 1314 1165 1357 tibi
1182 1314 1298 1357 enim
1312 1311 1442 1356 fecit?

59 1382 194 1440 Dole3
218 1384 293 1428 sed
315 1385 458 1443 ipsum
480 1384 570 1429 noli
588 1385 767 1439 imitari,
798 1394 846 1428 ut
869 1383 981 1428 male
1007 1383 1135 1427 facias
1152 1418 1162 1438 ‚
1189 1382 1264 1427 sed
1285 1383 1375 1441 ipse
1398 1391 1441 1426 te

67 1452 270 1497 imitetur
292 1455 473 1499 inbono.
493 1457 602 1499 Nam
624 1455 669 1497 in
699 1469 751 1497 eo
779 1453 899 1513 quod
934 1453 1046 1497 male
1075 1452 1196 1507 facit,
1228 1452 1318 1497 noli
1340 1467 1439 1495 eum

57 1532 210 1583 putare
230 1533 363 1583 caput
384 1534 510 1569 tuum
527 1559 538 1579 ,
561 1523 636 1568 sed
657 1539 725 1567 me
749 1527 887 1568 Deum
911 1533 1050 1568 tuum.
1071 1526 1181 1568 Nam
1203 1523 1237 1567 si
1258 1532 1301 1567 et
1322 1523 1367 1566 in
1389 1538 1440 1568 eo

57 1593 176 1654 quod
197 1593 311 1638 male
328 1594 430 1640 facit
451 1603 582 1654 caput
605 1603 693 1649 est,
721 1604 764 1638 et
785 1603 1035 1638 secuturum
1054 1602 1117 1638 est
1134 1609 1291 1652 corpus
1309 1603 1440 1652 caput

56 1678 183 1708 suum
203 1685 214 1721 3
239 1673 345 1708 eunt
378 1665 507 1709 ambo
533 1679 608 1723 per
630 1679 836 1723 praeceps.
860 1667 916 1708 Ut
937 1673 1082 1708 autem
1119 1678 1208 1707 non
1234 1672 1440 1721 sequatur

57 1733 219 1777 malum
242 1744 374 1794 caput
403 1750 530 1779 suum
548 1770 558 1789 ,
585 1743 732 1779 teneat
769 1749 813 1778 se
831 1734 886 1777 ad
908 1742 1039 1792 caput
1066 1732 1268 1777 Ecclesiae
1291 1733 1437 1777 Chris-

56 1812 150 1847 tum
179 1823 186 1847 :
208 1804 310 1848 huic
333 1804 496 1848 debens
518 1806 755 1848 castitatem
779 1819 924 1856 suam,
949 1804 1051 1847 huic
1078 1803 1276 1847 deferens
1297 1804 1438 1846 bono—

57 1887 146 1917 rem
168 1887 295 1916 suum
312 1907 323 1927 ‚
348 1873 500 1916 absens
522 1874 577 1917 sit
610 1874 674 1917 vir
691 1908 701 1928 ,
732 1888 920 1932 praesens
955 1875 1008 1917 sit
1043 1875 1131 1927 vir,
1164 1889 1253 1918 non
1289 1884 1439 1932 peccat

56 1942 126 1987 illa
147 1964 157 1999 3
184 1944 285 2002 quia
311 1958 538 2002 nunquam
561 1952 624 1986 est
657 1944 826 1997 absenS,
853 1944 923 1985 cui
946 1944 1078 1987 debet
1095 1953 1144 1987 ut
1163 1959 1250 1988 non
1268 1954 1432 2002 peccet.

112 2016 217 2057 XII.
244 2015 346 2056 Haec
370 2027 473 2070 crgo
496 2012 648 2056 fratres
670 2013 754 2055 mei
778 2012 904 2055 facite
923 2047 934 2066 ‚
974 2021 1022 2055 ut
1054 2014 1223 2070 possitis
1252 2028 1435 2058 coneor-

55 2082 156 2126 dare
188 2097 288 2126 cum
324 2082 581 2126 adversario.
609 2085 695 2126 Nec
725 2097 866 2125 amara
889 2090 989 2125 sunt
1022 2097 1121 2141 quae
1156 2081 1279 2136 dico3
1307 2092 1379 2125 aut
1402 2084 1434 2126 si

55 2167 196 2197 amara
226 2162 354 2207 sunt,
379 2162 548 2196 curant.
579 2152 700 2196 Potio
724 2153 800 2196 ista
824 2152 857 2194 si
881 2167 1022 2195 amara
1053 2162 1114 2196 est
1130 2187 1140 2205 ‚
1166 2153 1400 2210 accipiatur
1422 2172 1431 2198 2

55 2224 153 2283 quia
172 2224 216 2266 in
235 2223 428 2282 periculo
451 2233 552 2268 sunt
575 2224 734 2266 viscera
755 2258 765 2276 ‚
791 2238 932 2266 amara
954 2232 1014 2266 est
1030 2258 1040 2276 ‚
1069 2223 1257 2266 bibatur.
1281 2223 1434 2266 Melius

55 2302 117 2338 est
138 2294 307 2338 modica
341 2294 585 2338 amaritudo
609 2295 652 2337 in
688 2293 911 2347 faucibus,
946 2309 1076 2353 quam
1109 2302 1319 2337 aetcrnum
1346 2302 1433 2336 tor-

53 2372 248 2408 mentum
274 2363 316 2407 in
343 2364 590 2407 visceribus.
611 2367 778 2408 Mutate
805 2378 904 2420 crgo
927 2379 1015 2407 vos.
1042 2364 1318 2423 Quicumque
1344 2379 1432 2407 non

55 2432 272 2478 faciebatis
296 2434 376 2477 hoc
401 2435 564 2478 bonum
587 2435 790 2488 castitatis
807 2470 816 2487 ‚
832 2436 920 2492 jam
947 2433 1086 2477 facite.
1108 2434 1248 2478 Nolite
1270 2435 1428 2487 dicere,

53 2505 148 2548 Non
172 2512 310 2563 potest
335 2505 440 2547 fieri.
473 2506 657 2548 Foedum
681 2514 768 2558 est,
796 2505 944 2547 fratros
975 2505 1079 2555 mci,
1108 2514 1233 2563 turpe
1266 2514 1324 2546 ost
1342 2537 1352 2555 3
1385 2513 1429 2546 ut

54 2573 118 2616 vir
140 2574 276 2629 dicat,
297 2590 382 2618 non
409 2591 526 2634 posse
550 2577 660 2625 nori,
684 2575 801 2634 quod
829 2574 926 2618 facit
950 2575 1143 2618 tit-mina.
1174 2575 1319 2618 Seuius
1341 2582 1425 2624 cst,
