1924 3309
469 310 552 350 232
929 317 963 347 s.
999 315 1229 348 Aucus'rmr
1259 317 1440 348 E1⁵1scor1

1908 308 1912 342 i

1908 343 1912 368 Ι

467 388 548 442 nis,
562 387 750 431 scientiae
763 394 805 430 et
817 385 1002 445 pietatis,
1018 386 1223 444 Spiritum
1237 385 1401 429 timoris
1409 385 1503 430 Dei¹
1514 421 1522 429 .
1533 385 1575 430 Si
1585 386 1719 430 secuti
1733 387 1848 442 estis,
1908 369 1912 424 i

468 467 633 518 septem
652 473 718 501 res
734 458 1000 516 percucurri,
1020 466 1229 516 tanquam
1244 456 1579 501 descendentem
1596 456 1650 500 ad
1665 472 1743 501 nos
1758 458 1853 516 Spi-

469 530 600 573 ritum
617 528 691 572 Dei
708 545 730 572 a
744 528 951 587 sapientia
966 542 1104 586 usque
1116 527 1170 570 ad
1183 527 1397 582 timorem,
1415 536 1464 571 ut
1477 542 1554 571 nos
1572 525 1852 572 ascendamus

470 617 494 644 a
517 599 670 643 timore
689 598 1009 657 adsapientiam
1032 616 1040 640 :
1061 596 1238 640 Initium
1257 597 1478 656 sapientiae
1497 597 1625 640 timor
1650 597 1762 640 Dei2.
1790 600 1855 642 Ita

469 686 572 729 ergo
587 669 853 728 septenarius
865 666 1046 727 Spiritus
1061 676 1104 710 et
1117 683 1228 710 unus
1244 668 1442 726 Spiritus,
1455 667 1696 726 septenaria
1709 683 1856 727 opera-

472 742 588 785 tione
605 755 735 784 unus.
751 742 818 783 An
833 738 996 797 aliquid
1011 737 1253 781 evidentius
1266 737 1422 782 vultis?
1440 741 1725 782 Pentecosten
1741 738 1854 782 diem

468 811 627 855 festum
640 810 859 869 Scriptura
868 818 1012 852 sancta
1025 808 1079 852 de
1088 809 1335 868 septimanis
1348 807 1513 852 facturn
1526 819 1851 854 commemorat.

469 882 648 926 Habetis
657 882 701 925 in
715 880 925 939 scriptura
937 880 1100 935 Tobiae,
1112 880 1187 924 ubi
1202 879 1425 925 evidenter
1433 880 1590 924 dicitur
1601 881 1732 925 istum
1743 881 1857 924 diem
1903 893 1908 942 Ι

469 949 634 996 ‚facturn
658 950 712 994 de
730 950 1020 1009 septimanis?
1046 952 1209 1009 Septies
1233 950 1348 993 enim
1371 959 1553 1010 septem,
1572 950 1857 1010 quadraginta
1903 945 1907 999 ἰ

470 1015 629 1066 novem
659 1022 703 1064 in
741 1036 908 1064 summa
929 1020 1131 1063 redeunt.
1169 1020 1253 1065 Sed
1276 1029 1484 1079 tanquam
1504 1029 1553 1063 ut
1580 1020 1784 1064 redeatur
1807 1019 1859 1064 ad
1902 1007 1906 1022 ⁴

471 1100 616 1151 caput.
642 1091 805 1150 Spiritu
828 1091 946 1133 enim
978 1100 1124 1134 sancto
1153 1090 1207 1133 ad
1238 1091 1449 1134 unitatem
1479 1089 1746 1148 colligimur,
1772 1105 1860 1135 non

470 1163 526 1206 ab
551 1162 718 1204 unitate
741 1161 1028 1219 dispergimur
1053 1180 1061 1204 :
1086 1160 1184 1204 ideo
1208 1160 1262 1204 ad
1293 1160 1580 1220 quadraginta
1603 1175 1760 1204 novem
1782 1160 1858 1204 ad-
1901 1195 1919 1227 :⁷

471 1232 589 1275 ditur
614 1247 754 1275 unum
771 1231 966 1285 unitatis,
988 1240 1031 1274 et
1053 1231 1166 1274 fiunt
1187 1231 1520 1291 quinquaginta.
1542 1233 1639 1275 Non
1653 1245 1754 1288 ergo
1774 1232 1860 1290 jam
1899 1228 1904 1334 j

472 1302 563 1344 sine
601 1316 729 1345 eausa
766 1300 1128 1360 quinquagesimo
1151 1300 1221 1344 die
1243 1309 1341 1359 post
1368 1301 1659 1344 ascensionem
1689 1300 1859 1344 Domini
1900 1335 1902 1338 Α

471 1372 591 1416 venit
616 1372 797 1430 Spiritus
827 1380 1014 1415 sanctus.
1041 1372 1293 1415 Resurrexit
1326 1371 1561 1425 Dominus,
1587 1371 1781 1416 ascendit
1808 1372 1860 1416 ab
1899 1343 1903 1418 i

473 1442 644 1497 inferis,
664 1442 864 1485 nondum
886 1443 930 1485 in
951 1441 1115 1484 coelum
1142 1461 1150 1486 :
1177 1442 1231 1485 ab
1254 1441 1326 1485 illa
1350 1442 1664 1486 resurreetione
1681 1477 1692 1497 ,
1719 1441 1773 1486 ab
1790 1440 1863 1486 illa
1897 1419 1902 1498 i

473 1513 527 1556 ab
545 1511 693 1556 inferis
711 1512 1004 1570 assumptione
1026 1522 1314 1556 numerantur
1336 1513 1656 1573 quinquaginta
1679 1512 1769 1556 dies
1785 1548 1795 1568 ,
1822 1521 1864 1557 et
1897 1500 1901 1551 l

472 1582 594 1626 venit
604 1581 787 1640 Spiritus
800 1597 841 1625 sa
851 1591 989 1635 nctus,
1005 1582 1050 1624 in
1064 1581 1442 1641 quinquagenario
1455 1597 1640 1626 numero
1657 1591 1862 1642 tanquam
1906 1636 1912 1646 ι

475 1651 664 1696 natalem
686 1653 766 1695 sibi
802 1651 919 1710 apud
942 1667 1019 1696 nos
1043 1650 1219 1696 faciens.
1245 1652 1545 1711 Quadraginta
1574 1653 1690 1696 enim
1712 1651 1863 1696 diebus
1895 1645 1899 1690 ε’

476 1723 548 1766 hic
566 1731 841 1766 conversatus
863 1731 926 1765 est
943 1723 1152 1765 Dominus
1170 1738 1271 1766 cum
1291 1722 1519 1781 Discipulis
1537 1723 1622 1766 suis
1642 1758 1653 1777 ,
1679 1721 1865 1782 quadra-
1895 1706 1899 1785 i

477 1793 638 1850 gesimo
660 1791 730 1835 die
753 1791 946 1835 ascendit
967 1792 1012 1835 in
1034 1792 1193 1835 coelum
1213 1827 1223 1846 ,
1257 1801 1300 1835 et
1318 1793 1501 1850 peractis
1524 1793 1585 1835 ibi
1605 1792 1753 1836 decem
1772 1792 1863 1835 die·
1894 1792 1899 1828 ἱ

480 1863 584 1917 bus,
609 1871 819 1921 tanquam
842 1862 1009 1904 decimo
1032 1871 1351 1921 praeceptorum
1376 1862 1520 1918 signo,
1547 1861 1664 1904 venit
1685 1862 1864 1920 Spiritus
1891 1841 1897 1909 i

479 1940 652 1975 sanctus
671 1952 682 1988 3
702 1931 802 1990 quia
826 1946 955 1974 nemo
979 1930 1131 1988 implet
1152 1930 1293 1989 legem
1316 1931 1397 1973 nisi
1418 1946 1494 1990 per
1517 1931 1697 1989 gratiam
1733 1931 1863 1990 Spiri-
1893 1918 1897 1979 J

478 2011 548 2045 tus
569 2001 719 2044 sancti.
759 2003 912 2059 Itaque
929 2035 940 2055 ,
967 1999 1142 2055 fratres,
1180 2000 1458 2044 manifestum
1493 2010 1556 2044 est
1576 2002 1863 2060 septenarium
1888 1986 1895 2059 i

477 2073 609 2115 istum
631 2085 864 2114 numerum
883 2070 938 2113 ad
958 2070 1163 2129 Spiritum
1188 2079 1386 2114 sanctum
1405 2071 1637 2129 pertinere.
1665 2070 1863 2130 Quisquis
1886 2095 1888 2097 >
1919 2079 1922 2083 '

479 2151 625 2186 autem
648 2157 737 2185 non
756 2142 946 2185 cohaeret
978 2141 1135 2184 unitati
1153 2141 1338 2194 Christi,
1370 2150 1412 2184 et
1440 2139 1629 2184 oblatrat
1664 2141 1862 2185 adversus
1886 2162 1893 2196 14

478 2212 689 2255 unitatem
712 2211 893 2264 Christi,
929 2209 1237 2268 intelligendus
1270 2218 1333 2253 est
1357 2225 1445 2253 non
1467 2211 1629 2254 habere
1658 2210 1860 2269 Spiritum
1889 2199 1914 2263 i

480 2291 694 2326 sanctum.
717 2280 1030 2326 Contentiones
1053 2279 1169 2322 enim
1200 2289 1243 2323 et
1271 2279 1556 2324 dissensiones
1590 2295 1679 2324 non
1702 2279 1863 2324 faciunt
1888 2306 1891 2329 ‚

1887 2335 1891 2370 l

482 2353 561 2395 nisi
585 2352 810 2406 animales,
837 2351 891 2395 de
913 2351 1072 2410 quibus
1094 2349 1326 2408 Apostolus
1349 2349 1454 2393 dicit
1481 2369 1489 2394 :
1515 2369 1535 2392 «
1556 2350 1765 2394 Animalis
1787 2364 1861 2393 au·
1885 2372 1890 2412 4
1922 2367 1924 2387 1

486 2441 505 2462 n
543 2431 627 2465 tem
645 2423 776 2466 homo
799 2438 887 2466 non
905 2421 1088 2481 percipit
1105 2436 1203 2480 quae
1222 2430 1324 2464 sunt
1342 2421 1523 2478 Spiritus
1541 2421 1642 2464 Dei⁴
1661 2439 1680 2461 »
1703 2418 1861 2465 Deinde
1885 2442 1889 2481 ,²
1919 2425 1924 2463 i

482 2493 689 2551 scriptum
718 2501 782 2535 est
813 2501 854 2535 et
877 2493 920 2535 in
942 2490 1120 2551 epistola
1142 2489 1267 2534 Judae
1290 2489 1472 2549 apostoli
1500 2509 1508 2534 :
1543 2509 1563 2531 «
1586 2490 1639 2533 Hi
1667 2498 1769 2534 sunt
1789 2487 1860 2548 qui
1885 2489 1888 2542 3
1911 2496 1924 2542 ,ἑ

542 2597 549 2611 ¹
570 2591 641 2621 lsai.
672 2601 715 2631 Χι,
736 2599 765 2621 2.
794 2607 834 2612 —-»
859 2597 870 2611 2
896 2592 992 2621 Prov.
1018 2601 1041 2630 1,
1061 2600 1090 2630 7.
1119 2604 1159 2610 —-
1178 2588 1189 2608 ³*
1215 2588 1291 2619 Τοῦ,
1314 2598 1348 2625 n,
1373 2598 1399 2621 1,
1424 2587 1514 2626 juxta
1547 2597 1617 2618 Lxx.
1639 2604 1681 2609 —
1699 2585 1715 2616 4
1747 2598 1757 2618 1
1782 2588 1855 2618 Cor.
1885 2614 1886 2631 3
1919 2575 1921 2620 i

484 2655 529 2681 11,
560 2643 607 2684 14.
1884 2638 1885 2641 “

1903 3088 1914 3111 Α
1913 3042 1915 3051 -

1871 3145 1912 3309 ἓξ
