1924 3309
457 281 536 316 :328
881 288 914 315 s.
952 266 1180 317 incusum
1216 291 1395 317 ffl‘lscom

457 354 545 396 Dei.
576 352 698 397 Unde
729 353 991 412 quibusdam
1025 353 1182 397 dicitur
1206 353 1473 412 increpando
1502 373 1509 397 :
1541 373 1560 396 «
1586 354 1727 399 Nolite
1750 370 1839 399 esse

456 443 475 464 n
512 424 623 468 sicut
651 439 791 482 equus
823 433 866 467 et
895 423 1065 477 mulus,
1102 422 1262 482 quibus
1299 438 1387 467 non
1409 433 1472 467 est
1500 424 1790 468 intellectus1.
1814 444 1834 466 »

454 494 537 538 Sed
555 493 665 537 illud
683 503 745 537 est
764 492 1032 547 intellectus,
1058 491 1177 535 aliud
1196 492 1320 536 ratio.
1347 495 1455 537 Nam
1470 494 1680 538 rationem
1702 494 1838 538 habe-

450 578 547 607 mus
570 573 612 608 et
647 573 879 624 antequam
902 562 1223 621 intelligamus,
1248 562 1323 606 sed
1345 563 1586 623 intelligere
1608 579 1698 609 non
1718 564 1839 608 vale-

450 650 574 690 mus,
600 636 682 679 nisi
718 636 930 679 rationem
952 634 1205 678 habeamus.
1233 637 1309 679 Est
1342 639 1447 693 ergo
1478 635 1639 679 animal
1662 635 1840 679 rationis

450 722 584 765 capax
609 726 617 750 z
642 722 794 751 verum
818 715 867 750 ut
880 704 1034 750 melius
1047 714 1090 749 et
1102 706 1228 749 citius
1238 704 1377 749 dicam
1395 740 1406 759 ,
1424 705 1585 749 animal
1605 705 1836 760 rationale,

449 777 521 820 cui
545 787 701 822 natura
732 778 841 820 inest
868 777 977 820 ratio
993 811 1003 831 ,
1032 786 1075 820 et
1097 785 1330 836 antequam
1353 775 1567 835 intelligat
1584 777 1675 836 jam
1705 777 1839 820 ratio-

449 863 550 891 nem
572 849 719 892 habet.
738 850 847 893 Nam
863 847 961 892 ideo
978 848 1074 891 vult
1092 847 1356 905 intelligere,
1371 847 1473 907 quia
1491 848 1599 891 ratio
1614 848 1836 906 praecedit.

508 920 583 961 IV.
629 921 723 963 Hoc
753 934 857 977 ergo
890 918 1008 962 unde
1040 918 1197 962 bestias
1227 917 1547 971 antecedimus,
1579 919 1765 962 maxime
1795 918 1840 960 in

450 988 579 1032 nobis
602 988 796 1033 excolere
819 987 1029 1032 debemus
1045 1024 1056 1043 ,
1087 997 1131 1032 et
1153 988 1396 1047 resculpere
1425 987 1615 1048 quodam
1640 988 1771 1032 modo
1799 996 1843 1031 et

449 1058 702 1103 reformare.
731 1058 814 1102 Sed
836 1059 933 1118 quis
950 1059 1136 1118 poterit,
1159 1059 1238 1102 nisi
1260 1059 1315 1103 sit
1337 1056 1493 1101 artifex
1513 1058 1590 1118 qui
1611 1057 1841 1102 formavit?

449 1128 688 1186 Imaginem
712 1129 758 1171 in
792 1129 916 1172 nobis
948 1129 1023 1171 Dei
1054 1126 1300 1172 deformare
1328 1128 1573 1187 potuimus,
1606 1126 1840 1171 reformare

444 1203 534 1243 non
554 1214 797 1258 possumus.
821 1200 1042 1243 Habemus
1061 1214 1185 1256 ergo,
1207 1209 1257 1242 ut
1278 1208 1436 1243 cuncta
1454 1199 1645 1243 breviter
1666 1207 1839 1242 retexa-

445 1284 558 1323 mus,
585 1270 725 1328 ipsum
750 1285 840 1314 esse
869 1285 967 1313 cum
990 1269 1118 1327 lignis
1149 1279 1190 1312 et
1212 1269 1452 1328 lapidibus,
1483 1269 1626 1313 vivere
1648 1283 1750 1312 cum
1768 1283 1839 1312 ar-

445 1339 655 1395 boribus,
694 1340 852 1383 sentire
886 1355 987 1384 cum
1022 1339 1189 1394 bestiis,
1232 1338 1475 1397 intelligere
1504 1354 1605 1382 cum
1643 1338 1833 1399 Angelis.

444 1410 742 1469 Dijudieamus
757 1426 860 1469 ergo
883 1410 1019 1455 oculis
1036 1408 1216 1464 colores,
1245 1409 1423 1453 auribus
1444 1424 1634 1462 sonores,
1655 1400 1833 1452 naribus

445 1479 600 1524 odores
616 1515 626 1535 ,
652 1489 826 1538 gustatu
850 1496 1020 1540 sapores
1037 1515 1048 1535 ,
1080 1489 1200 1524 tactu
1221 1479 1406 1535 calores,
1432 1478 1659 1523 intellectu
1674 1494 1828 1523 mores.

445 1551 658 1609 Intellige.
705 1552 856 1596 Omnis
890 1553 1023 1596 homo
1055 1551 1150 1596 vult
1188 1550 1457 1610 intelligere,
1496 1566 1626 1594 nemo
1663 1558 1726 1594 est
1759 1549 1835 1609 qui

444 1621 556 1666 nolit
577 1640 586 1666 ι
609 1621 785 1666 credere
799 1628 889 1666 nori
911 1637 1061 1666 omnes
1078 1621 1247 1666 volunt.
1270 1621 1381 1665 Dicit
1396 1621 1501 1664 mihi
1524 1621 1672 1664 homo.
1701 1618 1837 1663 Intel-

445 1691 601 1750 ligam,
627 1701 677 1736 ut
698 1692 886 1736 credam.
914 1692 1203 1751 Respondco:
1231 1691 1372 1737 Crede
1390 1701 1440 1735 ut
1467 1689 1697 1748 intelligas.
1723 1692 1835 1734 Cum

447 1778 549 1821 ergo
568 1773 669 1807 nata
691 1764 902 1806 internos
925 1763 978 1805 sit
1006 1763 1298 1805 controversia
1331 1761 1424 1805 talis
1453 1760 1644 1821 quodam
1673 1759 1804 1804 modo
1823 1794 1833 1814 ,

445 1843 497 1877 ut
519 1831 591 1876 ille
614 1833 719 1876 mihi
742 1832 882 1877 dicat:
910 1831 1179 1889 Intelligam,
1204 1840 1253 1874 ut
1268 1832 1442 1875 credam
1461 1850 1469 1874 :
1496 1846 1577 1889 ego
1594 1831 1633 1874 ei
1657 1845 1837 1889 respon-

447 1902 601 1947 deam:
623 1906 716 1946 Imo
728 1902 877 1955 crede,
896 1911 945 1945 ut
961 1901 1175 1959 intelligas
1205 1920 1212 1945 :
1239 1902 1432 1945 cumhac
1445 1901 1737 1945 controversia
1763 1915 1835 1943 ve-

449 1974 619 2018 niamus
633 1972 685 2016 ad
691 1973 901 2032 judicem,
918 1981 1072 2015 neuter
1085 1980 1281 2015 nostrum
1295 1980 1529 2030 praesumat
1540 1986 1620 2030 pro
1629 1986 1703 2015 sua
1714 1978 1835 2029 parte

450 2045 724 2089 sententiam.
746 2049 883 2097 Quem
891 2044 1085 2104 judicem
1098 2043 1317 2087 inventuri
1334 2045 1507 2086 sumus?
1523 2042 1728 2086 Discussis
1746 2056 1834 2085 om-

449 2115 581 2159 nibus
604 2114 855 2159 hominibus
870 2149 880 2169 ,
910 2113 1054 2158 nescio
1077 2122 1227 2157 utrum
1249 2111 1473 2156 meliorem
1496 2112 1690 2172 judicem
1712 2112 1834 2156 inve-

451 2186 543 2229 nire
565 2186 802 2245 possimus,
827 2199 958 2245 quam
981 2183 1203 2228 hominem
1227 2198 1302 2242 per
1325 2197 1457 2242 quem
1485 2182 1679 2244 loquitur
1701 2185 1828 2227 Deus.

452 2259 548 2301 Non
565 2271 711 2301 eamus
729 2271 832 2314 ergo
846 2255 892 2298 in
908 2255 987 2298 hac
1006 2269 1050 2297 re
1068 2262 1111 2297 et
1128 2254 1172 2296 in
1192 2254 1273 2298 hac
1292 2253 1584 2297 controversia
1602 2252 1656 2297 ad
1671 2252 1833 2297 litteras

450 2327 703 2385 saeculares,
728 2342 818 2371 non
846 2326 961 2369 inter
993 2339 1070 2369 nos
1095 2323 1262 2383 judicet
1291 2327 1423 2368 Poeta
1441 2358 1451 2375 ,
1488 2322 1564 2367 sed
1594 2324 1827 2382 Propheta.

510 2402 562 2442 V.
589 2402 745 2442 Beatus
769 2395 988 2456 apostolus
1027 2398 1178 2439 Petrus
1206 2409 1306 2437 cum
1336 2392 1510 2437 duobus
1547 2393 1637 2437 aliis
1666 2393 1826 2438 Christi

450 2471 621 2515 Domini
649 2468 878 2528 Discipulis
901 2466 1067 2512 Jacobo
1092 2474 1134 2509 et
1164 2468 1332 2509 Joanne
1358 2465 1405 2509 in
1434 2473 1583 2509 monte
1614 2479 1714 2509 cum
1737 2466 1829 2524 ipso

450 2542 634 2586 Domino
669 2540 956 2593 constitutus,
992 2536 1156 2582 audivit
1184 2552 1333 2581 vocem
1364 2535 1552 2581 delatam
1584 2535 1639 2580 de
1674 2535 1789 2580 coelo
1817 2555 1824 2579 :

496 2632 504 2648 ¹
528 2626 605 2658 Psal.
628 2636 714 2667 xxxi,
733 2636 766 2669 9.

1912 498 1917 558 ,ἰ

1912 1948 1916 2100 i

1912 2101 1917 2299 ἔ
