1924 3309
424 266 505 301 5572
845 273 876 299 s.
914 271 1139 302 incusum
1178 274 1353 302 muscori

423 349 639 392 mentem,
663 354 752 384 non
773 348 984 384 ventrem.
1027 340 1068 384 Si
1098 338 1276 393 audisti,
1314 339 1348 382 si
1366 336 1634 393 intellexisti,
1669 338 1703 382 si
1732 337 1801 382 di-

420 410 558 456 lexisti
573 445 584 467 ‚
609 420 822 471 quantum
841 411 1042 471 potuisti,
1061 411 1153 469 jam
1174 409 1277 454 inde
1299 409 1461 454 bibisti.

477 495 602 537 XIII.
628 493 816 537 Attende
833 493 940 553 quid
959 492 1131 536 biberis.
1157 492 1423 536 Charitatem
1440 491 1603 536 bibisti.
1626 492 1667 537 Si
1690 491 1803 536 nosti

417 562 553 618 illam,
580 566 693 607 Deus
709 563 894 608 charitas
909 564 1015 606 est¹.
1059 562 1103 606 Si
1129 576 1232 621 ergo
1250 561 1505 606 charitatem
1525 561 1699 616 bibisti,
1735 560 1804 605 dic

417 633 525 676 mihi
552 633 598 676 in
618 649 705 693 quo
726 632 823 677 loco
844 632 1002 676 bibisti.
1038 631 1081 676 Si
1095 631 1209 675 nosti
1224 630 1366 686 illam,
1387 631 1420 675 si
1441 630 1588 675 vidisti
1610 630 1725 674 illam
1740 665 1751 685 ,
1771 630 1805 675 si

418 719 556 760 amas,
579 704 698 748 unde
716 706 865 748 amas?
891 702 1113 763 Quidquid
1134 703 1249 746 enim
1269 702 1381 747 bene
1413 717 1531 747 amas
1548 737 1559 758 ,
1598 702 1806 746 charitate

418 790 548 818 amas.
565 774 793 827 Quomodo
808 782 953 818 autem
968 773 1197 817 charitate?
1206 776 1295 817 Aut
1305 772 1413 833 quid
1431 787 1565 828 amas,
1580 772 1656 832 qui
1673 772 1807 817 chari·

419 854 551 889 tatem
575 848 717 889 amas?
736 848 852 904 Ergo
876 844 909 889 si
934 860 1049 888 amas
1064 879 1075 899 ,
1101 843 1219 889 unde
1247 845 1393 888 amas?
1415 843 1546 888 Venit
1579 842 1634 887 ad
1656 851 1727 898 te,
1765 851 1808 886 et

419 917 531 960 nosti
549 931 668 971 eam,
692 925 735 959 et
755 915 874 959 vides
900 930 993 959 eam
1016 934 1026 959 ;
1049 924 1093 959 et
1111 915 1261 960 nonin
1281 914 1377 959 loco
1401 913 1588 968 videtur,
1612 927 1693 958 nec
1709 928 1808 957 cor-

415 984 639 1044 poralibus
661 984 797 1030 oculis
826 985 1054 1045 quaeritur,
1093 993 1141 1027 ut
1177 983 1478 1028 vehementius
1499 991 1667 1027 ametur
1692 1003 1704 1040 3
1729 997 1809 1026 nec

417 1055 596 1099 auditur
619 1055 755 1099 affatu
782 1076 793 1111 3
818 1064 861 1098 et
882 1053 1060 1113 quando
1091 1053 1146 1098 ad
1179 1063 1221 1098 te
1248 1053 1391 1109 venit,
1431 1068 1520 1097 non
1543 1053 1810 1096 sentiebatur

418 1125 601 1169 incessu.
634 1124 859 1184 Numquid
890 1124 1211 1168 deambulantis
1233 1125 1278 1167 in
1300 1123 1431 1168 corde
1454 1132 1532 1168 tuo
1573 1122 1810 1183 aliquando

420 1195 588 1253 plantas
610 1195 777 1238 sensisti
799 1195 1018 1238 charitatis
1034 1197 1051 1237 Ξ)
1069 1195 1183 1246 Quid
1201 1209 1304 1253 ergo
1331 1196 1425 1238 est‘?
1447 1195 1583 1253 Cujus
1608 1195 1691 1238 hoc
1715 1203 1779 1237 est
1795 1228 1805 1247 ,

417 1266 539 1326 quod
557 1266 647 1324 jam
670 1274 733 1309 est
758 1265 804 1308 in
828 1274 870 1309 te
887 1300 898 1320 ,
924 1274 966 1308 et
989 1280 1079 1309 non
1109 1265 1279 1323 capitur
1294 1280 1317 1309 a
1336 1267 1408 1308 te?
1439 1265 1509 1308 Sic
1529 1265 1646 1308 disce
1668 1279 1810 1309 amare

419 1339 574 1380 Deum.

479 1419 601 1461 XIV.
626 1418 711 1462 Sed
728 1417 1028 1461 deambulavit
1045 1418 1089 1461 in
1107 1415 1349 1476 paradiso2,
1364 1416 1441 1461 sed
1458 1417 1573 1461 visus
1591 1426 1654 1462 est
1671 1417 1727 1462 ad
1746 1417 1814 1461 ili-

421 1504 514 1534 cem
530 1489 730 1533 Mambre
745 1489 761 1513 ³
778 1524 789 1543 ,
810 1487 886 1533 sed
902 1487 1075 1532 locutus
1097 1496 1160 1532 est
1183 1503 1284 1532 cum
1301 1491 1453 1545 Moyse
1469 1488 1513 1532 in
1538 1498 1688 1533 monte
1713 1489 1812 1533 Sina

421 1574 468 1603 os
490 1557 546 1602 ad
567 1560 656 1602 os4.
686 1561 743 1602 Et
768 1558 876 1618 quid
899 1557 1032 1601 inde?
1058 1560 1169 1602 Ecce
1201 1560 1276 1617 qui
1301 1557 1474 1602 videtur
1497 1558 1543 1602 in
1567 1557 1664 1603 loco
1681 1593 1692 1614 ,
1725 1574 1814 1603 non

421 1628 607 1673 sentitur
629 1629 812 1672 incessu.
832 1627 906 1671 Vis
925 1627 1073 1671 audire
1096 1628 1237 1686 ipsum
1255 1630 1453 1684 Moysen,
1469 1643 1523 1671 ne
1541 1629 1649 1672 mihi
1665 1643 1815 1689 quam-

420 1700 485 1743 vis
508 1698 675 1743 nutrire
697 1699 891 1758 cupienti
919 1698 1141 1756 inquietus
1170 1698 1313 1741 infans
1342 1698 1524 1743 taedium
1548 1698 1708 1744 facias?
1725 1700 1816 1743 Vis-

422 1786 477 1813 ne
500 1784 604 1827 ergo
627 1769 777 1813 audire
808 1769 951 1827 ipsum
974 1771 1154 1824 Moysen
1170 1770 1186 1809 ‘?
1209 1770 1337 1811 Certe
1368 1768 1635 1828 loquebatur
1656 1779 1699 1813 et
1727 1773 1816 1814 Deo

423 1856 470 1885 os
491 1840 546 1884 ad
569 1855 630 1884 os.
648 1839 729 1883 Cui
753 1854 855 1897 ergo
871 1838 1067 1893 dicebat,
1087 1838 1168 1881 nisi
1192 1839 1270 1896 ipsi
1293 1854 1393 1882 cum
1417 1855 1505 1897 quo
1528 1839 1812 1899 loquebatur:

427 1931 449 1953 κ
487 1911 530 1954 Si
561 1910 706 1954 inveni
738 1909 919 1967 gratiam
944 1917 1043 1951 ante
1079 1917 1147 1961 te,
1174 1907 1353 1951 ostende
1387 1908 1493 1951 mihi
1522 1918 1565 1952 te
1594 1910 1768 1968 ipsum?
1793 1929 1812 1950 n

426 1980 643 2040 Loquitur
673 1994 773 2023 cum
796 1979 889 2037 ipso
909 1993 954 2021 os
990 1977 1043 2021 ad
1062 1993 1108 2021 os
1126 2012 1136 2032 ,
1163 1978 1274 2021 sicut
1297 1978 1393 2038 quis
1415 1977 1609 2038 loquitur
1632 1979 1685 2024 ad
1708 1980 1815 2023 ami-

424 2065 525 2094 cum
547 2064 672 2093 suum
690 2083 701 2104 ,
733 2058 776 2092 et
798 2048 902 2092 dicit
925 2048 962 2090 ei
990 2066 998 2091 :
1028 2066 1046 2088 «
1074 2047 1116 2091 Si
1146 2047 1292 2092 inveni
1327 2048 1507 2106 gratiam
1531 2057 1630 2093 ante
1653 2058 1695 2093 te
1711 2084 1722 2101 ,
1749 2065 1818 2093 os·

428 2141 449 2163 >›
485 2121 616 2166 tende
640 2120 746 2164 mihi
763 2129 805 2163 te
823 2120 966 2178 ipsum
988 2118 1288 2162 manifeste5.»
1303 2119 1420 2172 Quid
1444 2119 1634 2175 videbat,
1650 2129 1693 2164 et
1709 2119 1817 2180 quid

426 2192 619 2236 sciebat?
644 2191 687 2236 Si
707 2206 797 2234 non
819 2199 910 2233 erat
931 2190 1037 2248 ipse,
1063 2188 1288 2248 quomodo
1310 2190 1349 2232 ei
1367 2189 1527 2233 dicitur
1545 2209 1553 2234 :
1584 2209 1603 2231 «
1624 2189 1815 2234 Ostende

428 2280 449 2302 ³)
486 2262 591 2306 mihi
618 2270 656 2305 te
679 2261 886 2320 ipsumi‘»
913 2262 1011 2304 Non
1034 2273 1263 2317 possumus
1286 2258 1445 2314 dicere,
1471 2259 1591 2319 quod
1613 2275 1702 2303 non
1724 2268 1816 2303 erat

427 2333 531 2390 ipse.
552 2331 594 2375 Si
617 2347 705 2375 non
719 2341 828 2375 esset
842 2332 947 2389 ipse,
964 2330 1045 2373 hoc
1063 2329 1101 2371 ei
1122 2327 1301 2384 diceret,
1316 2329 1507 2373 Ostende
1526 2329 1632 2372 mihi
1656 2333 1807 2373 Deum.

428 2404 542 2446 Cum
563 2401 666 2444 dicit
688 2417 790 2459 ergo
806 2436 817 2457 ,
842 2399 1031 2444 Ostende
1054 2399 1160 2442 mihi
1185 2409 1224 2442 te
1246 2400 1403 2459 ipsum,
1423 2398 1669 2444 manifestat
1691 2400 1810 2459 quod

481 2540 486 2554 ¹
509 2543 520 2564 1
536 2534 626 2564 Joan.
648 2543 691 2571 iv,
712 2532 742 2563 8.
769 2549 806 2554 -
829 2540 840 2555 ¹
861 2534 939 2563 Gen.
963 2541 1010 2565 ιιι,
1031 2536 1061 2561 8.
1085 2547 1119 2551 ——
1135 2530 1147 2551 ³
1170 2530 1214 2561 td.
1236 2541 1326 2570 xviii,
1352 2543 1378 2562 ι.
1407 2546 1446 2554 —-
1467 2529 1481 2559 4
1503 2531 1599 2562 Exod.
1624 2541 1736 2570 xxxin,
1760 2541 1809 2562 ιι.

438 2605 477 2610 ”·-
493 2586 604 2619 51b1‹l.
630 2592 679 2619 13.
