1867 3320
292 266 430 296 senno
463 266 563 305 xxii,
597 266 652 294 nn
685 265 830 295 vmmrs
860 266 1011 297 psum
1042 273 1187 300 cxvur.
1343 263 1426 304 419

12 376 15 378 ,
57 345 156 386 mo,
182 330 256 375 Vis
277 345 466 390 prorsus.
497 349 518 373 «
543 333 640 376 Non
662 332 781 392 quod
809 331 909 376 volo
934 348 1030 392 ago.
1057 353 1076 376 n
1102 337 1286 381 Omnino
1309 339 1428 397 quod

56 401 120 448 vis
139 436 151 457 ‚
181 401 286 464 agis.
315 419 336 443 «
359 403 458 447 Non
493 401 614 462 quod
641 401 742 447 volo
775 416 884 461 ago:
913 420 932 443 »
963 402 1090 447 crede
1110 405 1243 460 mihi,
1274 406 1425 463 frater,

61 492 84 516 «
116 488 208 518 non
228 471 350 534 quod
370 472 472 518 volo
489 488 585 532 ago.
603 475 674 518 »Ο
694 474 730 518 si
750 473 898 530 velles,
924 488 1068 533 ageres
1090 493 1099 519 ε
1118 476 1219 535 quia
1240 492 1328 522 non
1347 479 1426 534 vis,

57 559 148 590 non
165 544 254 606 agis
273 543 455 589 bonum.
471 562 494 586 «
507 545 605 589 Non
623 543 745 604 quod
760 543 860 589 volo
877 560 986 604 ago:
1008 561 1031 587 ιι
1049 545 1175 589 crede
1196 547 1316 600 mihi,
1333 547 1434 592 novi

29 668 32 669 ⁷
56 613 168 675 quid
183 614 231 658 in
251 629 322 658 me
349 623 502 673 agatur
523 632 532 659 :
557 633 578 656 «
601 629 691 659 non
712 614 834 675 quod
849 614 950 660 volo
974 631 1070 675 ago.
1094 634 1115 658 »
1135 617 1435 662 Contradictor

61 686 240 746 gratiae,
277 701 367 731 non
395 700 440 730 es
477 685 640 730 arbiter
668 687 944 731 conscientiae
973 706 982 732 :
1015 701 1094 746 ego
1124 702 1194 731 me
1222 688 1324 732 novi
1349 703 1438 732 non

59 756 183 818 quod
205 756 306 802 volo
327 771 470 816 agere,
497 765 541 801 et
566 766 617 801 tu
637 756 770 803 dicis:
802 756 928 811 Quod
960 757 1023 803 vis
1044 758 1169 818 agis?
1195 761 1332 804 Nemo
1361 758 1440 804 scit

59 827 167 889 quid
208 836 362 887 agatur
399 827 445 872 in
484 827 689 884 homine,
732 828 813 872 nisi
853 829 1026 889 spiritus
1063 829 1250 875 hominis
1277 830 1354 890 qui
1393 831 1439 874 in

59 898 153 958 ipso
173 899 281 942 est1.

119 971 195 1014 IV.
220 971 279 1013 Et
298 977 348 1013 tu
377 969 509 1014 homo
529 984 601 1027 es;
626 970 660 1014 si
682 985 773 1014 non
798 970 862 1015 vis
883 970 1058 1014 credere
1089 971 1225 1026 mihi,
1261 969 1439 1015 intende

58 1039 154 1085 tibi.
179 1043 321 1084 Ita-ne
337 1049 388 1084 tu
412 1040 472 1084 ita
493 1040 601 1084 vivis
622 1040 668 1083 in
692 1041 777 1091 hoc
799 1039 1072 1100 corruptibili
1091 1056 1271 1100 corpore
1285 1076 1296 1096 ‚
1321 1039 1443 1100 quod

40 1125 41 1130 ¹
59 1119 266 1170 aggravat
287 1110 475 1154 animam
503 1129 511 1155 :
537 1119 587 1154 ut
606 1126 706 1155 caro
727 1126 817 1155 non
834 1112 1110 1171 concupiscat
1128 1111 1329 1156 adversus
1355 1111 1443 1170 spi-

45 1181 194 1226 ·ritum
218 1189 371 1236 tuum,
396 1189 439 1225 et
460 1182 633 1240 spiritus
657 1181 860 1226 adversus
875 1197 1050 1226 carnem
1072 1184 1225 1226 tuam?
1248 1185 1334 1226 Ista
1355 1181 1446 1225 rixa

59 1267 151 1297 non
171 1252 296 1296 estin
317 1260 360 1296 te
373 1253 391 1295 Ξ)
406 1250 533 1296 Nulla
557 1263 616 1295 est
638 1252 989 1312 concupiscentia
1011 1252 1149 1296 carnis
1167 1288 1178 1309 ‚
1199 1268 1300 1313 quae
1318 1252 1444 1296 resis-

44 1332 124 1368 ·tat
138 1322 226 1382 legi
263 1323 421 1367 mentis
443 1324 461 1366 Ξ)
485 1323 528 1367 Si
551 1322 660 1366 nihil
681 1324 726 1367 in
745 1333 789 1367 te
823 1323 946 1366 alteri
966 1323 1145 1379 resistit,
1183 1324 1281 1367 vide
1302 1332 1445 1368 totum

41 1393 139 1438 *ubi
155 1393 225 1438 sit.
248 1393 487 1452 Sirspiritus
504 1402 605 1437 tuus
631 1409 654 1437 a
674 1408 805 1437 carne
827 1402 979 1438 contra
1001 1394 1333 1453 concupiscente
1355 1409 1446 1438 non

46 1463 258 1510 dissentit
275 1499 287 1519 ‚
310 1463 412 1509 vide
435 1478 490 1507 ne
506 1462 617 1507 forte
647 1463 768 1508 carni
789 1478 911 1508 mens
933 1472 1024 1509 tota
1046 1466 1286 1510 consentiat
1313 1483 1321 1509 :
1343 1465 1444 1509 vide

59 1550 116 1580 ne
135 1534 250 1580 forte
265 1533 364 1579 ideo
386 1550 476 1579 non
497 1534 550 1578 sit
572 1533 762 1591 bellum,
779 1535 882 1594 quia
900 1549 981 1594 pax
1000 1550 1198 1593 perversa
1215 1545 1293 1578 est.
1316 1539 1446 1578 Forte

46 1601 106 1651 ‘in
122 1615 267 1651 totum
305 1605 422 1650 carni
446 1605 683 1659 consentis,
720 1614 764 1650 et
795 1604 916 1649 nulla
953 1605 1041 1649 rixa
1063 1613 1140 1649 est.
1167 1609 1304 1657 Quam
1326 1620 1447 1663 spem

58 1677 193 1722 habes
211 1675 332 1737 quod
354 1676 488 1735 possis
503 1675 739 1736 aliquando
758 1675 948 1729 vincere,
966 1676 1042 1734 qui
1064 1675 1262 1719 nondum
1278 1675 1448 1734 coepisti

59 1748 284 1808 pugnare?
302 1746 345 1791 Si
367 1755 513 1790 autem
528 1745 841 1790 condelectaris
859 1744 944 1803 legi
972 1745 1049 1788 Dei
1071 1743 1313 1788 secundum
1335 1745 1447 1789 inte-

85 1819 219 1863 ‘orem
241 1817 487 1870 hominem,
512 1815 632 1858 vides
665 1823 811 1859 autem
840 1814 968 1859 aliam
999 1813 1137 1873 legem
1169 1815 1214 1858 in
1247 1816 1453 1860 membris

112 1889 147 1933 is
168 1894 486 1947 repugnantem
516 1885 602 1944 legi
624 1886 780 1929 mentis
802 1894 916 1942 tuae3
946 1884 980 1928 si
1004 1885 1086 1929 hac
1113 1885 1447 1940 condelectaris,

60 1960 142 2005 hac
160 1958 304 2019 ligaris
320 1993 331 2013 ,
352 1957 464 2001 liber
484 1971 527 2000 es
548 1956 593 1999 in
613 1964 758 1999 mente
774 1990 784 2010 ‚
805 1969 953 1999 servus
975 1955 1021 1998 in
1042 1970 1171 1999 carne
1197 1974 1205 1999 2
1226 1956 1259 1999 si
1276 1957 1367 2014 jam
1390 1956 1449 2001 ita

73 2040 154 2087 ·st.,
179 2039 426 2090 compatere
446 2027 590 2088 potius
619 2026 786 2071 homini
822 2025 1006 2080 dicenti,
1036 2044 1056 2067 «
1074 2027 1172 2071 Non
1199 2025 1319 2085 quod
1348 2026 1447 2074 violo

122 2116 220 2162 ago.
242 2119 263 2142 »
291 2103 355 2143 Tu
377 2098 495 2143 enim
514 2113 603 2142 non
625 2098 686 2141 vis
704 2106 752 2142 ut
767 2095 1116 2155 concupiscentia
1147 2095 1220 2140 illa
1248 2112 1347 2157 queo
1377 2113 1447 2141 re-

58 2173 173 2218 istit
193 2173 330 2217 menti
347 2180 434 2214 tuae
451 2205 462 2225 ,
485 2169 665 2214 omnino
682 2184 772 2213 non
787 2168 840 2212 sit
853 2168 898 2211 in
920 2168 992 2211 te?
1010 2167 1111 2212 Mali
1130 2168 1218 2212 voti
1236 2167 1367 2212 homo
1384 2184 1444 2224 es,

116 2242 194 2288 tali
217 2241 462 2287 adversario
484 2255 575 2284 non
599 2239 658 2283 vis
680 2253 840 2283 carere.
869 2240 984 2297 Ego,
1019 2237 1156 2282 fateor
1181 2238 1288 2293 tibi,
1318 2239 1449 2299 quid-

18 2347 19 2361 2
74 2312 174 2358 uid
200 2313 247 2357 in
268 2327 338 2357 me
372 2310 553 2356 rebellat
577 2309 779 2354 adversus
808 2317 997 2352 mentem
1026 2323 1165 2352 meam
1184 2343 1194 2363 ,
1234 2317 1277 2353 et
1311 2308 1449 2368 litigat

79 2398 241 2430 aecum
262 2382 551 2427 delectatione
579 2380 793 2425 contraria
809 2415 819 2434 ‚
845 2378 1059 2439 quidquid
1088 2378 1171 2422 tale
1195 2379 1236 2421 in
1267 2394 1336 2423 me
1356 2389 1418 2424 est
1435 2415 1446 2435 ‚

77 2456 247 2500 nmnino
267 2454 512 2498 interficere
529 2451 643 2496 vola».
675 2451 773 2494 Etsi
791 2451 830 2494 ci
855 2448 963 2493 forte
981 2449 1214 2509 adjuvante
1240 2451 1422 2494 Domino
1439 2486 1450 2505 ‚

0 2559 1 2567 ι
66 2515 158 2574 Yon
179 2525 406 2571 consentio
428 2545 439 2581 ·,
467 2522 571 2568 nolo
595 2523 753 2567 habere
777 2536 876 2566 cum
901 2535 988 2581 quo
1026 2520 1200 2578 litigem.
1229 2522 1367 2565 Multo
1391 2532 1453 2566 cst

124 2619 133 2637 ¹
155 2624 166 2645 1
193 2614 267 2646 Cor.
288 2623 322 2652 n,
349 2622 398 2642 ιι.

1256 2662 1319 2700 27.
