1867 3320
0 147 7 178 l

0 184 11 321 ἑ

0 325 12 723 i

0 755 7 833 ἱ

239 258 378 288 selmo
408 259 562 298 xxxiv,
598 262 643 288 m
677 263 764 290 rme
797 264 931 292 vanna
963 265 1112 295 psum
1145 269 1281 298 cxmx.
1365 260 1448 301 455

77 331 182 380 Quae
203 324 498 368 lineamenta?
521 326 628 377 Quae
651 324 821 372 forma?
841 328 959 374 Nihil
980 331 1134 375 horum
1155 334 1349 381 videmus
1373 357 1383 382 ι
1407 349 1449 382 et

76 406 225 442 tamen
247 409 455 439 amamus.

136 467 214 510 IV.
231 464 386 510 Audeo
405 463 550 508 dicere
571 465 782 510 Charitati
802 468 968 512 Vestrae
997 486 1008 513 ι
1027 469 1074 513 in
1092 469 1368 519 inferioribus
1385 484 1451 521 at·

77 533 330 590 tendamus,
354 533 475 594 quod
510 533 557 577 in
590 535 880 593 superioribus
906 538 1189 584 inveniamus.
1210 544 1307 600 Ipse
1336 558 1453 590 amor

73 606 249 650 infimus
268 614 400 665 atque
420 613 639 659 terreum,
658 604 748 663 ipse
763 620 882 651 amor
900 607 1100 653 sordidus
1125 619 1168 654 et
1187 611 1419 668 flagitiosus
1432 649 1445 669 ,

76 676 154 737 qui
174 675 367 734 corporis
379 672 717 733 pulchritudinis
733 686 1019 734 consectatur,
1034 677 1198 739 aliquid
1214 694 1292 724 nos
1306 681 1456 728 admo-

77 755 154 791 net
173 745 294 790 unde
314 745 370 789 ad
403 744 625 804 superiora
647 754 690 790 et
709 746 938 793 mundiora
960 764 1199 808 surgamus.
1223 753 1352 796 Amat
1376 752 1456 796 ali·-

77 817 174 878 quis
194 815 378 860 lascivus
400 823 444 858 et
463 814 711 874 impudicus
733 816 1068 875 pulcherrimam
1095 818 1318 864 foeminam
1340 840 1349 866 :
1369 836 1458 867 mo-

77 895 149 931 vet
170 885 349 946 quidem
364 885 556 944 corporis
569 884 851 944 pulchritudo
863 922 874 942 ,
889 888 963 932 sed
978 890 1094 934 intus
1116 892 1326 949 quaeritur
1342 907 1457 937 amo·

77 958 134 1001 ris
149 955 417 1001 vicissitudo.
438 955 481 1000 Si
498 954 615 998 enim
639 955 785 1000 audiat
798 957 919 1016 quod
932 957 1006 1001 illa
1027 959 1165 1003 oderit
1179 975 1294 1016 eum,
1310 976 1457 1007 nonne

0 1035 3 1042 ’
76 1026 216 1072 omnis
236 1025 310 1070 ille
321 1035 450 1070 aestus
467 1034 510 1069 et
524 1025 711 1083 impetus
724 1026 836 1069 circa
852 1027 1046 1070 membra
1060 1027 1241 1085 pulchra
1252 1029 1455 1088 frigescit,

0 1120 3 1143 r
76 1107 120 1143 et
141 1098 206 1142 ab·
226 1111 278 1140 eo
312 1096 434 1156 quod
463 1094 710 1139 intenderat
734 1096 925 1154 quodam
953 1096 1085 1142 modo
1112 1097 1264 1153 resilit,
1302 1102 1459 1145 averti-

77 1177 174 1222 tur,
196 1165 462 1221 offenditur,
487 1165 625 1210 odisse
657 1164 785 1209 etiam
807 1165 898 1224 ipse
930 1166 1079 1225 incipit
1106 1167 1225 1227 quod
1256 1170 1460 1214 amabat?

0 1259 2 1264 r
76 1236 296 1296 numquid
328 1235 467 1281 forma
494 1244 662 1280 mutata
701 1237 793 1279 est?
820 1238 973 1280 Nonne
993 1236 1054 1280 ibi
1077 1247 1177 1282 sunt
1199 1240 1340 1283 omnia
1361 1255 1461 1300 quae

76 1307 333 1352 illexerant?
374 1307 443 1351 Ibi
476 1315 605 1363 sunt3
636 1313 680 1349 et
712 1313 860 1349 tamen
892 1306 1070 1350 ardebat
1095 1308 1140 1350 in
1174 1322 1225 1352 eo
1252 1310 1372 1368 quod
1395 1311 1461 1354 vi-

76 1379 236 1433 debat,
262 1386 308 1422 et
332 1377 387 1421 de
409 1376 540 1421 corde
573 1375 772 1433 exigebat
806 1375 926 1435 quod
947 1391 1035 1420 non
1068 1377 1256 1422 videbat.
1295 1380 1338 1423 Si
1359 1395 1462 1425 vero

0 1489 3 1497 ‚
75 1456 306 1506 cognoscat
332 1447 435 1506 quia.
469 1445 658 1490 vicissim
680 1454 851 1489 amatur
868 1479 879 1500 ,
919 1446 1141 1505 quomodo
1165 1448 1461 1494 vehementius

75 1518 310 1564 inardescit
322 1519 340 1561 Ρ
352 1517 483 1561 Videt
499 1515 573 1560 illa
588 1515 730 1571 illum,
746 1514 867 1560 videt
884 1515 956 1560 ille
974 1516 1110 1572 illam,
1129 1531 1317 1563 amorem
1333 1534 1461 1564 nemo

75 1588 195 1634 videt
213 1606 223 1633 ε
244 1597 288 1632 et
308 1596 455 1632 tamen
471 1586 564 1645 ipse
586 1594 756 1630 amatur
775 1587 852 1646 qui
873 1601 962 1630 non
981 1586 1168 1632 videtur.

133 1660 187 1702 V.
214 1657 379 1715 Erigite
395 1671 472 1701 vos
494 1655 549 1700 ab
571 1656 651 1700 ista
667 1654 885 1700 lutulenta
906 1656 1166 1715 cupiditate,
1193 1666 1242 1701 ut
1260 1660 1465 1702 maneatis

77 1729 125 1773 in
158 1727 520 1772 illuminatissima
555 1726 780 1771 charitate.
807 1729 945 1770 Deum
968 1741 1059 1772 non
1088 1727 1207 1770 vides
1239 1745 1250 1771 ι
1274 1742 1395 1782 ama,
1421 1739 1463 1773 et

2 1784 6 1863 J
75 1798 226 1842 habes.
258 1799 401 1850 Quam
421 1795 562 1841 multa
578 1797 624 1840 in
645 1795 968 1841 damnabilibus
984 1795 1296 1855 cupiditatibus
1319 1812 1464 1842 aman·

76 1878 170 1924 tur,
208 1877 252 1912 et
286 1883 378 1913 non
413 1867 635 1911 habentur
660 1868 865 1912 :sordide
895 1876 1171 1927 quaeruntur,
1207 1883 1286 1913 nec
1319 1877 1462 1913 tamen

0 1943 3 1947 ’
77 1939 289 1986 continuo
317 1936 609 1998 possidentur.
642 1937 868 1997 Numquid
900 1938 984 1983 hoc
1017 1947 1081 1982 est
1110 1953 1264 1982 aurum
1286 1954 1460 1993 amare,

0 2013 2 2019 '
77 2008 200 2072 quod
216 2024 373 2054 aurum
394 2009 587 2053 habere?
605 2008 734 2053 Multi
756 2017 905 2053 amant
919 2044 932 2064 ‚
950 2018 994 2053 et
1015 2024 1103 2054 non
1128 2009 1303 2053 habent.
1324 2011 1465 2054 Num-

77 2079 188 2142 quid
212 2080 297 2124 hoc
319 2087 383 2123 est
403 2079 565 2123 habere
585 2078 788 2123 latissima
809 2088 852 2123 et
885 2079 1121 2124 lautissima
1139 2079 1319 2139 praedia,
1344 2079 1464 2138 quod

79 2151 210 2196 multi
242 2158 413 2206 amant,
448 2158 491 2193 et
523 2164 612 2194 non
647 2149 841 2194 habent?
861 2151 1084 2210 Numquid
1114 2151 1194 2195 hoc
1229 2158 1291 2194 est
1324 2164 1465 2193 amare

80 2222 321 2275 honorem,
360 2219 482 2281 quod
524 2220 683 2264 habere
724 2221 965 2265 honorem?
1002 2220 1126 2264 Multi
1173 2220 1262 2263 sine
1304 2221 1466 2263 honore

81 2291 363 2336 inardescunt
409 2290 570 2334 habere
607 2300 851 2350 :quaerunt
891 2290 1075 2342 habere,
1127 2299 1168 2333 et
1211 2289 1468 2349 plerumque

83 2371 184 2407 ante
224 2361 494 2415 moriuntur,
520 2375 652 2420 quam
669 2361 892 2411 inveniant
915 2358 1031 2418 quod
1063 2360 1332 2418 quaerebant.
1361 2362 1470 2402 Deus

83 2433 210 2478 nobis
230 2432 286 2477 de
304 2432 564 2491 compendio
580 2447 624 2475 se
646 2433 774 2476 offert
799 2451 806 2475 :
832 2431 986 2475 clamat
1017 2431 1140 2474 nobis
1159 2465 1169 2474 .
1190 2434 1340 2473 Amare
1372 2444 1439 2472 mo
1456 2465 1466 2476 ,

83 2512 127 2548 et
168 2504 385 2548 habebitis
429 2518 525 2560 me3
576 2503 676 2564 quia
733 2517 809 2546 nec
851 2501 1024 2560 potestis
1071 2516 1213 2545 amare
1257 2515 1345 2551 me,
1387 2499 1462 2542 nisi

118 2573 324 2619 abueritis
342 2588 426 2618 me.
