1924 3309
435 247 517 287 156
824 270 829 281 .
864 257 898 286 s.
934 256 1163 288 Avensa-tm
1197 258 1381 289 muscom

430 324 571 382 Moysi
605 333 648 369 ct
680 324 800 368 Pauli
834 324 1066 370 concordia
1089 327 1217 370 etiam
1240 327 1351 385 ipsos
1379 327 1572 384 cogimus
1593 327 1810 371 confiteri.

493 398 567 440 IV.
598 399 653 440 Et
675 397 881 456 quoniam
912 398 1023 441 sicut
1058 397 1126 440 isti
1150 395 1238 441 duo
1266 397 1369 452 sibi,
1395 399 1454 442 sic
1478 399 1609 442 etiam
1631 400 1818 443 Joannes

431 467 646 511 consentit
667 467 881 511 ambobus
905 486 912 511 :
939 466 1042 526 quia
1063 466 1122 509 ita
1146 465 1253 511 dixit
1278 486 1298 509 «
1324 482 1399 526 per
1416 468 1557 527 ipsum
1574 503 1585 523 ,
1613 486 1633 509 »
1656 477 1706 512 ut
1730 485 1751 511 «
1774 469 1819 512 in

433 554 453 578 »
474 537 567 596 ipso
585 554 605 578 »
620 536 805 596 intelligi
829 553 919 582 non
940 536 1191 596 prohibeat:
1208 538 1354 582 omnia
1371 538 1516 582 divina
1533 539 1691 598 scripta
1706 539 1820 584 inter

431 621 474 650 se
501 615 651 666 pacata
672 607 929 652 consistunt.
958 605 1043 651 Sed
1065 606 1438 666 quemadmodum
1461 607 1570 652 solet
1593 608 1788 653 accidere
1804 644 1816 664 ‚

429 686 481 721 ut
514 676 693 737 quando
727 685 998 722 transeuntes
1030 676 1170 720 nubes
1205 692 1282 736 per
1304 678 1490 723 obscura
1511 678 1650 723 noctis
1672 679 1819 724 intue-

429 761 544 803 mur,
566 762 716 791 earum
739 746 921 805 caligine
942 747 1000 790 sic
1024 746 1133 791 acies
1156 756 1303 792 nostra
1320 748 1525 792 turbetur
1539 783 1550 803 ,
1575 757 1626 793 ut
1642 748 1688 792 in
1709 764 1820 794 con-

431 819 611 862 trarium
632 818 757 863 nobis
781 817 918 862 sidera
940 832 1112 862 currere
1133 817 1365 863 videantur
1390 838 1399 864 ε
1420 818 1479 863 sic
1495 819 1565 863 isti
1593 819 1787 864 haeretici
1805 855 1817 875 ‚

428 889 530 948 quia
552 889 598 932 in
626 889 693 933 sui
715 889 869 933 erroris
891 887 1044 933 nubilo
1067 903 1217 948 pacem
1245 904 1336 933 non
1359 889 1590 933 inveniunt
1607 923 1618 944 ‚
1643 888 1823 934 videtur

429 959 487 1002 eis
504 959 647 1018 potius
665 958 811 1003 divina
835 959 1056 1018 Scriptura
1080 959 1223 1004 rixari.

501 1031 554 1071 V.
588 1029 796 1073 Fortassis
828 1028 1000 1084 dicant,
1029 1044 1120 1074 non
1153 1029 1208 1073 de
1231 1030 1376 1073 Verbo
1401 1030 1478 1073 Dei
1501 1028 1668 1074 dictum
1693 1044 1783 1075 esse
1805 1049 1814 1074 :

432 1118 453 1141 «
488 1101 539 1143 In
560 1100 774 1158 principio
797 1098 900 1144 fecit
931 1103 1043 1144 Deus
1071 1099 1234 1145 coelum
1272 1109 1315 1144 et
1338 1109 1511 1144 terram.
1539 1118 1558 1141 »
1590 1103 1679 1145 Fac
1702 1115 1792 1144 esse
1809 1135 1821 1155 ‚

429 1169 580 1213 nonin
598 1168 811 1228 principio
828 1204 839 1224 ‚
855 1168 976 1228 quod
993 1178 1056 1213 est
1083 1170 1235 1214 unicus
1254 1169 1390 1213 Filius
1408 1170 1510 1228 Dei3
1527 1169 1605 1213 sed
1629 1170 1675 1213 in
1706 1170 1824 1229 prin-

428 1239 541 1297 cipio
555 1239 763 1298 temporis
775 1238 943 1283 dictum
956 1238 1226 1298 intelligatur
1240 1239 1360 1299 quod
1382 1240 1591 1298 scriptum
1609 1248 1673 1284 est
1695 1258 1704 1284 :
1730 1258 1751 1281 «
1771 1242 1821 1283 In

430 1327 450 1349 n
486 1309 699 1368 principio
724 1308 826 1353 fecit
844 1312 955 1353 Deus
972 1309 1138 1353 coelum
1161 1318 1204 1352 et
1226 1319 1385 1354 terram
1413 1328 1421 1354 :
1451 1327 1470 1349 »
1498 1324 1588 1353 non
1610 1309 1713 1369 quia
1724 1310 1814 1369 jam

427 1388 711 1438 eratttempus
732 1413 744 1434 ‚
769 1388 1003 1439 antequam
1026 1390 1135 1424 esset
1157 1379 1279 1424 nulla
1302 1389 1500 1424 creatura
1527 1399 1535 1423 2
1560 1382 1683 1437 (non
1701 1381 1815 1424 enim

427 1449 496 1493 vel
524 1458 695 1509 tempus
729 1465 818 1494 esse
852 1459 1120 1495 coaeternum
1156 1452 1389 1511 quisquam
1419 1451 1575 1494 dixerit
1598 1454 1688 1495 Deo
1708 1486 1719 1506 ‚
1745 1451 1821 1510 qui

427 1530 490 1564 est
526 1521 728 1566 conditor
755 1531 1002 1580 temporum
1024 1526 1063 1578 z)
1092 1522 1168 1567 sed
1191 1532 1240 1567 ut
1267 1538 1369 1566 cum
1391 1522 1504 1567 coelo
1527 1532 1569 1566 et
1593 1532 1707 1566 terra
1730 1538 1820 1566 esse

427 1590 609 1649 coeperit
631 1599 818 1649 tempus.
833 1590 876 1634 Si
900 1606 1002 1649 ergo
1025 1592 1211 1650 quisque
1226 1592 1285 1635 sic
1307 1590 1539 1650 intelligat,
1558 1607 1821 1650 cognoscens

426 1659 640 1703 duntaxat
673 1668 885 1704 creaturae
916 1661 1220 1720 Creatorisque
1255 1659 1529 1716 distantiam,
1556 1677 1612 1705 ne
1640 1671 1818 1706 coaeter-

427 1745 533 1773 num
556 1733 647 1773 Deo
668 1730 745 1788 qui
762 1729 882 1784 fecit,
901 1730 1016 1773 dicat
1038 1745 1128 1773 esse
1151 1728 1272 1789 quod
1294 1730 1424 1788 fecit3
1448 1740 1564 1775 certe
1586 1731 1657 1775 vel
1678 1732 1723 1774 in
1744 1730 1820 1774 illo

427 1800 560 1844 verbo
590 1799 781 1843 elucebit
814 1815 1021 1843 numerus
1058 1815 1370 1858 personarum,
1403 1801 1480 1842 ubi
1517 1799 1683 1844 dictum
1719 1810 1814 1845 est:

431 1888 451 1911 «
475 1869 701 1912 Faciamus
724 1869 946 1912 hominem
970 1868 1025 1910 ad
1046 1867 1278 1924 imaginem
1301 1877 1344 1911 et
1365 1866 1694 1912 similitudinem
1716 1885 1817 1914 nos-

429 1958 448 1981 »
476 1941 607 1982 tram¹
634 1957 642 1983 :
668 1957 686 1978 »
702 1947 762 1993 et,
780 1938 933 1981 «Fecit
955 1940 1067 1980 Deus
1085 1937 1307 1981 hominem
1330 1937 1385 1982 ad
1406 1938 1637 1996 imaginem
1662 1940 1812 1984 Dei2.»

425 2011 686 2067 Quanquam
709 2006 875 2051 etiamsi
898 2022 987 2050 non
1009 2016 1260 2065 appareret,
1283 2017 1326 2051 et
1347 2008 1428 2051 sub
1460 2009 1637 2053 unitatis
1660 2010 1812 2068 appel—

425 2078 585 2122 latione
622 2077 805 2120 Trinitas
843 2075 1187 2134 intelligentibus
1228 2077 1520 2122 insinuaretur
1538 2099 1549 2135 3
1589 2094 1678 2123 non
1714 2079 1812 2124 ideo

425 2148 690 2192 contrarium
720 2147 934 2206 principio
957 2148 1192 2202 Geneseos,
1219 2149 1444 2206 Evangelii
1467 2150 1726 2208 principium
1745 2151 1811 2194 vi-

426 2217 516 2261 deri
538 2217 694 2261 debuit
710 2216 999 2276 prudentibus
1020 2235 1027 2259 :
1049 2231 1138 2260 non
1161 2217 1277 2260 enim
1301 2216 1436 2261 videri
1459 2219 1538 2262 nisi
1557 2219 1814 2278 impruden-

427 2287 543 2329 tibus
560 2287 718 2344 potuit.
748 2286 968 2330 Habemus
992 2286 1108 2328 enim
1132 2285 1284 2329 talium
1310 2287 1355 2329 in
1381 2288 1612 2346 Scripturis
1632 2287 1814 2332 locutio-

426 2371 533 2400 num
558 2356 785 2399 innumera
807 2354 1016 2415 exempla.
1031 2359 1127 2415 Ipse
1145 2357 1355 2401 Dominus
1373 2358 1556 2417 loquens
1574 2359 1633 2402 ait
1652 2378 1660 2402 :
1680 2377 1700 2400 «
1721 2362 1813 2416 Ego

430 2444 449 2467 »
485 2435 632 2469 autem
650 2426 747 2470 dico
770 2426 893 2470 vobis
910 2461 920 2480 ‚
947 2429 1042 2471 Non
1058 2427 1205 2486 jurare
1226 2428 1405 2472 omnino
1422 2462 1432 2482 ,
1459 2444 1602 2487 neque
1624 2444 1702 2487 per
1718 2444 1813 2473 coe-

429 2513 449 2535 »
485 2494 575 2537 lum
596 2529 607 2549 ‚
639 2496 739 2554 quia
758 2495 878 2539 sedes
903 2497 978 2539 Dei
1001 2505 1064 2540 est
1086 2517 1096 2551 3
1122 2511 1265 2555 neque
1286 2511 1362 2554 per
1386 2507 1541 2540 terram
1560 2533 1569 2546 ,
1591 2498 1691 2556 quia
1720 2513 1811 2542 sca-

475 2587 483 2600 1
511 2580 590 2609 Gon.
613 2590 636 2618 ι,
663 2579 717 2608 QG.
744 2596 784 2600 ——
802 2586 812 2600 ⁹
835 2579 901 2609 ibid
937 2588 990 2620 27.
