1867 3320
36 2271 54 2449 ἒ

39 2462 52 2500 i

40 2532 50 2555 1

432 246 570 276 snnuo
600 248 698 288 xlx,
732 251 777 279 111
808 252 965 282 ΡεΑιΜο
997 259 1040 294 1.,
1077 251 1114 285 5.
1356 256 1436 294 335

93 312 161 357 nit
188 314 373 356 Lazarus
394 311 629 357 ulcerosus.
661 315 776 367 Quid
798 326 860 362 est
887 319 968 364 hoc
985 323 1002 363 Ρ
1017 324 1134 380 quod
1157 325 1306 372 habuit
1326 330 1441 375 dives

90 382 283 426 inflatus.
309 380 429 435 Quid
450 391 512 426 est
529 382 671 427 illud?
693 386 809 444 quod
828 388 966 446 perire
985 405 1071 433 non
1088 401 1235 449 potest.
1255 398 1363 449 Quid
1382 410 1443 443 est

90 453 208 498 hoc?
229 451 352 513 quod
372 452 512 496 teneri
532 468 620 498 non
641 464 793 513 potest.
814 457 928 511 Quid
945 468 1008 503 est
1021 458 1155 504 illud?
1176 464 1247 506 ubi
1267 480 1351 511 non
1368 470 1445 512 erit

91 523 234 569 labor.
255 522 370 578 Quid
389 533 454 568 est
469 523 553 569 hoc
570 526 587 568 Ρ
604 525 722 585 quod
743 543 830 572 non
846 528 1003 575 deserit
1019 531 1160 576 timor.
1178 552 1198 574 u
1214 535 1321 587 Quid
1337 540 1445 582 enim

94 611 118 637 »
151 594 259 639 mihi
277 603 342 640 est
363 595 409 639 in
430 594 579 639 coelo?
600 613 621 636 »
644 596 790 650 Quid?
813 601 907 658 Ipse
927 600 1003 660 qui
1022 600 1124 646 fecit
1150 602 1307 648 coelum
1324 627 1334 661 ·,
1352 622 1447 665 pre·

94 665 207 710 tium
226 664 330 710 fidei
358 674 446 711 tuae
469 668 583 710 Deus
614 675 712 711 tuus
733 677 822 727 est3
843 669 981 729 ipsum
1017 671 1194 717 habebis
1210 707 1222 728 ‚
1253 690 1295 718 se
1315 675 1451 734 ipsum

94 745 311 796 praeparat
329 737 560 796 praemium
581 737 819 784 cultoribus
840 740 938 784 suis.
963 742 1263 799 Considerate,
1296 746 1453 790 charis-

93 806 220 862 simi,
245 806 490 853 universam
506 816 743 852 creaturam
755 843 766 863 ‚
785 809 943 854 coelum
959 846 970 867 ‚
989 821 1142 856 terram
1158 847 1171 868 ,
1202 829 1316 857 mare
1330 849 1340 868 ‚
1360 831 1453 874 quae

95 877 143 922 in
164 876 294 933 coelo,
312 893 413 938 quae
429 877 477 922 in
498 886 635 933 terra,
653 894 751 939 quae
771 880 815 923 in
829 882 949 935 mari,
972 897 1098 941 quam
1115 882 1309 942 pulchra,
1327 901 1453 944 quam

96 948 222 1004 mira,
238 964 371 1009 quam
386 948 518 1008 digne
533 948 816 1010 ordinateque
836 949 1050 1009 disposita.
1071 955 1246 997 Movent
1261 969 1332 998 vos
1354 955 1455 998 ista?

95 1021 277 1064 Movent
309 1019 453 1079 plane.
479 1021 656 1073 Quare?
677 1019 777 1079 quia
808 1020 986 1079 pulchra
1017 1030 1131 1065 sunt.
1157 1023 1270 1074 Quid
1298 1033 1360 1066 est
1386 1025 1458 1082 qui

96 1086 233 1133 fecit?
272 1092 384 1134 Puto
411 1090 744 1134 rehebesceretis
760 1124 771 1145 ,
815 1090 847 1133 si
870 1088 1068 1134 videretis
1102 1090 1458 1149 pulchritudinem

98 1158 380 1217 Angelorum.
406 1159 525 1214 Quid
551 1169 616 1205 est
642 1176 744 1219 ergo
766 1170 929 1205 creator
960 1161 1247 1218 Angelorum?
1275 1165 1366 1220 lpse
1400 1172 1459 1205 cst

97 1229 328 1289 praemium
345 1230 447 1275 fidei
469 1239 637 1275 vestrae.
664 1231 817 1286 Avari,
840 1229 946 1291 quid
966 1230 1084 1275 vobis
1105 1231 1275 1285 sufficit,
1299 1231 1332 1275 si
1352 1234 1458 1275 Deus

99 1298 189 1358 ipse
210 1315 301 1344 non
321 1301 444 1346 vobis
461 1300 655 1345 sufficit?

157 1372 234 1416 VI.
254 1373 371 1416 Bene
393 1387 496 1431 ergo
514 1372 709 1417 vivamus
725 1405 736 1426 ‚
761 1379 804 1415 et
820 1379 868 1414 ut
889 1371 970 1414 hoc
999 1370 1203 1429 possimus
1219 1404 1229 1423 ,
1261 1385 1357 1413 eum
1386 1371 1457 1429 qui

103 1439 188 1485 hoc
216 1442 423 1502 praecepit
440 1477 451 1497 ‚
476 1442 742 1487 invocemus.
769 1443 916 1500 Neque
940 1440 1062 1484 bonae
1084 1441 1182 1483 vitae
1208 1449 1358 1483 nostra:
1379 1449 1459 1483 ter-

98 1525 247 1555 renam
269 1511 517 1557 mercedem
539 1528 562 1557 a
576 1511 759 1556 Domino
783 1512 1059 1570 requiramus.
1077 1510 1142 1553 Ad
1160 1508 1228 1553 illa
1250 1525 1345 1568 quw
1369 1524 1460 1568 pro-

101 1581 366 1639 mittuntur,
398 1583 686 1628 intentionem
724 1590 910 1626 nostram
935 1579 1222 1624 extendamus.
1252 1583 1334 1623 Cor
1362 1595 1459 1622 nos-

101 1661 218 1698 trum
237 1653 299 1698 ibi
321 1669 551 1713 ponamus,
572 1654 649 1697 ubi
671 1662 911 1712 putrescere
933 1667 1018 1695 000
1036 1660 1172 1710 potest
1192 1648 1459 1692 saecularibus

30 1750 34 1754 ·
98 1723 231 1768 curis.
274 1726 518 1769 Transeunt
553 1724 660 1778 ista,
694 1739 793 1782 quae
826 1732 1038 1780 occupant
1075 1719 1291 1775 homini-53
1322 1718 1460 1762 volant

29 1801 35 1807 ‘
101 1793 204 1852 ista3
221 1809 356 1854 vapor
371 1804 437 1839 est
456 1795 545 1839 vita
560 1795 752 1838 humana
773 1807 899 1851 super
917 1789 1317 1835 terram.Acceduiit
1337 1791 1460 1832 ctiam

101 1863 235 1925 ipsius
249 1864 413 1925 fragilis
429 1866 531 1910 vitae
552 1874 669 1910 tanta
683 1874 726 1908 et
745 1874 829 1908 tarn
847 1862 1092 1922 quotidiana
1111 1861 1310 1920 pericula.
1326 1862 1461 1903 'rei-rac

100 1945 244 1981 motus
267 1937 412 1995 magni
434 1937 488 1981 de
515 1936 808 1981 Orientalibus
835 1934 1087 1977 nuntiantur
1116 1936 1207 1986 (7);
1246 1929 1460 1973 00000110·

101 2020 272 2066 magnae
294 2008 529 2067 repentinis
545 2010 558 2033 ¹
593 2006 791 2066 collapsae
813 2013 910 2047 sunt
935 2002 1135 2045 civitates.
1170 1999 1314 2041 Territi
1347 1998 1458 2057 apud

30 2081 37 2089 ’
102 2078 416 2137 Jerosolymam
444 2079 520 2139 qui
555 2079 725 2122 inerant
746 2075 908 2127 Judaei,
935 2071 1110 2131 pagani,
1136 2068 1423 2112 0010011001οιιί
1445 2102 1454 2115 ,

31 2150 46 2214 'J
83 2165 250 2196 omnes
278 2159 380 2194 sunt
401 2150 621 2209 baptizati.
650 2148 855 2192 Dicuntur
888 2144 1056 2187 tortasse
1080 2139 1272 2197 baptizati
1300 2149 1456 2195 >epu-ui

37 2226 43 2243 ¹
102 2220 236 2266 millia
257 2220 502 2264 hominum.
547 2220 722 2277 Signum
759 2215 911 2261 Christi
946 2214 986 2255 10
1011 2211 1190 2253 vestibus
1213 2208 1456 2251 ,iudai-orum

102 2290 421 2352 baptizatorum
445 2290 658 2350 apparuit.
685 2286 838 2331 uolatu
863 2285 1036 2328 fratrum
1056 2279 1241 2322 1111011001
1265 2288 1458 2320 constan-

38 2361 49 2399 3
102 2362 265 2408 tissimo
285 2361 363 2406 ista
386 2361 658 2404 nuntiantur.
689 2355 894 2402 Sitifensis
915 2353 1037 2396 ctiam
1058 2351 1199 2392 civitais
1222 2348 1457 2405 gravissimo

104 2441 230 2478 terrae
248 2441 370 2477 motu
388 2447 595 2476 concussa
616 2438 678 2473 est
699 2434 777 2485 (8),
801 2435 845 2469 ut
874 2438 1015 2467 onim-s·
1040 2421 1146 2462 forti·
1164 2420 1350 2477 quinqm·
1367 2418 1456 2458 dn·-

104 2502 185 2548 bus
206 2503 252 2547 in
273 2502 384 2562 agris
408 2509 654 2553 manerent,
679 2507 720 2542 01
743 2497 800 2540 ibi
821 2494 1024 2552 baptisma
1047 2489 1245 2533 dicuntur
1269 2487 1351 2529 lbra·
1369 2485 1455 2527 duo

152 2592 161 2610 ¹
182 2588 286 2620 Forte
305 2585 387 2619 udd.
408 2585 515 2619 ruinis.
