<?xml version="1.0" encoding="UTF-8"?>
<!DOCTYPE html PUBLIC "-//W3C//DTD XHTML 1.0 Transitional//EN"
    "http://www.w3.org/TR/xhtml1/DTD/xhtml1-transitional.dtd">
<html xmlns="http://www.w3.org/1999/xhtml" xml:lang="en" lang="en">
 <head>
  <title>
</title>
<meta http-equiv="Content-Type" content="text/html;charset=utf-8" />
  <meta name='ocr-system' content='tesseract 3.04.00' />
  <meta name='ocr-capabilities' content='ocr_page ocr_carea ocr_par ocr_line ocrx_word'/>
</head>
<body>
  <div class='ocr_page' id='page_1' title='image "./operaomniaaccura17auguuoft_0378.png"; bbox 0 0 1924 3309; ppageno 0'>
   <div class='ocr_carea' id='block_1_1' title="bbox 439 259 1372 298">
    <p class='ocr_par' dir='ltr' id='par_1_1' title="bbox 439 259 1372 298">
     <span class='ocr_line' id='line_1_1' title="bbox 439 259 1372 298; baseline -0.006 -1"><span class='ocrx_word' id='word_1_1' title='bbox 439 259 522 298; x_wconf 88' lang='grc'>366</span> <span class='ocrx_word' id='word_1_2' title='bbox 859 263 894 294; x_wconf 89' lang='lat' dir='ltr'>s.</span> <span class='ocrx_word' id='word_1_3' title='bbox 929 262 1159 295; x_wconf 72' lang='lat' dir='ltr'>Aucusnm</span> <span class='ocrx_word' id='word_1_4' title='bbox 1192 264 1372 293; x_wconf 80' lang='lat' dir='ltr'>EPISCOPI</span> 
     </span>
    </p>
   </div>
   <div class='ocr_carea' id='block_1_2' title="bbox 430 326 1823 2507">
    <p class='ocr_par' dir='ltr' id='par_1_2' title="bbox 430 326 1823 1448">
     <span class='ocr_line' id='line_1_2' title="bbox 436 326 1818 392; baseline -0.003 -15"><span class='ocrx_word' id='word_1_5' title='bbox 436 334 508 377; x_wconf 84' lang='lat' dir='ltr'>illa</span> <span class='ocrx_word' id='word_1_6' title='bbox 525 331 751 392; x_wconf 77' lang='lat' dir='ltr'>spiritalis,</span> <span class='ocrx_word' id='word_1_7' title='bbox 777 340 923 376; x_wconf 87' lang='lat' dir='ltr'>tamen</span> <span class='ocrx_word' id='word_1_8' title='bbox 944 346 1060 391; x_wconf 85' lang='lat' dir='ltr'>saepe</span> <span class='ocrx_word' id='word_1_9' title='bbox 1090 345 1189 375; x_wconf 89' lang='lat' dir='ltr'>cum</span> <span class='ocrx_word' id='word_1_10' title='bbox 1211 326 1458 374; x_wconf 87' lang='lat' dir='ltr'>carnalibus</span> <span class='ocrx_word' id='word_1_11' title='bbox 1479 329 1603 388; x_wconf 89' lang='lat' dir='ltr'><strong>quasi</strong></span> <span class='ocrx_word' id='word_1_12' title='bbox 1630 328 1818 374; x_wconf 86' lang='lat' dir='ltr'>carnali-</span> 
     </span>
     <span class='ocr_line' id='line_1_3' title="bbox 435 398 1819 453; baseline -0.001 -7"><span class='ocrx_word' id='word_1_13' title='bbox 435 413 501 447; x_wconf 83' lang='lat' dir='ltr'>ter</span> <span class='ocrx_word' id='word_1_14' title='bbox 522 401 732 447; x_wconf 90' lang='lat' dir='ltr'>ambulat.</span> <span class='ocrx_word' id='word_1_15' title='bbox 761 402 845 447; x_wconf 99' lang='lat' dir='ltr'>Sed</span> <span class='ocrx_word' id='word_1_16' title='bbox 866 418 956 447; x_wconf 92' lang='lat' dir='ltr'>non</span> <span class='ocrx_word' id='word_1_17' title='bbox 974 417 1044 446; x_wconf 90' lang='lat' dir='ltr'>eos</span> <span class='ocrx_word' id='word_1_18' title='bbox 1060 400 1156 445; x_wconf 85' lang='lat' dir='ltr'>vult</span> <span class='ocrx_word' id='word_1_19' title='bbox 1173 413 1394 444; x_wconf 89' lang='lat' dir='ltr'>remanere</span> <span class='ocrx_word' id='word_1_20' title='bbox 1415 398 1622 444; x_wconf 88' lang='lat' dir='ltr'>carnales.</span> <span class='ocrx_word' id='word_1_21' title='bbox 1645 399 1758 453; x_wconf 86' lang='lat' dir='ltr'><strong>Quia</strong></span> <span class='ocrx_word' id='word_1_22' title='bbox 1774 407 1819 444; x_wconf 89' lang='lat' dir='ltr'>et</span> 
     </span>
     <span class='ocr_line' id='line_1_4' title="bbox 434 462 1820 532; baseline -0.001 -15"><span class='ocrx_word' id='word_1_23' title='bbox 434 482 571 518; x_wconf 89' lang='lat' dir='ltr'>mater</span> <span class='ocrx_word' id='word_1_24' title='bbox 588 472 820 532; x_wconf 90' lang='lat' dir='ltr'>parvulum</span> <span class='ocrx_word' id='word_1_25' title='bbox 842 482 956 518; x_wconf 87' lang='lat' dir='ltr'>amat</span> <span class='ocrx_word' id='word_1_26' title='bbox 976 472 1142 516; x_wconf 89' lang='lat' dir='ltr'>nutrire</span> <span class='ocrx_word' id='word_1_27' title='bbox 1161 505 1172 526; x_wconf 86' lang='lat'><strong>‚</strong></span> <span class='ocrx_word' id='word_1_28' title='bbox 1194 470 1270 514; x_wconf 91' lang='lat' dir='ltr'>sed</span> <span class='ocrx_word' id='word_1_29' title='bbox 1294 485 1396 514; x_wconf 88' lang='lat' dir='ltr'>eum</span> <span class='ocrx_word' id='word_1_30' title='bbox 1413 462 1502 515; x_wconf 90' lang='lat' dir='ltr'>non</span> <span class='ocrx_word' id='word_1_31' title='bbox 1520 479 1636 515; x_wconf 88' lang='lat' dir='ltr'>amat</span> <span class='ocrx_word' id='word_1_32' title='bbox 1657 485 1820 530; x_wconf 87' lang='lat' dir='ltr'>parvu-</span> 
     </span>
     <span class='ocr_line' id='line_1_5' title="bbox 433 540 1820 596; baseline -0.002 -8"><span class='ocrx_word' id='word_1_33' title='bbox 433 543 528 588; x_wconf 91' lang='lat' dir='ltr'>lum</span> <span class='ocrx_word' id='word_1_34' title='bbox 565 559 802 588; x_wconf 86' lang='lat' dir='ltr'>remanere.</span> <span class='ocrx_word' id='word_1_35' title='bbox 830 547 881 587; x_wconf 88' lang='lat' dir='ltr'>In</span> <span class='ocrx_word' id='word_1_36' title='bbox 915 544 1011 587; x_wconf 92' lang='lat' dir='ltr'>sinu</span> <span class='ocrx_word' id='word_1_37' title='bbox 1035 550 1175 596; x_wconf 85' lang='lat' dir='ltr'>tenet,</span> <span class='ocrx_word' id='word_1_38' title='bbox 1200 541 1401 585; x_wconf 89' lang='lat' dir='ltr'>manibus</span> <span class='ocrx_word' id='word_1_39' title='bbox 1432 541 1573 596; x_wconf 79' lang='lat' dir='ltr'>fovet,</span> <span class='ocrx_word' id='word_1_40' title='bbox 1599 540 1820 585; x_wconf 82' lang='lat' dir='ltr'>blanditiis</span> 
     </span>
     <span class='ocr_line' id='line_1_6' title="bbox 435 610 1821 671; baseline -0.002 -14"><span class='ocrx_word' id='word_1_41' title='bbox 435 613 706 670; x_wconf 83' lang='lat' dir='ltr'>consolatur,</span> <span class='ocrx_word' id='word_1_42' title='bbox 737 614 848 658; x_wconf 85' lang='lat' dir='ltr'>lacte</span> <span class='ocrx_word' id='word_1_43' title='bbox 871 613 1024 657; x_wconf 86' lang='lat' dir='ltr'>nutrit.</span> <span class='ocrx_word' id='word_1_44' title='bbox 1050 611 1208 656; x_wconf 88' lang='lat' dir='ltr'>Omnia</span> <span class='ocrx_word' id='word_1_45' title='bbox 1233 611 1418 671; x_wconf 87' lang='lat' dir='ltr'>parvulo</span> <span class='ocrx_word' id='word_1_46' title='bbox 1443 611 1549 656; x_wconf 86' lang='lat' dir='ltr'>facit</span> <span class='ocrx_word' id='word_1_47' title='bbox 1569 630 1579 656; x_wconf 72' lang='grc' dir='ltr'>ε</span> <span class='ocrx_word' id='word_1_48' title='bbox 1599 610 1675 655; x_wconf 92' lang='lat' dir='ltr'>sed</span> <span class='ocrx_word' id='word_1_49' title='bbox 1697 619 1821 670; x_wconf 88' lang='lat' dir='ltr'>optat</span> 
     </span>
     <span class='ocr_line' id='line_1_7' title="bbox 435 680 1817 742; baseline -0.001 -15"><span class='ocrx_word' id='word_1_50' title='bbox 435 693 485 728; x_wconf 90' lang='lat' dir='ltr'>ut</span> <span class='ocrx_word' id='word_1_51' title='bbox 513 694 700 739; x_wconf 89' lang='lat' dir='ltr'>crescat,</span> <span class='ocrx_word' id='word_1_52' title='bbox 737 699 792 727; x_wconf 92' lang='lat' dir='ltr'>ne</span> <span class='ocrx_word' id='word_1_53' title='bbox 826 698 994 742; x_wconf 86' lang='lat' dir='ltr'>semper</span> <span class='ocrx_word' id='word_1_54' title='bbox 1025 682 1126 726; x_wconf 85' lang='lat' dir='ltr'>talia</span> <span class='ocrx_word' id='word_1_55' title='bbox 1159 681 1304 726; x_wconf 89' lang='lat' dir='ltr'>faciat.</span> <span class='ocrx_word' id='word_1_56' title='bbox 1337 681 1492 726; x_wconf 89' lang='lat' dir='ltr'>Videte</span> <span class='ocrx_word' id='word_1_57' title='bbox 1522 680 1782 741; x_wconf 87' lang='lat' dir='ltr'>Apostolum</span> <span class='ocrx_word' id='word_1_58' title='bbox 1807 699 1817 726; x_wconf 78' lang='lat' dir='ltr'><strong><em>z</em></strong></span> 
     </span>
     <span class='ocr_line' id='line_1_8' title="bbox 434 750 1820 813; baseline -0.001 -16"><span class='ocrx_word' id='word_1_59' title='bbox 434 754 589 799; x_wconf 88' lang='lat' dir='ltr'>melius</span> <span class='ocrx_word' id='word_1_60' title='bbox 612 755 724 799; x_wconf 88' lang='lat' dir='ltr'>enim</span> <span class='ocrx_word' id='word_1_61' title='bbox 755 754 899 813; x_wconf 88' lang='lat' dir='ltr'>ipsum</span> <span class='ocrx_word' id='word_1_62' title='bbox 919 753 1143 797; x_wconf 90' lang='lat' dir='ltr'>intuemur</span> <span class='ocrx_word' id='word_1_63' title='bbox 1161 787 1171 807; x_wconf 82' lang='lat'>,</span> <span class='ocrx_word' id='word_1_64' title='bbox 1198 750 1275 812; x_wconf 92' lang='lat' dir='ltr'>qui</span> <span class='ocrx_word' id='word_1_65' title='bbox 1296 767 1340 796; x_wconf 91' lang='lat' dir='ltr'>se</span> <span class='ocrx_word' id='word_1_66' title='bbox 1361 752 1492 796; x_wconf 84' lang='lat' dir='ltr'>etiam</span> <span class='ocrx_word' id='word_1_67' title='bbox 1513 761 1695 796; x_wconf 89' lang='lat' dir='ltr'>matrem</span> <span class='ocrx_word' id='word_1_68' title='bbox 1730 766 1820 796; x_wconf 91' lang='lat' dir='ltr'>non</span> 
     </span>
     <span class='ocr_line' id='line_1_9' title="bbox 435 822 1822 884; baseline -0.001 -17"><span class='ocrx_word' id='word_1_69' title='bbox 435 824 695 884; x_wconf 82' lang='lat' dir='ltr'>dedignatus</span> <span class='ocrx_word' id='word_1_70' title='bbox 716 833 779 868; x_wconf 90' lang='lat' dir='ltr'>est</span> <span class='ocrx_word' id='word_1_71' title='bbox 796 823 940 868; x_wconf 86' lang='lat' dir='ltr'>dicere</span> <span class='ocrx_word' id='word_1_72' title='bbox 959 859 970 878; x_wconf 93' lang='lat'>,</span> <span class='ocrx_word' id='word_1_73' title='bbox 995 824 1074 868; x_wconf 89' lang='lat' dir='ltr'>ubi</span> <span class='ocrx_word' id='word_1_74' title='bbox 1091 824 1151 868; x_wconf 90' lang='lat' dir='ltr'>ait</span> <span class='ocrx_word' id='word_1_75' title='bbox 1176 842 1185 868; x_wconf 87' lang='lat'>:</span> <span class='ocrx_word' id='word_1_76' title='bbox 1215 842 1232 865; x_wconf 77' lang='lat' dir='ltr'>a</span> <span class='ocrx_word' id='word_1_77' title='bbox 1261 826 1420 867; x_wconf 89' lang='lat' dir='ltr'>Factus</span> <span class='ocrx_word' id='word_1_78' title='bbox 1437 839 1533 868; x_wconf 91' lang='lat' dir='ltr'>sum</span> <span class='ocrx_word' id='word_1_79' title='bbox 1555 822 1822 883; x_wconf 87' lang='lat' dir='ltr'>parvulusin</span> 
     </span>
     <span class='ocr_line' id='line_1_10' title="bbox 436 894 1817 955; baseline 0.001 -19"><span class='ocrx_word' id='word_1_80' title='bbox 436 913 457 937; x_wconf 88' lang='lat'>»</span> <span class='ocrx_word' id='word_1_81' title='bbox 491 895 635 940; x_wconf 89' lang='lat' dir='ltr'>medio</span> <span class='ocrx_word' id='word_1_82' title='bbox 655 904 847 940; x_wconf 89' lang='lat' dir='ltr'>vestrum</span> <span class='ocrx_word' id='word_1_83' title='bbox 866 930 878 951; x_wconf 89' lang='lat'>‚</span> <span class='ocrx_word' id='word_1_84' title='bbox 902 904 1113 955; x_wconf 83' lang='lat' dir='ltr'>tanquam</span> <span class='ocrx_word' id='word_1_85' title='bbox 1136 895 1283 939; x_wconf 87' lang='lat' dir='ltr'>nutrix</span> <span class='ocrx_word' id='word_1_86' title='bbox 1305 894 1459 939; x_wconf 84' lang='lat' dir='ltr'>fovens</span> <span class='ocrx_word' id='word_1_87' title='bbox 1480 894 1592 939; x_wconf 85' lang='lat' dir='ltr'>filios</span> <span class='ocrx_word' id='word_1_88' title='bbox 1620 908 1720 938; x_wconf 86' lang='lat' dir='ltr'>suos</span> <span class='ocrx_word' id='word_1_89' title='bbox 1735 895 1767 937; x_wconf 85' lang='lat'>¹.</span> <span class='ocrx_word' id='word_1_90' title='bbox 1795 910 1817 934; x_wconf 88' lang='lat'>»</span> 
     </span>
     <span class='ocr_line' id='line_1_11' title="bbox 432 966 1821 1029; baseline -0.001 -19"><span class='ocrx_word' id='word_1_91' title='bbox 432 966 666 1026; x_wconf 86' lang='lat' dir='ltr'>Apostolus</span> <span class='ocrx_word' id='word_1_92' title='bbox 688 982 792 1011; x_wconf 90' lang='lat' dir='ltr'>vero</span> <span class='ocrx_word' id='word_1_93' title='bbox 808 1000 819 1021; x_wconf 85' lang='lat'><strong>‚</strong></span> <span class='ocrx_word' id='word_1_94' title='bbox 839 981 1046 1024; x_wconf 85' lang='lat' dir='ltr'>germano</span> <span class='ocrx_word' id='word_1_95' title='bbox 1069 975 1113 1010; x_wconf 86' lang='lat' dir='ltr'>et</span> <span class='ocrx_word' id='word_1_96' title='bbox 1134 966 1207 1025; x_wconf 92' lang='lat' dir='ltr'>pio</span> <span class='ocrx_word' id='word_1_97' title='bbox 1230 966 1449 1029; x_wconf 85' lang='lat' dir='ltr'>charitatis</span> <span class='ocrx_word' id='word_1_98' title='bbox 1484 966 1648 1012; x_wconf 84' lang='lat' dir='ltr'>affectu</span> <span class='ocrx_word' id='word_1_99' title='bbox 1670 974 1714 1009; x_wconf 90' lang='lat' dir='ltr'>et</span> <span class='ocrx_word' id='word_1_100' title='bbox 1734 979 1821 1009; x_wconf 88' lang='lat' dir='ltr'>nu·-</span> 
     </span>
     <span class='ocr_line' id='line_1_12' title="bbox 432 1034 1822 1096; baseline 0 -16"><span class='ocrx_word' id='word_1_101' title='bbox 432 1037 550 1081; x_wconf 89' lang='lat' dir='ltr'>tricis</span> <span class='ocrx_word' id='word_1_102' title='bbox 571 1052 800 1096; x_wconf 89' lang='lat' dir='ltr'>personam</span> <span class='ocrx_word' id='word_1_103' title='bbox 821 1037 1009 1096; x_wconf 82' lang='lat' dir='ltr'>suscepit</span> <span class='ocrx_word' id='word_1_104' title='bbox 1027 1071 1038 1092; x_wconf 84' lang='lat'>,</span> <span class='ocrx_word' id='word_1_105' title='bbox 1065 1035 1253 1080; x_wconf 86' lang='lat' dir='ltr'>dicendo</span> <span class='ocrx_word' id='word_1_106' title='bbox 1273 1071 1285 1092; x_wconf 87' lang='lat'>‚</span> <span class='ocrx_word' id='word_1_107' title='bbox 1310 1035 1428 1081; x_wconf 89' lang='lat' dir='ltr'>fovet</span> <span class='ocrx_word' id='word_1_108' title='bbox 1445 1057 1456 1094; x_wconf 79' lang='lat'>3</span> <span class='ocrx_word' id='word_1_109' title='bbox 1481 1045 1525 1080; x_wconf 86' lang='lat' dir='ltr'>et</span> <span class='ocrx_word' id='word_1_110' title='bbox 1545 1036 1694 1081; x_wconf 87' lang='lat' dir='ltr'>matris</span> <span class='ocrx_word' id='word_1_111' title='bbox 1709 1071 1721 1091; x_wconf 90' lang='lat'>‚</span> <span class='ocrx_word' id='word_1_112' title='bbox 1740 1034 1822 1079; x_wconf 89' lang='lat' dir='ltr'>ad-</span> 
     </span>
     <span class='ocr_line' id='line_1_13' title="bbox 433 1106 1819 1168; baseline -0.001 -17"><span class='ocrx_word' id='word_1_113' title='bbox 433 1106 602 1163; x_wconf 87' lang='lat' dir='ltr'>dendo,</span> <span class='ocrx_word' id='word_1_114' title='bbox 625 1108 736 1152; x_wconf 89' lang='lat' dir='ltr'>filios</span> <span class='ocrx_word' id='word_1_115' title='bbox 760 1123 874 1153; x_wconf 90' lang='lat' dir='ltr'>suos.</span> <span class='ocrx_word' id='word_1_116' title='bbox 903 1110 1014 1153; x_wconf 90' lang='lat' dir='ltr'>Sunt</span> <span class='ocrx_word' id='word_1_117' title='bbox 1033 1108 1151 1152; x_wconf 90' lang='lat' dir='ltr'>enim</span> <span class='ocrx_word' id='word_1_118' title='bbox 1172 1108 1363 1152; x_wconf 87' lang='lat' dir='ltr'>nutrices</span> <span class='ocrx_word' id='word_1_119' title='bbox 1385 1107 1584 1153; x_wconf 83' lang='lat' dir='ltr'>foventes</span> <span class='ocrx_word' id='word_1_120' title='bbox 1613 1107 1791 1168; x_wconf 88' lang='lat' dir='ltr'>quidem</span> <span class='ocrx_word' id='word_1_121' title='bbox 1807 1141 1819 1161; x_wconf 89' lang='lat'>‚</span> 
     </span>
     <span class='ocr_line' id='line_1_14' title="bbox 432 1177 1819 1231; baseline -0.001 -10"><span class='ocrx_word' id='word_1_122' title='bbox 432 1177 508 1221; x_wconf 85' lang='lat' dir='ltr'>sed</span> <span class='ocrx_word' id='word_1_123' title='bbox 537 1193 627 1222; x_wconf 92' lang='lat' dir='ltr'>non</span> <span class='ocrx_word' id='word_1_124' title='bbox 656 1177 767 1222; x_wconf 89' lang='lat' dir='ltr'>filios</span> <span class='ocrx_word' id='word_1_125' title='bbox 788 1193 886 1222; x_wconf 91' lang='lat' dir='ltr'>suos</span> <span class='ocrx_word' id='word_1_126' title='bbox 909 1196 918 1222; x_wconf 90' lang='lat'>:</span> <span class='ocrx_word' id='word_1_127' title='bbox 942 1178 1046 1221; x_wconf 87' lang='lat' dir='ltr'>item</span> <span class='ocrx_word' id='word_1_128' title='bbox 1066 1187 1169 1222; x_wconf 91' lang='lat' dir='ltr'>sunt</span> <span class='ocrx_word' id='word_1_129' title='bbox 1189 1187 1347 1222; x_wconf 89' lang='lat' dir='ltr'>matres</span> <span class='ocrx_word' id='word_1_130' title='bbox 1375 1178 1619 1222; x_wconf 84' lang='lat' dir='ltr'>nutricibus</span> <span class='ocrx_word' id='word_1_131' title='bbox 1637 1177 1790 1222; x_wconf 87' lang='lat' dir='ltr'>dantes</span> <span class='ocrx_word' id='word_1_132' title='bbox 1807 1210 1819 1231; x_wconf 79' lang='lat'>,</span> 
     </span>
     <span class='ocr_line' id='line_1_15' title="bbox 432 1246 1823 1306; baseline 0 -15"><span class='ocrx_word' id='word_1_133' title='bbox 432 1263 521 1292; x_wconf 90' lang='lat' dir='ltr'>non</span> <span class='ocrx_word' id='word_1_134' title='bbox 545 1247 741 1293; x_wconf 86' lang='lat' dir='ltr'>foventes</span> <span class='ocrx_word' id='word_1_135' title='bbox 764 1248 875 1292; x_wconf 86' lang='lat' dir='ltr'>filios</span> <span class='ocrx_word' id='word_1_136' title='bbox 897 1263 1011 1292; x_wconf 85' lang='lat' dir='ltr'>suos.</span> <span class='ocrx_word' id='word_1_137' title='bbox 1047 1247 1170 1292; x_wconf 90' lang='lat' dir='ltr'>Idem</span> <span class='ocrx_word' id='word_1_138' title='bbox 1192 1263 1294 1306; x_wconf 86' lang='lat' dir='ltr'>ergo</span> <span class='ocrx_word' id='word_1_139' title='bbox 1315 1249 1505 1293; x_wconf 87' lang='lat' dir='ltr'>nutritor</span> <span class='ocrx_word' id='word_1_140' title='bbox 1525 1258 1569 1293; x_wconf 88' lang='lat' dir='ltr'>et</span> <span class='ocrx_word' id='word_1_141' title='bbox 1597 1246 1714 1293; x_wconf 91' lang='lat' dir='ltr'>fotor</span> <span class='ocrx_word' id='word_1_142' title='bbox 1737 1247 1823 1292; x_wconf 88' lang='lat' dir='ltr'>alio</span> 
     </span>
     <span class='ocr_line' id='line_1_16' title="bbox 430 1318 1822 1378; baseline -0.001 -15"><span class='ocrx_word' id='word_1_143' title='bbox 430 1318 528 1363; x_wconf 92' lang='lat' dir='ltr'>loco</span> <span class='ocrx_word' id='word_1_144' title='bbox 551 1318 680 1373; x_wconf 86' lang='lat' dir='ltr'>dicit,</span> <span class='ocrx_word' id='word_1_145' title='bbox 700 1319 821 1378; x_wconf 83' lang='lat' dir='ltr'>quod</span> <span class='ocrx_word' id='word_1_146' title='bbox 842 1318 975 1378; x_wconf 91' lang='lat' dir='ltr'>paulo</span> <span class='ocrx_word' id='word_1_147' title='bbox 993 1327 1093 1363; x_wconf 89' lang='lat' dir='ltr'>ante</span> <span class='ocrx_word' id='word_1_148' title='bbox 1115 1320 1453 1364; x_wconf 88' lang='lat' dir='ltr'>commemoravi</span> <span class='ocrx_word' id='word_1_149' title='bbox 1476 1337 1484 1364; x_wconf 74' lang='grc' dir='ltr'>ε</span> <span class='ocrx_word' id='word_1_150' title='bbox 1505 1320 1650 1365; x_wconf 88' lang='lat' dir='ltr'>«Cum</span> <span class='ocrx_word' id='word_1_151' title='bbox 1666 1318 1822 1364; x_wconf 85' lang='lat' dir='ltr'>timore</span> 
     </span>
     <span class='ocr_line' id='line_1_17' title="bbox 434 1388 1315 1448; baseline 0 -18"><span class='ocrx_word' id='word_1_152' title='bbox 434 1407 454 1430; x_wconf 90' lang='lat'>»</span> <span class='ocrx_word' id='word_1_153' title='bbox 490 1399 533 1433; x_wconf 93' lang='lat' dir='ltr'>et</span> <span class='ocrx_word' id='word_1_154' title='bbox 554 1398 742 1434; x_wconf 88' lang='lat' dir='ltr'>tremore</span> <span class='ocrx_word' id='word_1_155' title='bbox 763 1389 904 1434; x_wconf 83' lang='lat' dir='ltr'>multo</span> <span class='ocrx_word' id='word_1_156' title='bbox 926 1388 991 1433; x_wconf 88' lang='lat' dir='ltr'>fui</span> <span class='ocrx_word' id='word_1_157' title='bbox 1013 1388 1132 1448; x_wconf 92' lang='lat' dir='ltr'>apud</span> <span class='ocrx_word' id='word_1_158' title='bbox 1148 1392 1265 1434; x_wconf 71' lang='lat' dir='ltr'>vos2&#39;.</span> <span class='ocrx_word' id='word_1_159' title='bbox 1295 1407 1315 1430; x_wconf 88' lang='lat'>»</span> 
     </span>
    </p>

    <p class='ocr_par' dir='ltr' id='par_1_3' title="bbox 431 1458 1822 2507">
     <span class='ocr_line' id='line_1_18' title="bbox 489 1458 1820 1513; baseline -0.001 -10"><span class='ocrx_word' id='word_1_160' title='bbox 489 1462 566 1504; x_wconf 88' lang='lat' dir='ltr'>lV.</span> <span class='ocrx_word' id='word_1_161' title='bbox 593 1460 677 1504; x_wconf 94' lang='lat' dir='ltr'>Sed</span> <span class='ocrx_word' id='word_1_162' title='bbox 709 1458 815 1503; x_wconf 90' lang='lat' dir='ltr'>dicis</span> <span class='ocrx_word' id='word_1_163' title='bbox 842 1478 851 1504; x_wconf 88' lang='lat'>:</span> <span class='ocrx_word' id='word_1_164' title='bbox 876 1459 1036 1512; x_wconf 88' lang='lat' dir='ltr'>Quales</span> <span class='ocrx_word' id='word_1_165' title='bbox 1063 1458 1127 1502; x_wconf 90' lang='lat' dir='ltr'>illi</span> <span class='ocrx_word' id='word_1_166' title='bbox 1167 1468 1318 1513; x_wconf 84' lang='lat' dir='ltr'>erant,</span> <span class='ocrx_word' id='word_1_167' title='bbox 1344 1467 1393 1503; x_wconf 90' lang='lat' dir='ltr'>ut</span> <span class='ocrx_word' id='word_1_168' title='bbox 1421 1459 1495 1503; x_wconf 89' lang='lat' dir='ltr'>ille</span> <span class='ocrx_word' id='word_1_169' title='bbox 1535 1473 1637 1503; x_wconf 88' lang='lat' dir='ltr'>cum</span> <span class='ocrx_word' id='word_1_170' title='bbox 1665 1459 1820 1503; x_wconf 85' lang='lat' dir='ltr'>timore</span> 
     </span>
     <span class='ocr_line' id='line_1_19' title="bbox 431 1528 1819 1589; baseline 0.001 -16"><span class='ocrx_word' id='word_1_171' title='bbox 431 1538 474 1574; x_wconf 92' lang='lat' dir='ltr'>et</span> <span class='ocrx_word' id='word_1_172' title='bbox 495 1539 682 1575; x_wconf 84' lang='lat' dir='ltr'>tremore</span> <span class='ocrx_word' id='word_1_173' title='bbox 703 1529 844 1574; x_wconf 89' lang='lat' dir='ltr'>multo</span> <span class='ocrx_word' id='word_1_174' title='bbox 875 1538 986 1573; x_wconf 88' lang='lat' dir='ltr'>esset</span> <span class='ocrx_word' id='word_1_175' title='bbox 1003 1529 1122 1588; x_wconf 89' lang='lat' dir='ltr'>apud</span> <span class='ocrx_word' id='word_1_176' title='bbox 1143 1528 1274 1573; x_wconf 79' lang='lat' dir='ltr'>illos?</span> <span class='ocrx_word' id='word_1_177' title='bbox 1296 1547 1317 1571; x_wconf 87' lang='lat'>«</span> <span class='ocrx_word' id='word_1_178' title='bbox 1354 1532 1580 1589; x_wconf 86' lang='lat' dir='ltr'>Tanquam</span> <span class='ocrx_word' id='word_1_179' title='bbox 1601 1529 1792 1589; x_wconf 86' lang='lat' dir='ltr'>parvulis</span> <span class='ocrx_word' id='word_1_180' title='bbox 1807 1564 1819 1585; x_wconf 86' lang='lat'>‚</span> 
     </span>
     <span class='ocr_line' id='line_1_20' title="bbox 433 1599 1817 1660; baseline 0.002 -19"><span class='ocrx_word' id='word_1_181' title='bbox 433 1618 453 1642; x_wconf 66' lang='grc' dir='ltr'>η</span> <span class='ocrx_word' id='word_1_182' title='bbox 488 1600 655 1660; x_wconf 84' lang='lat' dir='ltr'>inquit,</span> <span class='ocrx_word' id='word_1_183' title='bbox 686 1601 731 1643; x_wconf 90' lang='lat' dir='ltr'>in</span> <span class='ocrx_word' id='word_1_184' title='bbox 760 1599 934 1645; x_wconf 87' lang='lat' dir='ltr'>Christo</span> <span class='ocrx_word' id='word_1_185' title='bbox 960 1599 1027 1643; x_wconf 89' lang='lat' dir='ltr'>lac</span> <span class='ocrx_word' id='word_1_186' title='bbox 1049 1599 1172 1643; x_wconf 89' lang='lat' dir='ltr'>vobis</span> <span class='ocrx_word' id='word_1_187' title='bbox 1207 1609 1362 1659; x_wconf 91' lang='lat' dir='ltr'>potum</span> <span class='ocrx_word' id='word_1_188' title='bbox 1395 1599 1522 1655; x_wconf 85' lang='lat' dir='ltr'>dedi,</span> <span class='ocrx_word' id='word_1_189' title='bbox 1549 1615 1639 1644; x_wconf 91' lang='lat' dir='ltr'>non</span> <span class='ocrx_word' id='word_1_190' title='bbox 1659 1615 1817 1645; x_wconf 88' lang='lat' dir='ltr'>escam.</span> 
     </span>
     <span class='ocr_line' id='line_1_21' title="bbox 435 1670 1822 1731; baseline 0.004 -20"><span class='ocrx_word' id='word_1_191' title='bbox 435 1690 453 1712; x_wconf 93' lang='lat'>»</span> <span class='ocrx_word' id='word_1_192' title='bbox 488 1674 640 1731; x_wconf 89' lang='lat' dir='ltr'>Neque</span> <span class='ocrx_word' id='word_1_193' title='bbox 658 1671 775 1715; x_wconf 89' lang='lat' dir='ltr'>enim</span> <span class='ocrx_word' id='word_1_194' title='bbox 797 1671 1023 1729; x_wconf 78' lang='lat' dir='ltr'>poteratis,</span> <span class='ocrx_word' id='word_1_195' title='bbox 1046 1670 1122 1714; x_wconf 87' lang='lat' dir='ltr'>sed</span> <span class='ocrx_word' id='word_1_196' title='bbox 1140 1685 1221 1714; x_wconf 86' lang='lat' dir='ltr'>nec</span> <span class='ocrx_word' id='word_1_197' title='bbox 1240 1685 1359 1715; x_wconf 89' lang='lat' dir='ltr'>nunc</span> <span class='ocrx_word' id='word_1_198' title='bbox 1384 1670 1564 1730; x_wconf 89' lang='lat' dir='ltr'>quidem</span> <span class='ocrx_word' id='word_1_199' title='bbox 1586 1671 1730 1716; x_wconf 91' lang='lat' dir='ltr'>adhuc</span> <span class='ocrx_word' id='word_1_200' title='bbox 1747 1686 1822 1731; x_wconf 91' lang='lat' dir='ltr'>po-</span> 
     </span>
     <span class='ocr_line' id='line_1_22' title="bbox 434 1739 1821 1798; baseline 0.002 -16"><span class='ocrx_word' id='word_1_201' title='bbox 434 1760 453 1783; x_wconf 91' lang='lat'>»</span> <span class='ocrx_word' id='word_1_202' title='bbox 490 1742 634 1798; x_wconf 80' lang='lat' dir='ltr'>testi53</span> <span class='ocrx_word' id='word_1_203' title='bbox 660 1741 758 1785; x_wconf 87' lang='lat' dir='ltr'>estis</span> <span class='ocrx_word' id='word_1_204' title='bbox 782 1740 899 1784; x_wconf 88' lang='lat' dir='ltr'>enim</span> <span class='ocrx_word' id='word_1_205' title='bbox 921 1739 1065 1784; x_wconf 89' lang='lat' dir='ltr'>adhuc</span> <span class='ocrx_word' id='word_1_206' title='bbox 1087 1740 1279 1784; x_wconf 88' lang='lat' dir='ltr'>carnales</span> <span class='ocrx_word' id='word_1_207' title='bbox 1295 1742 1326 1783; x_wconf 79' lang='lat'>3.</span> <span class='ocrx_word' id='word_1_208' title='bbox 1353 1758 1374 1783; x_wconf 88' lang='lat'>»</span> <span class='ocrx_word' id='word_1_209' title='bbox 1400 1744 1515 1793; x_wconf 86' lang='lat' dir='ltr'>Quos</span> <span class='ocrx_word' id='word_1_210' title='bbox 1537 1741 1730 1787; x_wconf 80' lang='lat' dir='ltr'>carnales</span> <span class='ocrx_word' id='word_1_211' title='bbox 1751 1741 1821 1785; x_wconf 92' lang='lat' dir='ltr'>di-</span> 
     </span>
     <span class='ocr_line' id='line_1_23' title="bbox 431 1809 1821 1872; baseline 0 -16"><span class='ocrx_word' id='word_1_212' title='bbox 431 1813 510 1867; x_wconf 89' lang='lat' dir='ltr'>cit,</span> <span class='ocrx_word' id='word_1_213' title='bbox 543 1811 746 1872; x_wconf 85' lang='lat' dir='ltr'>parvulos</span> <span class='ocrx_word' id='word_1_214' title='bbox 772 1820 919 1855; x_wconf 88' lang='lat' dir='ltr'>tamen</span> <span class='ocrx_word' id='word_1_215' title='bbox 948 1811 995 1854; x_wconf 93' lang='lat' dir='ltr'>in</span> <span class='ocrx_word' id='word_1_216' title='bbox 1021 1810 1195 1856; x_wconf 89' lang='lat' dir='ltr'>Christo</span> <span class='ocrx_word' id='word_1_217' title='bbox 1226 1809 1360 1867; x_wconf 79' lang='lat' dir='ltr'>dicit3</span> <span class='ocrx_word' id='word_1_218' title='bbox 1384 1811 1444 1855; x_wconf 92' lang='lat' dir='ltr'>sic</span> <span class='ocrx_word' id='word_1_219' title='bbox 1466 1812 1635 1870; x_wconf 79' lang='lat' dir='ltr'>arguit,</span> <span class='ocrx_word' id='word_1_220' title='bbox 1661 1821 1710 1855; x_wconf 89' lang='lat' dir='ltr'>ut</span> <span class='ocrx_word' id='word_1_221' title='bbox 1730 1827 1821 1857; x_wconf 91' lang='lat' dir='ltr'>non</span> 
     </span>
     <span class='ocr_line' id='line_1_24' title="bbox 431 1881 1820 1940; baseline 0 -13"><span class='ocrx_word' id='word_1_222' title='bbox 431 1882 619 1928; x_wconf 85' lang='lat' dir='ltr'>abdicet.</span> <span class='ocrx_word' id='word_1_223' title='bbox 654 1885 711 1927; x_wconf 92' lang='lat' dir='ltr'>Et</span> <span class='ocrx_word' id='word_1_224' title='bbox 727 1882 920 1927; x_wconf 88' lang='lat' dir='ltr'>carnales</span> <span class='ocrx_word' id='word_1_225' title='bbox 935 1917 946 1936; x_wconf 82' lang='lat'><strong>‚</strong></span> <span class='ocrx_word' id='word_1_226' title='bbox 972 1891 1015 1925; x_wconf 89' lang='lat' dir='ltr'>et</span> <span class='ocrx_word' id='word_1_227' title='bbox 1035 1881 1208 1940; x_wconf 84' lang='lat' dir='ltr'>parvuli</span> <span class='ocrx_word' id='word_1_228' title='bbox 1231 1882 1277 1925; x_wconf 89' lang='lat' dir='ltr'>in</span> <span class='ocrx_word' id='word_1_229' title='bbox 1295 1882 1469 1926; x_wconf 84' lang='lat' dir='ltr'>Christo</span> <span class='ocrx_word' id='word_1_230' title='bbox 1495 1901 1505 1927; x_wconf 72' lang='grc' dir='ltr'><strong><em>ι</em></strong></span> <span class='ocrx_word' id='word_1_231' title='bbox 1529 1898 1621 1927; x_wconf 90' lang='lat' dir='ltr'>non</span> <span class='ocrx_word' id='word_1_232' title='bbox 1640 1882 1736 1927; x_wconf 90' lang='lat' dir='ltr'>vult</span> <span class='ocrx_word' id='word_1_233' title='bbox 1752 1892 1820 1928; x_wconf 91' lang='lat' dir='ltr'>ta-</span> 
     </span>
     <span class='ocr_line' id='line_1_25' title="bbox 432 1950 1820 2011; baseline 0.001 -15"><span class='ocrx_word' id='word_1_234' title='bbox 432 1969 533 1997; x_wconf 87' lang='lat' dir='ltr'>men</span> <span class='ocrx_word' id='word_1_235' title='bbox 552 1968 623 1997; x_wconf 92' lang='lat' dir='ltr'>eos</span> <span class='ocrx_word' id='word_1_236' title='bbox 644 1967 733 1996; x_wconf 88' lang='lat' dir='ltr'>esse</span> <span class='ocrx_word' id='word_1_237' title='bbox 751 1950 943 1997; x_wconf 87' lang='lat' dir='ltr'>carnales</span> <span class='ocrx_word' id='word_1_238' title='bbox 962 1986 973 2006; x_wconf 89' lang='lat'>‚</span> <span class='ocrx_word' id='word_1_239' title='bbox 998 1966 1108 2011; x_wconf 90' lang='lat' dir='ltr'>quos</span> <span class='ocrx_word' id='word_1_240' title='bbox 1130 1950 1236 1995; x_wconf 86' lang='lat' dir='ltr'>dicit</span> <span class='ocrx_word' id='word_1_241' title='bbox 1253 1966 1344 1996; x_wconf 89' lang='lat' dir='ltr'>esse</span> <span class='ocrx_word' id='word_1_242' title='bbox 1373 1951 1577 2011; x_wconf 88' lang='lat' dir='ltr'>parvulos</span> <span class='ocrx_word' id='word_1_243' title='bbox 1602 1953 1649 1996; x_wconf 90' lang='lat' dir='ltr'>in</span> <span class='ocrx_word' id='word_1_244' title='bbox 1669 1953 1820 1999; x_wconf 86' lang='lat' dir='ltr'>Chris-</span> 
     </span>
     <span class='ocr_line' id='line_1_26' title="bbox 431 2020 1821 2082; baseline 0 -15"><span class='ocrx_word' id='word_1_245' title='bbox 431 2032 476 2067; x_wconf 88' lang='lat' dir='ltr'>to</span> <span class='ocrx_word' id='word_1_246' title='bbox 503 2042 511 2068; x_wconf 88' lang='lat'><strong>:</strong></span> <span class='ocrx_word' id='word_1_247' title='bbox 543 2031 666 2082; x_wconf 88' lang='lat' dir='ltr'>optat</span> <span class='ocrx_word' id='word_1_248' title='bbox 696 2037 786 2066; x_wconf 85' lang='lat' dir='ltr'>esse</span> <span class='ocrx_word' id='word_1_249' title='bbox 817 2020 1057 2081; x_wconf 84' lang='lat' dir='ltr'>spiritales,</span> <span class='ocrx_word' id='word_1_250' title='bbox 1099 2021 1244 2065; x_wconf 86' lang='lat' dir='ltr'>onmia</span> <span class='ocrx_word' id='word_1_251' title='bbox 1282 2021 1569 2081; x_wconf 88' lang='lat' dir='ltr'>dijudicantes</span> <span class='ocrx_word' id='word_1_252' title='bbox 1587 2057 1598 2078; x_wconf 81' lang='lat'><strong><em>‚</em></strong></span> <span class='ocrx_word' id='word_1_253' title='bbox 1630 2031 1674 2066; x_wconf 89' lang='lat' dir='ltr'>et</span> <span class='ocrx_word' id='word_1_254' title='bbox 1697 2023 1774 2082; x_wconf 93' lang='lat' dir='ltr'>qui</span> <span class='ocrx_word' id='word_1_255' title='bbox 1796 2038 1821 2067; x_wconf 89' lang='lat' dir='ltr'>a</span> 
     </span>
     <span class='ocr_line' id='line_1_27' title="bbox 431 2090 1820 2153; baseline -0.001 -16"><span class='ocrx_word' id='word_1_256' title='bbox 431 2094 604 2137; x_wconf 88' lang='lat' dir='ltr'>nemine</span> <span class='ocrx_word' id='word_1_257' title='bbox 627 2093 936 2152; x_wconf 83' lang='lat' dir='ltr'>dijudicentur.</span> <span class='ocrx_word' id='word_1_258' title='bbox 968 2109 988 2132; x_wconf 91' lang='lat'>«</span> <span class='ocrx_word' id='word_1_259' title='bbox 1012 2090 1225 2134; x_wconf 85' lang='lat' dir='ltr'>Animalis</span> <span class='ocrx_word' id='word_1_260' title='bbox 1260 2091 1376 2135; x_wconf 87' lang='lat' dir='ltr'>enim</span> <span class='ocrx_word' id='word_1_261' title='bbox 1406 2092 1561 2147; x_wconf 88' lang='lat' dir='ltr'>homo,</span> <span class='ocrx_word' id='word_1_262' title='bbox 1597 2092 1820 2153; x_wconf 88' lang='lat' dir='ltr'>sicutipse</span> 
     </span>
     <span class='ocr_line' id='line_1_28' title="bbox 434 2161 1821 2222; baseline 0.001 -17"><span class='ocrx_word' id='word_1_263' title='bbox 434 2181 454 2205; x_wconf 86' lang='lat'>»</span> <span class='ocrx_word' id='word_1_264' title='bbox 490 2163 610 2214; x_wconf 76' lang='lat' dir='ltr'>dicit,</span> <span class='ocrx_word' id='word_1_265' title='bbox 631 2179 721 2208; x_wconf 91' lang='lat' dir='ltr'>non</span> <span class='ocrx_word' id='word_1_266' title='bbox 739 2163 923 2222; x_wconf 88' lang='lat' dir='ltr'>percipit</span> <span class='ocrx_word' id='word_1_267' title='bbox 939 2177 1037 2221; x_wconf 84' lang='lat' dir='ltr'>quae</span> <span class='ocrx_word' id='word_1_268' title='bbox 1059 2169 1162 2204; x_wconf 89' lang='lat' dir='ltr'>sunt</span> <span class='ocrx_word' id='word_1_269' title='bbox 1182 2161 1366 2220; x_wconf 89' lang='lat' dir='ltr'>Spiritus</span> <span class='ocrx_word' id='word_1_270' title='bbox 1383 2162 1485 2206; x_wconf 84' lang='lat' dir='ltr'>Dei:</span> <span class='ocrx_word' id='word_1_271' title='bbox 1503 2162 1686 2207; x_wconf 90' lang='lat' dir='ltr'>stultitia</span> <span class='ocrx_word' id='word_1_272' title='bbox 1702 2163 1821 2207; x_wconf 89' lang='lat' dir='ltr'>enim</span> 
     </span>
     <span class='ocr_line' id='line_1_29' title="bbox 435 2234 1821 2294; baseline -0.001 -17"><span class='ocrx_word' id='word_1_273' title='bbox 435 2254 455 2278; x_wconf 89' lang='lat'>»</span> <span class='ocrx_word' id='word_1_274' title='bbox 491 2245 553 2280; x_wconf 86' lang='lat' dir='ltr'>est</span> <span class='ocrx_word' id='word_1_275' title='bbox 573 2234 659 2291; x_wconf 83' lang='lat' dir='ltr'>illi⁷</span> <span class='ocrx_word' id='word_1_276' title='bbox 684 2244 728 2279; x_wconf 88' lang='lat' dir='ltr'>et</span> <span class='ocrx_word' id='word_1_277' title='bbox 748 2251 838 2279; x_wconf 89' lang='lat' dir='ltr'>non</span> <span class='ocrx_word' id='word_1_278' title='bbox 859 2234 967 2279; x_wconf 86' lang='lat' dir='ltr'>scire</span> <span class='ocrx_word' id='word_1_279' title='bbox 995 2242 1166 2293; x_wconf 86' lang='lat' dir='ltr'>potest,</span> <span class='ocrx_word' id='word_1_280' title='bbox 1196 2234 1403 2292; x_wconf 85' lang='lat' dir='ltr'>quoniam</span> <span class='ocrx_word' id='word_1_281' title='bbox 1430 2234 1680 2293; x_wconf 88' lang='lat' dir='ltr'>spiritaliter</span> <span class='ocrx_word' id='word_1_282' title='bbox 1705 2234 1821 2294; x_wconf 85' lang='lat' dir='ltr'>diju-</span> 
     </span>
     <span class='ocr_line' id='line_1_30' title="bbox 434 2304 1821 2366; baseline 0.001 -18"><span class='ocrx_word' id='word_1_283' title='bbox 434 2325 454 2348; x_wconf 92' lang='lat'>»</span> <span class='ocrx_word' id='word_1_284' title='bbox 490 2307 675 2351; x_wconf 89' lang='lat' dir='ltr'>dicatur.</span> <span class='ocrx_word' id='word_1_285' title='bbox 700 2305 909 2366; x_wconf 87' lang='lat' dir='ltr'>Spiritalis</span> <span class='ocrx_word' id='word_1_286' title='bbox 927 2304 1136 2365; x_wconf 88' lang='lat' dir='ltr'>dijudicat</span> <span class='ocrx_word' id='word_1_287' title='bbox 1158 2305 1320 2360; x_wconf 88' lang='lat' dir='ltr'>omnia,</span> <span class='ocrx_word' id='word_1_288' title='bbox 1336 2306 1428 2364; x_wconf 89' lang='lat' dir='ltr'>ipse</span> <span class='ocrx_word' id='word_1_289' title='bbox 1444 2314 1592 2350; x_wconf 89' lang='lat' dir='ltr'>autem</span> <span class='ocrx_word' id='word_1_290' title='bbox 1607 2322 1631 2351; x_wconf 90' lang='lat' dir='ltr'>a</span> <span class='ocrx_word' id='word_1_291' title='bbox 1645 2306 1821 2351; x_wconf 88' lang='lat' dir='ltr'>nemine</span> 
     </span>
     <span class='ocr_line' id='line_1_31' title="bbox 436 2374 1822 2437; baseline 0.001 -18"><span class='ocrx_word' id='word_1_292' title='bbox 436 2396 456 2419; x_wconf 87' lang='lat'>»</span> <span class='ocrx_word' id='word_1_293' title='bbox 492 2377 755 2437; x_wconf 85' lang='lat' dir='ltr'>dijudicatur</span> <span class='ocrx_word' id='word_1_294' title='bbox 773 2379 805 2422; x_wconf 72' lang='lat'>⁴.</span> <span class='ocrx_word' id='word_1_295' title='bbox 835 2396 854 2419; x_wconf 88' lang='lat'>&gt;›</span> <span class='ocrx_word' id='word_1_296' title='bbox 888 2376 1011 2421; x_wconf 89' lang='lat' dir='ltr'>Idem</span> <span class='ocrx_word' id='word_1_297' title='bbox 1040 2376 1132 2435; x_wconf 91' lang='lat' dir='ltr'>ipse</span> <span class='ocrx_word' id='word_1_298' title='bbox 1158 2374 1263 2419; x_wconf 88' lang='lat' dir='ltr'>dicit</span> <span class='ocrx_word' id='word_1_299' title='bbox 1294 2395 1303 2420; x_wconf 73' lang='grc' dir='ltr'>ε</span> <span class='ocrx_word' id='word_1_300' title='bbox 1340 2395 1359 2417; x_wconf 89' lang='lat'>«</span> <span class='ocrx_word' id='word_1_301' title='bbox 1387 2376 1648 2435; x_wconf 87' lang='lat' dir='ltr'>Sapientiam</span> <span class='ocrx_word' id='word_1_302' title='bbox 1676 2376 1822 2437; x_wconf 89' lang='lat' dir='ltr'>loqui-</span> 
     </span>
     <span class='ocr_line' id='line_1_32' title="bbox 436 2445 1822 2507; baseline 0.002 -19"><span class='ocrx_word' id='word_1_303' title='bbox 436 2465 455 2489; x_wconf 92' lang='lat'>»</span> <span class='ocrx_word' id='word_1_304' title='bbox 491 2464 590 2492; x_wconf 89' lang='lat' dir='ltr'>mur</span> <span class='ocrx_word' id='word_1_305' title='bbox 613 2449 725 2493; x_wconf 89' lang='lat' dir='ltr'>inter</span> <span class='ocrx_word' id='word_1_306' title='bbox 749 2447 1004 2507; x_wconf 84' lang='lat' dir='ltr'>perfectos⁵.</span> <span class='ocrx_word' id='word_1_307' title='bbox 1033 2464 1054 2489; x_wconf 90' lang='lat'>»</span> <span class='ocrx_word' id='word_1_308' title='bbox 1085 2445 1249 2506; x_wconf 89' lang='lat' dir='ltr'>thuid</span> <span class='ocrx_word' id='word_1_309' title='bbox 1273 2461 1375 2505; x_wconf 82' lang='lat' dir='ltr'>ergo</span> <span class='ocrx_word' id='word_1_310' title='bbox 1401 2446 1613 2506; x_wconf 88' lang='lat' dir='ltr'>loqueris,</span> <span class='ocrx_word' id='word_1_311' title='bbox 1644 2447 1678 2491; x_wconf 84' lang='lat' dir='ltr'>si</span> <span class='ocrx_word' id='word_1_312' title='bbox 1708 2447 1822 2491; x_wconf 85' lang='lat' dir='ltr'>inter</span> 
     </span>
    </p>
   </div>
   <div class='ocr_carea' id='block_1_3' title="bbox 434 2540 1810 2632">
    <p class='ocr_par' dir='ltr' id='par_1_4' title="bbox 434 2540 1810 2632">
     <span class='ocr_line' id='line_1_33' title="bbox 498 2540 1810 2586; baseline -0.001 -11"><span class='ocrx_word' id='word_1_313' title='bbox 498 2550 505 2566; x_wconf 92' lang='lat'><em>¹</em></span> <span class='ocrx_word' id='word_1_314' title='bbox 531 2556 542 2575; x_wconf 89' lang='lat'>1</span> <span class='ocrx_word' id='word_1_315' title='bbox 564 2544 673 2577; x_wconf 83' lang='lat' dir='ltr'>Thess.</span> <span class='ocrx_word' id='word_1_316' title='bbox 693 2555 727 2586; x_wconf 90' lang='lat'>11,</span> <span class='ocrx_word' id='word_1_317' title='bbox 751 2554 784 2585; x_wconf 89' lang='lat'>7.</span> <span class='ocrx_word' id='word_1_318' title='bbox 808 2561 846 2567; x_wconf 92' lang='lat'>—</span> <span class='ocrx_word' id='word_1_319' title='bbox 865 2551 878 2567; x_wconf 77' lang='lat'>²</span> <span class='ocrx_word' id='word_1_320' title='bbox 902 2556 914 2576; x_wconf 91' lang='lat'>1</span> <span class='ocrx_word' id='word_1_321' title='bbox 934 2547 1005 2576; x_wconf 74' lang='lat' dir='ltr'>Cor.</span> <span class='ocrx_word' id='word_1_322' title='bbox 1034 2554 1070 2582; x_wconf 88' lang='grc' dir='ltr'>ιι,</span> <span class='ocrx_word' id='word_1_323' title='bbox 1086 2542 1118 2574; x_wconf 82' lang='lat'>3.</span> <span class='ocrx_word' id='word_1_324' title='bbox 1139 2558 1180 2565; x_wconf 92' lang='lat'>—</span> <span class='ocrx_word' id='word_1_325' title='bbox 1197 2540 1210 2565; x_wconf 85' lang='lat'>3</span> <span class='ocrx_word' id='word_1_326' title='bbox 1226 2543 1273 2575; x_wconf 83' lang='lat' dir='ltr'>Id.</span> <span class='ocrx_word' id='word_1_327' title='bbox 1293 2552 1341 2582; x_wconf 89' lang='lat'>111,</span> <span class='ocrx_word' id='word_1_328' title='bbox 1363 2551 1395 2581; x_wconf 85' lang='lat'>2,</span> <span class='ocrx_word' id='word_1_329' title='bbox 1423 2542 1454 2574; x_wconf 83' lang='lat'>3.</span> <span class='ocrx_word' id='word_1_330' title='bbox 1470 2558 1511 2565; x_wconf 91' lang='lat'>--</span> <span class='ocrx_word' id='word_1_331' title='bbox 1529 2540 1546 2572; x_wconf 78' lang='lat'>4</span> <span class='ocrx_word' id='word_1_332' title='bbox 1561 2543 1608 2574; x_wconf 88' lang='lat' dir='ltr'>Id.</span> <span class='ocrx_word' id='word_1_333' title='bbox 1630 2553 1668 2579; x_wconf 86' lang='lat' dir='ltr'>n,</span> <span class='ocrx_word' id='word_1_334' title='bbox 1686 2540 1737 2583; x_wconf 73' lang='lat'>14,</span> <span class='ocrx_word' id='word_1_335' title='bbox 1761 2541 1810 2574; x_wconf 88' lang='lat'>15.</span> 
     </span>
     <span class='ocr_line' id='line_1_34' title="bbox 434 2597 674 2632; baseline 0.004 -1"><span class='ocrx_word' id='word_1_336' title='bbox 434 2614 474 2621; x_wconf 91' lang='grc'>·-</span> <span class='ocrx_word' id='word_1_337' title='bbox 498 2597 512 2621; x_wconf 78' lang='lat'><strong><em>5</em></strong></span> <span class='ocrx_word' id='word_1_338' title='bbox 539 2599 620 2632; x_wconf 87' lang='lat' dir='ltr'>lbid.</span> <span class='ocrx_word' id='word_1_339' title='bbox 641 2599 674 2632; x_wconf 78' lang='grc'>6.</span> 
     </span>
    </p>
   </div>
  </div>
 </body>
</html>
