1867 3320
225 269 363 297 sunmo
395 268 487 306 xii,
522 267 569 293 IN
601 267 671 294 σοι)
704 267 735 304 1,
771 254 814 303 6,
850 266 902 292 ET
934 263 1098 292 ΜΑΤΤΗ.
1136 267 1178 304 ν,
1215 257 1254 293 8.
1344 257 1421 294 281

51 335 250 394 colligere
267 369 278 389 ,
307 341 416 393 quot
438 341 482 376 et
503 331 663 392 quibus
688 330 827 375 modis
848 330 999 373 eadem
1037 331 1192 374 veritas
1224 331 1428 391 loquatur

51 404 221 464 Angelis
237 439 249 460 ‚
284 404 372 448 sive
394 402 519 447 bonis
537 438 547 457 ‚
573 402 649 462 qui
671 403 761 461 ejus
782 400 995 445 ineffabili
1013 401 1154 460 specie
1175 410 1217 445 et
1235 402 1429 460 pulchri-

51 476 201 523 tudine
218 490 295 534 per
311 473 554 518 mirabilem
574 473 828 518 charitatem
843 471 1181 531 contemplando
1198 471 1430 531 perfruun-

49 557 140 602 tur,
165 546 252 590 sive
273 544 396 589 malis
413 580 423 599 ‚
447 545 523 605 qui
544 544 768 603 depravati
783 558 859 602 per
876 542 1122 602 superbiam
1152 557 1289 597 suam,
1311 551 1353 587 et
1375 544 1428 586 ab

47 619 136 678 ipsa
152 617 331 662 veritate
353 617 397 660 in
420 615 699 659 inferioribus
720 614 936 668 ordinati,
966 622 1147 673 possunt
1167 612 1430 673 quibusdam

48 689 281 735 latentibus
317 687 456 732 modis
479 702 631 732 vocem
654 688 744 747 ejus
766 686 938 741 audire,
963 685 1160 746 quamvis
1183 683 1335 730 faciem
1365 685 1431 728 vi-

48 759 148 804 dere
165 774 254 802 non
276 757 397 816 digni
420 757 536 801 sint?

105 832 158 873 V.
178 831 453 888 Quapropter
469 864 481 884 ‚
507 827 771 873 dilectissimi
794 828 966 882 fratres,
992 826 1142 872 fideles
1170 827 1269 882 Dei,
1296 836 1339 870 et
1360 842 1433 871 ca-

45 899 217 945 tholicae
239 899 387 943 matris
411 898 721 958 germanissimi
743 897 848 953 filii,
878 913 1008 943 nemo
1031 913 1106 943 vos
1137 898 1324 958 decipiat
1354 912 1428 941 ve-

45 971 212 1014 nenatis
232 970 338 1014 cibis
357 1005 368 1023 ‚
392 970 558 1014 etiamsi
581 969 725 1013 adhuc
755 969 854 1013 estis
871 968 982 1012 lacte
1004 968 1227 1013 nutriendi
1249 989 1258 1013 :
1286 983 1431 1028 perse-

44 1050 242 1085 veranter
274 1055 392 1084 nunc
415 1039 637 1083 ambulate
659 1054 736 1099 per
759 1039 890 1083 fldem
913 1040 1104 1083 veritatis
1123 1060 1134 1096 3
1159 1048 1210 1083 ut
1242 1048 1361 1083 certo
1389 1048 1431 1083 et

45 1121 292 1171 opportuno
316 1120 510 1170 tempore
539 1110 594 1155 ad
626 1111 811 1170 speciem
839 1111 1029 1155 veritatis
1057 1110 1251 1170 ejusdem
1285 1111 1432 1154 venire

45 1182 228 1243 possitis.
253 1182 372 1227 Sicut
398 1182 513 1225 enim
538 1181 770 1241 Apostolus
793 1180 895 1225 dicit
917 1201 925 1226 :
951 1201 969 1222 «
994 1182 1072 1225 Hic
1094 1192 1318 1225 manentes
1336 1197 1432 1225 cor-

48 1271 67 1295 »
104 1268 225 1313 pore,
243 1253 569 1312 peregrinamur
585 1268 607 1296 a
624 1252 810 1296 Domino
827 1273 837 1309 3
860 1267 934 1311 per
953 1251 1084 1295 fidem
1107 1253 1222 1295 enim
1238 1267 1304 1295 am
1314 1251 1432 1295 bula-

49 1342 68 1366 »
105 1339 230 1378 mus,
255 1338 345 1367 non
378 1338 454 1382 per
477 1323 708 1382 speciem¹.
738 1341 757 1363 »
785 1322 851 1366 Ad
881 1324 1066 1381 speciem
1091 1332 1235 1366 autem
1257 1323 1430 1367 visionis

45 1395 208 1449 Patris,
248 1393 354 1437 fides
391 1394 622 1437 christiana
658 1392 870 1453 perducit.
900 1392 1019 1438 Unde
1052 1395 1261 1438 Dominus
1292 1393 1427 1437 dicit:

48 1484 68 1507 (t
100 1467 238 1510 Nemo
261 1464 378 1508 venit
401 1464 454 1508 ad
480 1468 649 1507 Patrem
668 1500 678 1518 ‚
701 1465 780 1508 nisi
804 1480 877 1524 per
899 1468 1013 1508 nie'2.
1032 1483 1050 1505 »
1068 1466 1167 1509 Sine
1184 1480 1310 1509 causa
1329 1478 1432 1521 ergo

44 1535 110 1579 isti
132 1544 365 1595 quaerunt,
400 1534 623 1594 quomodo
645 1534 844 1579 diabolus
869 1536 924 1579 ad
958 1539 1095 1579 Deum
1121 1536 1263 1595 potuit
1285 1535 1432 1578 venire

43 1620 118 1665 per
140 1606 378 1650 Christum.
421 1605 627 1650 Diabolus
659 1606 772 1649 enim
809 1606 863 1650 ad
897 1605 1014 1650 illam
1056 1605 1432 1665 contemplationis

44 1675 359 1720 beatitudinem
375 1691 463 1720 non
487 1686 626 1735 potest
645 1678 886 1736 pervenire,
902 1693 989 1737 quo
1009 1692 1080 1721 eos
1098 1677 1173 1736 qui
1199 1692 1308 1736 puro
1331 1684 1431 1719 sunt

42 1746 174 1790 corde
197 1746 303 1790 fides
327 1747 559 1792 christiana
584 1747 797 1807 perducit.
827 1751 913 1793 Nee
938 1747 1034 1792 ideo
1059 1757 1203 1791 tamen
1232 1746 1432 1790 diabolus

41 1831 189 1859 vocem
216 1817 291 1857 Dei
321 1817 541 1873 loquentis
565 1818 715 1862 andire
738 1834 825 1862 non
862 1820 1001 1871 potuit
1023 1840 1033 1869 3
1058 1819 1165 1857 sioni
1192 1817 1318 1857 multi
1350 1818 1431 1858 ho-

44 1884 177 1928 mines
195 1884 325 1927 ctiam
356 1884 431 1943 qui
455 1898 542 1927 non
564 1881 845 1926 crediderunt
867 1883 1040 1926 Christo
1056 1918 1066 1936 ‚
1096 1893 1334 1942 potuerunt
1353 1900 1431 1928 vo-

43 1969 135 1998 cem
158 1953 306 1998 audire
328 1953 382 1997 de
399 1952 511 1997 coelo
532 1953 714 1995 dicentis
735 1952 806 1995 Dei
828 1971 872 1995 z«
888 1955 939 1995 Et
954 1952 1182 1996 clarificavi
1206 1963 1248 1997 et
1271 1954 1430 1997 clarifi-

0 2042 1 2083 ι
43 2025 181 2070 cab0³
207 2044 214 2069 ;
238 2043 255 2066 ))
282 2039 383 2068 cum
411 2024 617 2068 Dominus
634 2058 644 2077 ,
666 2023 858 2067 dixisset:
878 2043 896 2064 ιι
918 2026 1058 2076 Pater,
1076 2023 1261 2066 clarifica
1293 2024 1429 2067 lilium

0 2090 2 2162 l
49 2113 67 2136 »
106 2105 245 2140 tuum.
276 2114 294 2136 »

128 2169 197 2209 Vl.
235 2164 364 2218 Quod
399 2174 542 2209 autem
577 2164 784 2223 scriptum
821 2173 910 2214 est,
951 2163 1172 2208 diabolum
1199 2165 1362 2207 venisse
1387 2166 1429 2208 in

45 2246 324 2296 conspectum
360 2237 435 2280 Dei
454 2272 464 2288 ,
492 2251 579 2280 non
610 2235 706 2279 ideo
729 2236 934 2294 scriptun]
965 2244 1025 2278 est
1046 2271 1055 2282 ,
1082 2236 1181 2294 quia
1200 2235 1427 2295 quisquam

0 2299 4 2382 l
46 2317 185 2367 potest
223 2307 458 2368 aliquando
492 2317 771 2366 conspectum
811 2307 881 2350 Dei
924 2306 1070 2363 lugere
1089 2342 1098 2358 ‚
1134 2308 1256 2365 cujus
1294 2307 1428 2350 oculis

0 2389 4 2425 Ι
45 2389 198 2423 cuncta
223 2380 414 2438 subjecta
441 2389 562 2431 sunt,
581 2388 621 2422 et
645 2380 713 2422 cui
738 2378 878 2422 cordis
900 2378 1130 2437 cujuslibet
1157 2377 1428 2438 profunditas

47 2458 186 2509 patet:
207 2450 279 2493 sed
303 2451 401 2509 quin
428 2451 471 2492 iii
494 2459 658 2493 ,ςυυιϊῑο
683 2466 752 2492 cn·
757 2459 861 2492 itui
870 2466 890 2490 ι
915 2467 960 2491 a(
969 2458 993 2491 t
998 2467 1005 2491 ι
1025 2458 1141 2502 sunt,
1168 2466 1266 2507 «pm
1287 2453 1334 2491 Si
1345 2450 1428 2507 iip-

45 2528 138 2564 tura
171 2521 383 2575 narravit,
422 2530 646 2581 propterca
674 2521 882 2580 scriptum
921 2529 1010 2564 ist
1037 2540 1056 2561 «
1087 2523 1116 2564 Ε
1125 2531 1136 2564 t
1160 2537 1257 2563 «··ιςι·
1294 2536 1422 2562 wm-

93 2606 715 2645 ·2›.C›·1v,6‚7.-²J·›.··.x‹v.51
766 2604 971 2636 --‘ll.rn
995 2609 1048 2636 Ν.

2 2580 6 2718 ἰ

4 2756 8 2873 ἱ

5 2878 9 2942 ι

7 2974 10 3048 ι
