1924 3309
480 288 561 326 518
882 297 917 327 s.
952 297 1183 328 nmmum
1215 299 1397 328 Emscom

477 382 497 405 »
534 363 648 406 inter
676 376 755 406 nos
776 361 819 406 et
835 377 933 418 VOS,
957 377 1038 407 nec
1060 378 1084 407 a
1104 362 1231 407 nobis
1252 363 1484 425 quisquam
1507 364 1562 409 ad
1578 380 1656 411 vos
1676 368 1860 413 transire

478 451 499 475 »
534 441 703 492 potest,
719 447 799 476 nec
814 447 838 476 a
858 432 982 477 vobis
1011 432 1066 476 ad
1087 447 1166 477 nos
1188 441 1467 478 transmeare.
1486 453 1506 476 »
1529 434 1650 480 Vidit
1680 436 1762 480 sibi
1787 436 1861 482 ille

474 512 679 563 negatam
715 501 1078 557 misericordiam,
1128 502 1229 562 quia
1269 503 1403 563 ipsam
1454 515 1698 563 negaverat.
1739 507 1861 553 Vidit

472 575 595 635 quod
624 589 778 620 verum
816 583 925 618 esset
946 572 1207 618 «Judicium
1245 574 1335 618 sine
1362 575 1654 638 misericordia
1686 575 1751 622 illi
1785 579 1862 638 qui

476 664 497 688 »
518 661 609 690 non
629 645 782 690 fecerit
802 644 1186 689 misericordiam1.
1202 647 1294 688 »Et
1314 645 1392 711 qui
1417 646 1559 691 noluit
1571 663 1648 692 suo
1665 657 1862 708 tempore

472 716 675 777 pauperis
715 716 928 771 misereri,
967 715 1154 760 fratrum
1186 731 1365 761 suorum
1401 732 1494 762 sero
1534 719 1734 763 misertus
1777 729 1856 765 est.

475 806 495 829 ι(
526 786 651 831 Mitte
674 801 793 844 ergo,
817 785 976 845 inquit,
991 787 1219 844 Lazarum,
1243 785 1383 830 habeo
1402 786 1465 830 ibi
1479 788 1675 848 quinque
1687 787 1854 845 fratres,

475 874 495 897 »
530 857 647 900 dicat
683 856 742 899 eis
776 854 884 915 quid
917 855 988 899 hie
1021 856 1180 914 agitur,
1220 871 1276 899 ne
1308 865 1351 900 et
1371 856 1452 916 ipsi
1473 857 1651 902 veniant
1671 859 1716 902 in
1737 859 1856 904 hunc

474 945 494 969 »
529 925 675 971 locum
689 935 1054 970 tormentorum.»
1071 928 1128 969 Et
1142 934 1294 970 contra
1306 926 1389 970 hoc
1403 942 1657 986 responsum
1675 937 1764 973 est:
1786 930 1857 974 «Si

472 1016 494 1040 »
528 997 688 1042 nolunt
708 996 856 1041 venire
890 982 940 1040 in
975 996 1094 1040 hunc
1128 996 1277 1040 locum
1306 1004 1648 1053 tormentorum,
1690 999 1857 1043 habent

472 1087 492 1110 »
527 1070 711 1124 Moysen
738 1075 781 1110 et
805 1067 1057 1125 ProphetaS,
1084 1068 1198 1125 ipsos
1219 1065 1414 1109 audiant.
1443 1084 1463 1107 »
1488 1065 1567 1110 Ille
1588 1066 1858 1125 qui'solebat

467 1137 646 1182 irridere
686 1137 945 1195 Prophetas,
986 1135 1117 1179 simul
1157 1136 1312 1195 utique
1352 1150 1454 1179 cum
1494 1135 1700 1180 fratribus
1736 1138 1854 1183 suis:

465 1207 598 1252 credo
635 1207 775 1260 enim,
814 1206 902 1249 imo
940 1220 1030 1248 non
1062 1204 1236 1259 dubito,
1265 1205 1367 1263 quia
1398 1220 1499 1248 cum
1521 1206 1622 1263 ipsis
1649 1204 1856 1250 fratribus

465 1276 551 1321 suis
590 1275 774 1334 loquens
807 1273 862 1316 de
890 1273 1118 1332 Prophetis
1140 1273 1420 1317 monentibus
1444 1274 1581 1328 bona,
1621 1275 1855 1334 prohiben-

465 1347 583 1390 tibus
618 1343 758 1398 mala,
803 1342 1067 1387 terrentibus
1097 1342 1152 1386 de
1194 1343 1422 1387 tormentis
1452 1341 1610 1388 futuris
1642 1353 1685 1389 et
1707 1344 1855 1391 futura

466 1414 644 1476 praemia
676 1412 1056 1472 promittentibuS,
1099 1412 1310 1456 irridebat
1350 1413 1445 1457 haee
1486 1414 1629 1458 omnia
1649 1450 1660 1469 ‚
1705 1415 1855 1461 dicens

465 1501 566 1531 cum
584 1484 793 1530 fratribus
814 1483 926 1527 suis:
953 1484 1060 1535 Quae
1079 1482 1164 1527 vita
1187 1491 1284 1541 post
1304 1485 1508 1527 mortem?
1530 1500 1629 1544 quae
1649 1487 1855 1531 memoria

470 1554 713 1616 putredinis
735 1555 753 1597 P
776 1553 852 1613 qui
873 1567 1023 1596 sensus
1040 1552 1220 1596 cineris?
1253 1553 1414 1596 Omnes
1439 1553 1542 1598 illuc
1565 1553 1783 1610 feruntur,
1810 1565 1853 1600 et

468 1625 776 1685 sepeliuntur,
811 1622 909 1683 quis
942 1621 1045 1666 inde
1080 1637 1276 1667 reversus
1313 1621 1487 1666 auditus
1522 1626 1610 1668 est?
1643 1625 1855 1670 Recolens

467 1697 562 1741 haec
579 1695 712 1738 verba
733 1709 809 1737 sua
826 1727 838 1748 ,
860 1702 1089 1752 propterea
1111 1691 1284 1736 volebat
1301 1695 1509 1736 Lazarum
1530 1693 1670 1737 redire
1691 1696 1746 1738 ad
1767 1695 1856 1740 fra-

472 1776 555 1810 tres
577 1779 694 1818 suos,
730 1771 781 1805 ut
797 1766 889 1822 Jam
918 1776 1009 1804 non
1040 1760 1265 1806 dicerent:
1290 1763 1392 1814 Quis
1413 1762 1514 1806 inde
1542 1779 1738 1808 reversus
1762 1767 1855 1810 est?

466 1839 525 1881 Et
561 1833 720 1878 adhoc
742 1840 841 1891 apte
874 1830 1094 1890 digneque
1115 1845 1370 1889 responsum
1406 1841 1484 1876 est.
1526 1834 1711 1878 Videtur
1738 1836 1853 1882 enim

466 1906 597 1951 fuisse
626 1904 706 1947 iste
738 1904 762 1946 J
770 1900 941 1955 udaeus,
985 1909 1028 1943 et
1059 1909 1288 1959 propterea
1320 1900 1493 1958 dixisse,
1518 1921 1538 1944 «
1564 1906 1691 1947 Pater
1710 1905 1854 1950 Abra-

466 1994 487 2018 »
522 1976 640 2018 ham.
671 1990 691 2013 ))
725 1974 841 2030 Ergo
870 1969 1034 2029 optime
1068 1978 1111 2012 et
1138 1979 1431 2028 congruenter
1462 1987 1717 2033 responsum
1752 1983 1816 2018 est
1841 1994 1851 2020 :

466 2065 487 2089 «
523 2045 566 2090 Si
591 2045 775 2100 Moysen
813 2050 856 2085 et
893 2040 1131 2098 Prophetas
1163 2055 1254 2083 non
1290 2041 1497 2096 audiunt,
1542 2057 1623 2087 nee
1655 2043 1689 2087 si
1712 2045 1809 2104 quis
1831 2060 1855 2089 a
1919 2044 1921 2058 ⁴

468 2134 490 2157 >›
524 2113 707 2164 mortuis
721 2109 1016 2165 resurrexerit,
1028 2108 1453 2168 persuadebuntur.»
1472 2111 1710 2170 Impletum
1728 2114 1854 2158 estin

467 2185 648 2240 Judaeis,
692 2182 795 2243 quia
835 2184 1019 2238 Moysen
1060 2189 1104 2224 et
1127 2180 1364 2239 Prophetas
1385 2195 1475 2225 non
1496 2181 1751 2239 audierunt,
1774 2199 1853 2228 nec

463 2256 637 2302 Christo
679 2251 925 2311 resurgenti
962 2249 1256 2295 crediderunt.
1306 2252 1461 2296 Nonne
1490 2252 1573 2296 hoc
1609 2253 1694 2298 illis
1751 2263 1851 2298 ante

462 2325 724 2387 praedixerat
748 2342 757 2367 :
781 2341 802 2365 «
831 2322 873 2366 Si
898 2320 1128 2365 crederetis
1149 2321 1316 2378 Moysi,
1340 2320 1574 2366 crederetis
1596 2331 1640 2366 et
1657 2323 1765 2367 mihi
1777 2327 1809 2367 2.
1827 2341 1849 2365 »

521 2398 575 2440 V.
588 2392 811 2438 Remansit
831 2405 935 2449 ergo
949 2389 1022 2433 ille
1038 2389 1157 2434 dives
1177 2390 1268 2433 sine
1283 2389 1514 2449 adjutorio,
1535 2391 1670 2436 finitis
1685 2392 1850 2443 deliciis

460 2462 796 2523 temporalibus,
835 2460 882 2503 in
903 2460 1043 2518 poenis
1067 2459 1253 2502 aeternis.
1287 2461 1384 2504 Non
1407 2458 1511 2504 fecit
1517 2462 1657 2520 justa,
1683 2462 1848 2507 audivit

462 2536 607 2591 digna.
619 2552 639 2574 α
654 2534 876 2576 Memento
885 2528 987 2588 quia
1001 2528 1227 2587 percepisti
1240 2528 1355 2573 ,bona
1371 2538 1442 2573 tua
1458 2530 1598 2575 invita
1606 2539 1695 2575 tua.
1708 2550 1725 2572 »
1745 2533 1847 2576 Haec

518 2625 523 2639 ¹
553 2617 665 2648 Jacob.
687 2627 722 2655 n,
749 2615 798 2646 13.
820 2630 858 2635 --
886 2621 896 2634 2
916 2615 1006 2644 Joan.
1027 2623 1058 2652 v,
1078 2611 1131 2653 46.
