1924 3309
451 209 535 246 290
846 211 880 242 s.
916 210 1148 243 mausum
1180 214 1364 242 Emscorx

444 283 552 336 sint,
580 281 897 340 explanantem.
923 283 1037 326 Ecce
1065 279 1262 339 Apostoli
1283 277 1417 323 verba
1437 286 1540 322 sunt
1562 296 1571 323 ε
1600 279 1752 323 «Cum
1778 280 1837 324 ti-

447 371 469 395 »
487 368 608 397 more
624 361 668 398 et
689 362 875 403 tremore
897 362 1079 396 vestram
1100 351 1293 410 ipsorum
1311 343 1497 393 salutem
1514 349 1756 409 operamini
1773 352 1834 393 ¹.»

442 426 588 478 Quare
608 439 710 484 ergo
740 439 843 469 cum
873 424 1028 468 timore
1052 431 1096 466 et
1129 431 1321 465 tremore
1357 436 1497 464 meam
1525 420 1708 464 salutem
1733 436 1839 480 ope-

440 511 538 550 ror,
560 510 660 540 eum
682 495 797 540 sitin
814 503 1029 554 potestate
1051 507 1148 536 mea
1169 491 1340 551 operari
1361 490 1546 535 salutem
1567 493 1742 536 meam?
1766 491 1840 536 Vis

440 565 591 610 audire
609 580 742 625 quare
759 580 863 609 cum
886 564 1041 608 timore
1063 572 1107 606 et
1124 563 1345 606 tremore?
1362 580 1383 603 «
1403 564 1518 605 Deus
1535 570 1600 605 est
1621 561 1738 606 enim
1761 561 1840 621 qui

440 652 460 676 »
497 644 701 694 operatur
723 636 769 679 in
791 634 952 679 vobis².
979 651 1000 675 »
1023 631 1127 677 Ideo
1145 648 1247 677 cum
1270 631 1428 676 timore
1445 641 1490 676 et
1511 631 1839 684 tremore.Quia

438 704 560 764 quod
580 706 780 765 impetrat
795 703 989 758 humilis,
1007 703 1169 747 amittit
1182 703 1414 762 superbus.
1444 702 1487 748 Si
1511 718 1615 761 ergo
1641 705 1752 747 Deus
1774 709 1839 746 est

437 775 515 833 qui
536 785 740 833 operatur
763 775 809 818 in
841 774 966 818 nobis
986 809 997 828 ,
1030 789 1165 833 quare
1188 772 1356 818 dictum
1380 781 1475 817 est:
1499 775 1695 816 Vestram
1719 773 1838 831 ipso-

439 859 536 888 rum
557 844 739 889 salutem
761 844 1035 904 operamini?
1059 844 1171 897 Quia
1189 844 1248 888 sie
1270 843 1316 887 in
1338 843 1465 887 nobis
1486 852 1708 902 operatur,
1728 852 1776 886 ut
1791 851 1836 886 et

438 929 517 958 nos
534 929 778 973 operemur.
802 934 823 957 «
848 914 1036 974 Adjutor
1061 930 1182 958 meus
1200 924 1292 958 esto
1311 916 1373 958 3.»
1390 914 1594 971 Designat
1615 922 1657 957 et
1674 928 1718 957 se
1736 927 1835 972 ope-

440 993 651 1037 ratorem,
676 986 753 1045 qui
785 986 960 1030 invocat
992 984 1256 1044 adjutorem.
1292 985 1378 1029 Sed
1408 984 1638 1038 voluntas,
1665 984 1833 1043 inquit,

439 1054 572 1108 bona,
598 1070 694 1097 mea
712 1065 786 1099 est.
809 1059 982 1111 Fateor,
1003 1066 1093 1099 tua.
1118 1055 1203 1100 Sed
1221 1064 1263 1099 et
1285 1055 1376 1115 ipsa
1399 1071 1422 1098 a
1445 1070 1533 1114 quo
1556 1054 1675 1108 data,
1701 1071 1724 1098 a
1745 1068 1837 1113 quo

441 1126 654 1170 excitata?
682 1127 779 1170 Noli
804 1143 871 1171 me
911 1129 1053 1186 ipsum
1083 1128 1235 1171 audire
1262 1145 1273 1172 2
1309 1126 1570 1186 Apostolum
1595 1125 1833 1182 interroga.

446 1214 467 1238 «
502 1199 616 1240 Deus
648 1205 712 1240 est
733 1197 874 1250 enim,
901 1199 1071 1258 inquit,
1102 1198 1179 1257 qui
1211 1206 1418 1256 operatur
1446 1197 1492 1239 in
1515 1195 1639 1239 vobis
1661 1204 1704 1237 et
1727 1192 1838 1238 velle

445 1282 465 1305 »
500 1274 544 1309 et
564 1265 731 1323 operari
752 1281 829 1323 pro
845 1266 958 1310 bona
973 1268 1250 1311 voluntate.»
1273 1266 1387 1319 Quid
1406 1275 1470 1309 est
1495 1281 1599 1324 ergo
1621 1264 1738 1324 quod
1757 1263 1839 1307 tibi

442 1335 700 1393 arrogabas?
716 1335 830 1388 Quid
854 1345 918 1379 est
935 1336 1057 1396 quod
1079 1337 1294 1395 superbus
1316 1336 1426 1389 ibas,
1444 1344 1487 1379 et
1510 1335 1712 1395 peribas?
1727 1332 1840 1378 Redi

441 1404 498 1449 ad
519 1421 594 1449 cor
618 1415 743 1449 tuum
759 1440 770 1460 ,
802 1406 950 1449 inveni
975 1416 1015 1450 te
1048 1406 1212 1450 malum
1234 1427 1245 1461 ς
1270 1415 1313 1450 et
1337 1416 1387 1450 ut
1408 1407 1462 1450 sis
1490 1407 1654 1459 bonus,
1682 1405 1839 1448 invoca

437 1474 622 1520 bonum.
638 1479 732 1521 Non
745 1477 860 1519 enim
877 1477 920 1519 in
937 1486 977 1520 te
990 1476 1133 1536 placet
1151 1481 1255 1530 Deo,
1270 1477 1350 1520 nisi
1366 1476 1488 1537 quod
1507 1477 1641 1520 habes
1652 1492 1705 1520 ex
1723 1479 1834 1520 Deo:

437 1546 557 1605 quod
580 1557 728 1590 autem
752 1547 885 1591 habes
907 1563 958 1592 ex
976 1557 1039 1601 te,
1059 1546 1263 1606 displicet
1284 1551 1387 1591 Deo.
1417 1548 1459 1592 Si
1485 1548 1600 1591 bona
1623 1556 1698 1590 tua
1721 1544 1838 1603 cogi-

438 1622 504 1658 tas
523 1648 534 1667 ‚
559 1617 668 1673 qnid
686 1617 820 1661 habes
841 1617 962 1678 quod
986 1633 1074 1660 nou
1097 1618 1300 1674 accepisti
1316 1619 1364 1660 ⁴?
1387 1618 1429 1662 Si
1449 1628 1603 1660 autem?
1619 1614 1836 1674 accepisti,

442 1683 549 1745 quid
573 1683 783 1741 gloriaris,
809 1691 930 1742 quasi
955 1702 1044 1725 ιιυιι
1068 1686 1315 1740 acceperis?
1333 1686 1457 1726 Solus
1481 1696 1543 1726 est
1566 1683 1639 1726 ille
1661 1684 1842 1743 quinon

441 1754 565 1799 novit
593 1753 671 1796 nisi
696 1752 812 1796 dare.
837 1754 933 1797 Non
960 1753 1090 1794 habet
1113 1751 1308 1795 datorem
1324 1787 1335 1803 ,
1366 1754 1441 1812 qui
1467 1769 1555 1796 non
1579 1754 1713 1797 habet
1742 1769 1836 1797 me-

443 1825 613 1870 liorem.
637 1828 732 1877 Quo
754 1833 802 1868 tu
823 1824 857 1867 si
878 1821 1055 1866 inferior
1077 1839 1141 1877 es,
1163 1823 1251 1866 imo
1273 1824 1373 1883 quia
1391 1822 1572 1868 inferior
1595 1839 1662 1877 es,
1685 1834 1837 1882 gratu-

443 1896 533 1940 lare
556 1895 675 1956 quod
701 1896 756 1938 ad
791 1895 880 1953 ejus
911 1894 1143 1950 imaginem
1174 1893 1310 1938 sactus
1345 1910 1420 1951 es,
1453 1905 1501 1938 ut
1527 1895 1573 1938 in
1609 1895 1687 1938 illo
1719 1897 1841 1939 inve-

443 1967 600 2020 niaris,
639 1965 715 2026 qui
752 1965 797 2008 in
832 1974 871 2008 te
906 1965 1066 2022 peristi.
1094 1967 1192 2010 Non
1225 1966 1341 2008 enim
1377 1966 1559 2024 potuisti
1582 1965 1627 2009 in
1659 1975 1729 2022 te,
1761 1967 1842 2010 nisi

448 2039 629 2099 perdere
648 2048 690 2081 te
705 2058 716 2094 3
730 2053 810 2082 nee
827 2036 908 2082 seis
929 2037 1123 2081 invenire
1145 2047 1202 2092 te,
1224 2037 1306 2082 nisi
1328 2037 1400 2081 ille
1421 2039 1497 2098 qui
1522 2038 1626 2082 lecit
1645 2047 1702 2094 te,
1725 2054 1844 2100 quae-

454 2119 517 2153 rat
542 2120 600 2152 te.

511 2181 587 2224 IV.
605 2176 892 2237 Alloquamur
905 2185 1049 2220 tamen
1074 2185 1117 2220 et
1138 2191 1210 2219 eos
1227 2176 1303 2235 qui
1321 2177 1564 2221 secundum
1590 2177 1716 2220 istam
1740 2177 1844 2221 visi-

453 2250 582 2295 bilem
603 2259 646 2293 et
670 2248 924 2307 popularem
946 2247 1276 2306 intelligentiam
1293 2248 1494 2308 judicant
1512 2258 1686 2292 terram.
1713 2248 1844 2293 Judi-

457 2331 558 2364 cant
577 2320 692 2363 enim
717 2329 873 2362 terram
898 2333 1039 2377 reges,
1062 2317 1216 2371 duces,
1242 2319 1479 2378 principes,
1496 2319 1691 2379 judices:
1712 2334 1844 2362 unus-

460 2391 646 2452 quisque
683 2405 762 2448 pro
799 2404 980 2432 munere
996 2423 1008 2442 ‚
1047 2387 1169 2448 quod
1205 2390 1370 2447 accepit
1403 2390 1448 2433 in
1490 2399 1602 2433 terra
1624 2424 1636 2443 ,
1675 2388 1845 2450 judicat

459 2471 631 2506 terram.
654 2458 767 2512 Quid
788 2469 852 2503 est
873 2458 1152 2518 autem-quod
1172 2458 1352 2503 dicitur:
1371 2462 1394 2503 J
1401 2458 1547 2504 udicat
1570 2469 1744 2514 terram,
1763 2459 1845 2503 nisi

512 2554 517 2568 ¹
542 2545 650 2587 Philip.
679 2556 713 2585 n,
733 2554 781 2577 12.
804 2561 843 2567 --·
860 2552 872 2567 ²
891 2543 975 2577 thid.
998 2544 1050 2576 13.
1076 2559 1117 2566 —-
1137 2541 1150 2566 3
1171 2542 1251 2575 Psal.
1269 2553 1356 2584 xxvx,
1374 2554 1407 2585 9.
1428 2560 1469 2568 —-
1488 2543 1505 2573 4
1531 2555 1544 2576 1
1566 2546 1640 2578 Cor.
1656 2554 1705 2584 ut,
1722 2554 1754 2585 7.
