1867 3320
388 288 528 317 snnmo
558 287 619 318 iv.
655 287 710 316 nn
739 284 863 317 neon
893 287 947 316 m·
978 285 1098 317 Esau.
1348 281 1430 321 187

58 357 198 417 pimus
221 354 441 405 Christum
463 363 629 414 petram
650 372 659 398 ε
690 356 815 398 Petra
839 361 985 398 autem
1007 361 1098 397 erat
1120 353 1360 400 Christus¹.
1385 359 1437 401 In

58 427 182 472 leone
204 423 503 469 fortitudinem
521 424 721 469 novimus
741 442 750 469 z
771 433 814 469 et
834 430 982 468 tamen
1003 422 1073 468 leo
1093 423 1225 467 etiam
1241 424 1439 472 diabolus

57 496 303 543 nominatus
331 503 409 539 est.
440 497 492 539 In
528 494 631 539 dolo
664 494 775 555 quid
794 495 1016 550 novimus,
1039 502 1090 539 ut
1111 494 1375 554 accipiamus
1393 497 1441 540 in

0 565 1 623 i
58 567 194 625 figura
221 564 397 621 dolum,
422 564 795 626 quemadmodum
818 564 1027 624 accipitur
1048 573 1093 609 et
1116 579 1265 619 mons,
1289 580 1444 625 quem-

0 625 2 696 }
59 635 295 684 admodum
318 636 528 696 accipitur
545 636 632 691 leo,
656 634 1032 697 quemadmodum
1053 635 1268 695 accipitur
1288 651 1440 695 agnus,

0 708 4 769 ’ᾗ
59 706 432 769 quemadmodum
453 707 662 766 accipitur
680 716 825 766 petra,
850 715 895 750 et
918 706 1104 751 caetera?

0 772 5 817 ἶ
115 779 284 822 XXIII.
313 776 448 821 Dolus
467 792 569 835 ergo
602 776 710 837 quid
745 778 841 821 est?
863 777 997 823 Dolus
1032 784 1096 820 est
1126 775 1305 835 quando
1326 773 1445 819 aliud

1 850 7 909 i
58 847 215 906 agitur,
236 855 280 891 et
300 846 419 891 aliud
440 846 683 891 simulatur.
711 846 897 899 Quando
918 846 1065 906 itaque
1088 844 1208 890 aliud
1225 856 1289 890 est
1309 847 1355 889 in
1376 846 1446 888 in-

58 917 271 972 tentione,
286 916 407 962 aliud
430 917 476 961 in
497 915 635 971 factis,
658 915 785 960 dolus
807 914 984 960 dicitur.
1007 915 1140 960 Dolus
1159 931 1262 974 ergo
1282 915 1329 959 in
1345 930 1445 974 pro-

4 978 9 1057 ᾗ
57 986 242 1046 prietate
279 985 630 1045 reprehensibilis
644 1020 656 1040 ,
695 984 919 1045 quomodo
941 994 1064 1044 petra
1084 985 1130 1028 in
1161 985 1440 1044 proprietate.

5 1070 10 1117 ¹.
58 1056 144 1110 Qui
165 1055 320 1100 dixerit
341 1064 509 1114 petram
531 1056 577 1098 in
597 1056 861 1114 proprietate
880 1055 1101 1100 Christum
1119 1089 1130 1110 ,
1150 1054 1443 1114 blasphemat:

5 1118 11 1182 ξ
57 1125 281 1186 quomodo
309 1125 497 1170 vitulum
531 1125 607 1185 qui
637 1125 792 1169 dixerit
823 1126 868 1169 in
897 1125 1162 1185 proprietate
1190 1125 1413 1170 Christum
1431 1158 1442 1178 ,

7 1190 13 1243 ἰ
57 1195 344 1255 blasphemat.
373 1195 548 1240 Vitulus
584 1196 629 1239 in
663 1196 926 1255 proprietate
949 1211 1078 1255 pecus
1116 1205 1206 1251 est,
1234 1196 1280 1239 in
1309 1195 1447 1252 figura

8 1247 14 1350 ἰ
58 1266 228 1313 victima
248 1267 319 1311 :in
342 1267 604 1325 proprietate
626 1265 735 1326 lapis
767 1276 880 1310 terra
900 1266 1115 1311 obdurata
1137 1275 1215 1320 est,
1241 1266 1286 1309 in
1308 1265 1448 1323 figura

10 1353 15 1376 ι
58 1338 251 1382 firmitas.
279 1336 412 1381 Dolus
442 1338 487 1380 in
508 1337 772 1396 proprietate
795 1335 928 1391 fraus,
953 1337 998 1380 in
1017 1338 1156 1394 figura
1176 1336 1266 1395 ipsa
1289 1336 1443 1395 figura.

10 1378 16 1476 ἲ
60 1407 212 1451 Omnis
234 1407 347 1451 enim
371 1407 554 1466 figurata
573 1417 616 1451 et
638 1405 864 1465 allegorica
886 1407 1015 1452 lectio
1036 1407 1105 1451 vel
1127 1405 1308 1461 locutio,
1328 1406 1448 1450 aliud

12 1479 17 1507 ὅ
59 1475 233 1523 videtur
250 1491 403 1520 sonare
414 1475 660 1532 carnaliter,
673 1476 791 1520 aliud
807 1477 1025 1521 insinuare
1042 1475 1303 1535 spiritaliter.
1325 1478 1447 1519 Hanc

59 1562 161 1606 ergo
179 1547 363 1604 figuram
387 1546 476 1591 doli
500 1547 677 1591 nomine
700 1546 950 1606 appellavit.
977 1546 1093 1600 Quid
1111 1555 1176 1592 est
1193 1561 1310 1605 ergo,
1333 1566 1353 1589 «
1368 1549 1451 1590 Ve-

60 1634 82 1659 »
118 1616 182 1660 nit
202 1630 303 1660 cum
327 1613 429 1660 dolo
446 1649 457 1671 ‚
483 1626 527 1660 et
547 1616 726 1661 abstulit
747 1617 1098 1662 benedictionem
1118 1619 1271 1662 tuam?
1297 1635 1317 1658 n
1341 1616 1448 1669 Quia

60 1687 294 1744 figuratum
318 1695 408 1730 erat
431 1686 551 1745 quod
585 1684 819 1742 agebatur,
844 1686 942 1730 ideo
965 1688 1133 1730 dietum
1155 1695 1219 1730 est
1235 1721 1246 1740 ,
1273 1704 1293 1727 «
1318 1686 1449 1730 Venit

65 1774 85 1797 n
119 1771 220 1801 cum
239 1754 356 1801 dolo,
372 1774 391 1798 »
409 1758 517 1802 Nam
539 1754 612 1798 ille
633 1753 784 1800 doloso
801 1756 968 1800 homini
988 1755 1338 1800 benedictionem
1359 1771 1449 1801 non

62 1826 353 1881 confirmaret,
370 1827 440 1871 cui
458 1826 702 1870 debebatur
716 1826 832 1885 justa
846 1826 1109 1870 maledictio.
1122 1828 1219 1871 Non
1236 1841 1337 1884 ergo
1359 1835 1451 1871 erat

63 1912 187 1942 verus
219 1894 290 1940 ille
313 1895 456 1951 dolus,
473 1896 658 1939 maxime
680 1896 779 1955 quia
804 1911 893 1940 non
910 1905 972 1940 est
996 1897 1203 1941 mentitus
1224 1896 1410 1942 dicendo
1438 1917 1446 1942 :

67 1985 87 2009 ι(
123 1969 214 2024 Ego
235 1981 331 2010 sum
355 1964 466 2009 filius
485 1974 585 2010 tuus
603 1966 738 2024 major
755 1965 868 2010 Esaii
882 1985 891 2011 2
907 1984 926 2006 n
937 1967 1026 2025 jam
1049 1966 1164 2010 enim
1188 1976 1341 2025 pactus
1359 1976 1449 2012 erat

62 2036 135 2090 ille
157 2051 257 2080 cum
282 2034 410 2080 fratre
433 2052 534 2090 suo,
564 2045 607 2081 et
634 2035 891 2081 vendiderat
915 2037 1202 2096 primogenita
1226 2053 1320 2081 sua.
1359 2041 1450 2082 Hoc

65 2121 109 2152 se
130 2106 237 2151 dixit
259 2106 419 2151 habere
440 2106 567 2165 patri,
583 2106 704 2166 quod
724 2116 888 2151 emerat
908 2122 930 2150 a
954 2107 1085 2151 fratrc
1104 2127 1111 2150 :
1129 2106 1248 2166 quod
1270 2106 1341 2150 ille
1359 2123 1453 2166 per-

67 2174 236 2221 diderat
257 2177 298 2220 in
322 2176 451 2222 istum
478 2177 715 2220 transierat.
743 2179 839 2223 Non
876 2177 989 2221 enim
1013 2177 1288 2236 primogeniti
1313 2177 1453 2222 honor

68 2245 263 2293 exclusus
283 2254 375 2290 crat
395 2247 450 2290 de
468 2246 599 2290 domo
625 2249 739 2291 Isaac
757 2266 765 2291 :
792 2248 1066 2306 primogeniti
1095 2247 1234 2291 honor
1256 2247 1315 2290 ibi
1336 2257 1450 2304 erat,

28 2347 33 2386 1
68 2316 112 2362 in
129 2315 202 2361 illo
225 2332 312 2360 non
331 2325 422 2361 erat
441 2351 451 2371 ‚
472 2317 547 2376 qui
570 2332 669 2361 eum
693 2317 949 2362 vendiderat
971 2337 979 2362 ;
1006 2317 1081 2361 ubi
1104 2326 1216 2372 erat,
1242 2318 1275 2362 si
1297 2334 1385 2362 non
1410 2319 1453 2362 in

29 2393 33 2431 Ι
68 2387 231 2431 minore
253 2395 343 2430 erat
358 2389 375 2429 Ρ
394 2386 495 2431 Ideo
517 2387 655 2431 sciens
672 2388 753 2431 hoc
773 2387 815 2432 in
836 2388 1040 2445 mysterio
1067 2391 1200 2443 Isaac,
1225 2389 1453 2432 confirma-

30 2437 35 2535 1
69 2457 129 2505 vit
168 2457 543 2510 benedictionem,
581 2467 623 2502 ct
657 2457 763 2503 dicit
801 2459 889 2503 filio
921 2479 928 2503 2
960 2457 1122 2512 «Quid
1158 2459 1237 2503 tibi
1261 2459 1453 2504 tacturus

32 2540 36 2590 Ι
73 2543 94 2570 »
126 2529 254 2571 sum?
277 2545 296 2568 »
324 2530 376 2571 Et
395 2526 466 2571 illc
486 2563 497 2583 ,
526 2546 546 2570 «
567 2528 750 2573 Benedic
773 2537 816 2572 ct
840 2544 908 2571 ine
931 2537 1052 2586 pater
1080 2548 1087 2572 :
1113 2544 1198 2573 non
1223 2529 1338 2573 enim
1365 2544 1451 2573 una

33 2601 37 2665 l
119 2617 126 2634 ¹
153 2622 163 2643 ι
184 2612 255 2643 Cor.
280 2621 310 2652 x,
332 2611 363 2653 4.

39 2908 42 2925 ι
