1867 3320
324 238 462 268 sunno
495 241 630 280 xL111,
667 243 720 270 nn
757 245 902 273 VERBLS
936 246 1076 287 isim,
1114 252 1187 277 νυ.
1361 244 1443 282 527

67 310 233 362 potest,
257 302 335 347 sed
355 319 380 347 a
401 303 606 349 fidelibus
637 307 816 365 cogitari
838 318 992 366 potest.
1025 316 1155 358 Porro
1177 315 1210 358 si
1233 329 1283 359 ex
1300 317 1444 378 aliqua

67 381 205 431 parte,
227 381 277 416 ut
293 371 473 430 dignum
489 382 554 418 est
571 408 582 429 ‚
601 376 830 432 cogitetur,
851 378 948 437 quis
965 379 1093 438 digne
1110 384 1285 442 cogitet,
1312 403 1442 445 quam

67 440 216 486 multis
231 442 358 486 donis
382 442 459 486 Dei
480 442 612 501 ipsius
624 444 881 503 praeferatur
896 449 913 490 Ρ
928 449 985 492 Et
1005 449 1038 492 si
1055 452 1217 496 minora
1235 455 1312 497 Dei
1330 456 1444 500 dona

67 511 114 556 in
130 511 256 557 nobis
281 511 494 556 debemus
515 528 768 571 agnoscere,
791 526 957 577 quanto
977 520 1110 577 magis
1132 520 1239 566 illud
1260 523 1378 583 quod
1392 539 1442 569 ea

64 592 258 644 superat,
282 583 494 628 debemus
510 588 770 643 agnoscere?

123 655 206 698 111.
228 656 268 698 A
288 656 379 698 Deo
396 653 609 698 debemus
623 657 637 680 ¹
660 670 748 700 esse
769 657 889 716 quod
903 672 1065 703 sumus.
1091 660 1201 712 Quia
1221 660 1339 721 quod
1355 678 1445 707 non

67 723 179 768 nihil
198 739 367 780 sumus,
387 724 470 769 nisi
487 741 511 769 a
529 728 618 770 Deo
632 742 655 771 a
671 742 759 786 quo
775 727 1013 773 habemus?
1035 729 1118 775 Sed
1139 740 1296 777 suntet
1311 731 1444 790 ligna,

67 803 169 838 sunt
193 803 237 839 et
268 794 461 854 lapides,
497 811 522 840 a
550 812 639 856 quo
669 798 751 842 nisi
776 814 800 842 a
827 801 947 843 Deo?
967 802 1052 845 Nos
1075 816 1176 860 ergo
1194 803 1301 861 quid
1323 801 1447 861 plus?

64 865 163 910 Non
178 864 332 909 vivunt
348 864 468 923 ligna
495 875 540 911 et
559 865 725 926 lapides
744 887 753 912 :
779 883 854 913 nos
878 878 1021 913 autem
1044 870 1239 915 vivimus.
1263 870 1346 916 Sed
1365 870 1446 915 ad-

63 933 151 979 huc
181 934 309 979 nobis
339 933 530 994 idipsum
568 937 710 980 vivere
755 953 854 982 cum
890 939 1117 983 arboribus
1162 941 1443 1001 frutectisque

62 1018 298 1049 commune
318 1013 398 1048 est.
417 1005 631 1049 Dicuntur
650 1007 765 1050 enim
788 1016 830 1051 et
850 1007 958 1052 vites
979 1008 1139 1052 vivere.
1162 1012 1271 1053 Nam
1294 1010 1328 1054 si
1357 1025 1447 1054 non

61 1073 282 1129 viverent,
307 1089 398 1118 non
416 1074 628 1134 scriptum
651 1084 762 1119 esset
788 1094 797 1120 ;
827 1094 847 1117 α
871 1077 1040 1122 Occidit
1066 1078 1113 1121 in
1139 1079 1348 1137 grandine
1380 1079 1446 1123 vi-

67 1162 87 1186 »
122 1159 224 1188 neas
241 1147 438 1188 eorum2.
463 1162 483 1185 »
511 1144 648 1200 Vivit,
673 1160 774 1189 cum
791 1146 923 1204 viret,
941 1146 1107 1202 arescit,
1128 1162 1227 1190 cum
1244 1148 1442 1192 moritur.

65 1213 151 1260 Sed
172 1214 258 1259 vita
278 1214 359 1259 ista
386 1229 477 1258 non
504 1215 640 1259 habet
662 1230 849 1259 sensum.
876 1216 992 1269 Quid
1015 1232 1092 1261 nos
1114 1217 1326 1277 amplius?
1343 1233 1443 1262 sen·

66 1284 212 1329 timus.
238 1285 657 1345 Quinque-partitus
685 1286 873 1344 corporis
897 1295 1024 1330 notus
1047 1295 1108 1330 est
1124 1302 1281 1330 sensus.
1310 1286 1444 1331 vide-

69 1370 182 1411 mus,
207 1355 406 1400 audimus
421 1390 432 1411 ‚
459 1355 701 1411 olfacimus,
724 1366 942 1414 gustamus
959 1391 970 1412 ,
991 1366 1108 1401 tactu
1129 1357 1256 1402 etiam
1278 1373 1354 1417 per
1376 1366 1445 1402 to-

73 1435 168 1472 tum
188 1441 346 1486 corpus
367 1436 568 1471 nostrum
590 1425 737 1471 mollia
758 1427 1043 1486 dijudicamus
1074 1437 1116 1472 et
1136 1429 1241 1472 dura
1263 1463 1273 1482 ,
1300 1444 1447 1488 aspera

66 1506 109 1542 et
130 1495 269 1553 lenia,
289 1496 430 1542 calida
455 1507 500 1542 et
516 1497 685 1556 frigida.
713 1501 789 1543 Est
811 1515 912 1558 ergo
932 1499 977 1542 in
1001 1499 1125 1543 nobis
1146 1514 1290 1543 sensus
1313 1500 1445 1559 quin-

65 1568 386 1628 que-partitus:
417 1567 494 1612 sed
516 1569 633 1612 hunc
656 1569 818 1612 habent
836 1579 878 1612 ct
901 1569 1059 1613 bestiae.
1095 1570 1312 1613 Habemus
1344 1585 1444 1628 ergo

65 1636 232 1698 aliquid
259 1637 444 1696 amplius
473 1653 564 1682 nos.
599 1641 655 1682 Et
689 1640 765 1682 ista
788 1650 931 1683 tamen
952 1655 1050 1699 quae
1074 1640 1441 1693 enumeravimus,

65 1707 219 1752 fratres
241 1707 349 1763 mei,
375 1708 410 1751 si
443 1707 763 1752 consideremus
804 1710 849 1751 in
881 1710 1026 1762 nobis,
1059 1718 1264 1767 quantam
1296 1710 1349 1752 de
1380 1710 1445 1752 his

65 1780 299 1838 gratiarum
314 1779 529 1823 actionem
545 1813 556 1834 ,
575 1787 784 1838 quantam
807 1779 999 1822 Creatori
1016 1778 1189 1822 laudem
1209 1778 1443 1823 debemus?

68 1849 154 1895 Sed
175 1858 322 1894 tamen
349 1848 533 1908 amplius
561 1849 671 1908 quid
693 1849 844 1892 habem
854 1850 928 1892 us?
959 1851 1149 1892 Mentem
1166 1883 1177 1902 ‚
1208 1850 1414 1892 rationem
1430 1883 1441 1902 ,

64 1919 294 1966 consilium
311 1953 322 1975 ‚
345 1918 467 1980 quod
488 1934 579 1963 non
610 1917 776 1962 liabent
810 1918 955 1961 bestiae
973 1952 984 1971 ,
1024 1933 1111 1962 non
1144 1918 1304 1962 habent
1326 1918 1445 1962 volu-

65 2006 179 2046 cres,
199 2006 289 2035 non
311 1990 476 2034 habent
498 1990 634 2049 pisces
661 1989 675 2034 ς’
696 1990 740 2032 in
763 2004 813 2032 eo
833 1987 931 2032 facti
960 2003 1107 2031 sumus
1132 1986 1186 2031 ud
1214 1988 1442 2045 imaginem

0 2062 1 2069 ’
65 2061 159 2106 Dei.
186 2061 383 2120 Denique
406 2059 482 2104 ubi
500 2059 722 2118 Scriptura
740 2068 906 2113 narrat,
927 2058 1045 2117 quod
1069 2056 1168 2101 sacti
1184 2073 1358 2114 sumus,
1383 2058 1441 2101 ibi

66 2132 314 2192 subJungit,
335 2140 385 2175 ut
406 2146 483 2175 nos
502 2130 730 2190 pecoribus
753 2145 842 2174 non
863 2129 1001 2172 solum
1024 2137 1279 2187 anteponat,
1303 2128 1376 2171 scd
1398 2137 1441 2171 ct

65 2210 292 2262 praeponat
307 2236 318 2256 ,
336 2201 381 2245 id
403 2209 466 2246 est
481 2234 492 2256 ,
518 2210 566 2244 ut
591 2215 641 2243 ca
664 2200 788 2244 nobis
812 2200 1002 2258 subjecta
1023 2198 1107 2241 sint
1129 2217 1137 2242 ;
1163 2198 1436 2252 «Faciamus,

69 2291 90 2315 »
122 2273 514 2334 inquit,hominem
528 2270 582 2315 ad
599 2270 832 2330 imaginem
851 2268 1435 2322 etsimilitudincmnostram,

68 2361 90 2386 »
124 2353 169 2389 et
190 2342 349 2387 habeat
371 2350 624 2402 potestatem
640 2340 820 2400 piscium
836 2339 958 2383 muris
974 2373 984 2393 ‚
1005 2347 1045 2382 ct
1068 2336 1302 2381 volatilium
1324 2337 1436 2391 culi,

69 2431 90 2455 »
124 2421 168 2458 et
189 2412 387 2458 omnium
412 2425 641 2471 pecorum,
666 2420 709 2455 ct
730 2409 989 2469 serpentium
1015 2424 1111 2466 quzc
1134 2417 1288 2467 repunt
1312 2422 1439 2465 super

70 2501 91 2525 »
126 2485 327 2530 terram³.
354 2501 374 2524 »
398 2480 521 2527 Unde
536 2481 694 2525 habeat
711 2479 991 2540 potestatem?
1010 2481 1186 2537 Propter
1206 2476 1435 2536 imaginem

114 2574 123 2592 ¹
139 2569 246 2603 Foru
261 2568 427 2602 hahemus.
448 2584 488 2591 —
517 2574 527 2590 ²
544 2565 623 2599 psal.
644 2576 765 2607 uun,
780 2565 833 2607 47.
855 2580 894 2587 -
915 2562 1025 2595 ³(ieri.
1047 2572 1072 2601 ι,
1092 2564 1144 2595 26.
