1867 3320
373 319 580 349 EPISTOLAE
613 315 669 347 AD
699 315 887 347 GALATAs
918 317 1154 347 EXPOSITIO.
1405 314 1459 351 87

79 386 368 432 Ecclesiarum
405 385 538 430 fuerit
565 405 573 430 :
598 393 641 429 et
673 384 773 428 ideo
806 383 943 439 dicit,
973 402 993 426 «
1018 386 1079 428 De
1099 384 1164 428 his
1202 394 1349 430 autem
1384 389 1462 448 qui

77 456 282 502 videntur
323 471 412 500 esse
441 455 630 516 aliquid,
671 454 820 514 quales
853 453 1090 514 aliquando
1129 454 1325 507 fuerint,
1351 457 1460 502 nihil

81 546 101 570 »
135 543 230 572 mea
251 528 467 572 interest¹.
492 545 513 568 »
539 526 650 581 Quia
673 534 715 570 et
736 527 813 586 qui
833 524 1037 571 videntur
1053 540 1144 569 esse
1165 523 1348 585 aliquid,
1366 541 1462 571 car-

77 597 248 643 nalibus
270 598 522 642 hominibus
555 597 760 642 videntur
784 612 874 641 esse
896 594 1063 657 aliquid
1088 614 1097 641 :
1120 611 1223 640 nam
1250 611 1340 640 non
1361 606 1463 641 sunt

78 669 160 728 ipsi
180 668 360 729 aliquid.
387 669 479 713 Etsi
501 668 619 712 enim
638 667 745 713 boni
772 668 959 712 ministri
992 667 1071 711 Dei
1101 675 1231 722 sunt,
1266 666 1464 712 Christus

76 739 123 783 in
141 738 224 783 illis
246 748 310 784 est
348 738 514 799 aliquid
533 775 545 797 ,
569 754 659 784 non
690 739 771 798 ipsi
804 754 881 798 per
917 753 977 783 se.
1009 739 1118 783 Nam
1141 738 1175 782 si
1207 737 1287 797 ipsi
1318 752 1395 797 per
1422 753 1467 782 se

83 819 223 854 essent
240 809 420 870 aliquid,
443 825 613 869 semper
626 809 807 854 fuissent
823 809 1005 870 aliquid.
1022 808 1215 863 «Quales
1230 808 1468 871 aliquando

81 898 100 922 »
138 879 302 925 fuerint
318 915 329 936 ,
357 899 377 922 »
398 881 445 925 id
465 889 557 937 est,
581 881 683 940 quia
700 889 743 924 et
763 881 844 940 ipsi
860 890 1107 940 peccatores
1127 881 1332 939 fuerunt,
1354 883 1464 932 nihil

76 966 153 996 sua
174 951 281 996 dicit
301 952 507 996 interesse
532 970 541 997 2
566 951 669 1011 quia
701 970 722 994 «
746 954 861 996 Deus
899 951 1088 996 hominis
1111 967 1341 1011 personam
1375 971 1467 1001 non

78 1040 99 1063 »
134 1021 313 1081 accipit,
343 1040 362 1064 »
381 1022 426 1066 id
443 1031 532 1077 est,
557 1022 649 1066 sine
665 1037 949 1082 personarum
968 1023 1221 1083 acceptione
1241 1040 1392 1070 omnes
1410 1026 1467 1072 ad

75 1091 259 1137 salutem
300 1093 495 1147 vocavit,
542 1109 633 1138 non
666 1102 872 1153 reputans
907 1094 991 1138 illis
1024 1093 1182 1140 delicta
1204 1110 1373 1141 eorum.
1410 1100 1466 1142 Et

74 1164 174 1209 ideo
207 1164 459 1208 absentibus
494 1163 603 1219 illis,
640 1165 718 1225 qui
754 1165 917 1224 priores
945 1164 1051 1210 facti
1084 1175 1207 1211 erant
1234 1168 1462 1227 Apostoli,

75 1234 234 1279 Paulus
254 1250 277 1278 a
300 1235 486 1298 Domino
515 1234 734 1294 perfectus
757 1245 821 1280 est
841 1255 850 1281 :
879 1244 929 1280 ut
951 1237 1130 1296 quando
1152 1252 1253 1282 cum
1271 1239 1330 1282 eis
1355 1254 1462 1284 con-

73 1304 202 1361 tulit,
223 1304 332 1349 nihil
352 1314 462 1349 esset
484 1306 606 1364 quod
627 1304 886 1365 perfectioni
905 1307 997 1366 ejus
1019 1306 1230 1351 adderent
1251 1328 1261 1364 3
1286 1308 1362 1353 sed
1379 1325 1462 1368 po-

72 1375 157 1420 tius
178 1375 377 1421 viderent
409 1375 613 1420 eumdem
651 1378 886 1420 Dominum
919 1379 1066 1420 Jesum
1097 1378 1346 1434 Christum,
1384 1382 1462 1440 qui

71 1446 163 1490 sine
180 1462 461 1506 personarum
477 1446 729 1505 acceptione
747 1446 885 1490 salvos
904 1444 1021 1501 facit,
1039 1447 1123 1491 hoc
1135 1446 1304 1492 dedisse
1327 1450 1464 1495 Paulo

71 1519 334 1562 ministraret
367 1518 603 1572 Gentibus,
630 1517 750 1577 quod
772 1518 902 1561 etiam
932 1520 1060 1562 Petro
1092 1516 1272 1563 dederat
1295 1529 1344 1565 ut
1377 1522 1462 1565 mi-

70 1588 271 1632 nistraret
294 1587 470 1631 Judaeis.
498 1590 594 1633 Non
612 1604 716 1647 ergo
738 1588 904 1632 inventi
923 1598 1026 1633 sunt
1048 1590 1092 1633 in
1115 1588 1262 1650 aliquo
1293 1591 1462 1636 dissen-

70 1658 150 1703 tire
167 1658 220 1702 ab
241 1656 316 1702 illo
334 1692 345 1712 ‚
375 1666 425 1701 ut
446 1672 547 1701 cum
570 1658 642 1701 ille
673 1673 716 1701 se
739 1658 982 1716 perfectum
1017 1659 1305 1718 Evangelium
1335 1678 1460 1707 acce-

69 1729 180 1788 pisse
214 1728 406 1783 diceret,
430 1726 494 1770 illi
516 1736 747 1784 negarent,
775 1736 818 1771 et
853 1727 1019 1788 aliquid
1055 1728 1218 1774 vellent
1251 1740 1460 1792 tanquam

69 1798 323 1859 imperfecte
356 1798 515 1842 addere
542 1797 647 1842 :sed
669 1813 692 1842 e
713 1800 931 1843 contrario
966 1815 1046 1858 pro
1075 1802 1459 1860 reprehensoribus

69 1869 436 1930 imperfectionis,
477 1869 788 1928 approbatores
809 1868 1086 1928 perfectionis
1118 1871 1315 1918 fuerunt.
1346 1893 1366 1917 «
1401 1878 1458 1920 Et

71 1958 93 1982 »
127 1939 345 1984 dederunt
376 1938 571 1983 dexteras
605 1940 846 1983 societatis²
865 1974 876 1994 ,
904 1939 989 1984 »id
1022 1950 1107 1996 est,
1143 1955 1457 1990 consenserunt

68 2011 113 2055 in
150 2012 426 2066 societatem,
452 2020 494 2054 et
517 2019 757 2070 paruerunt
791 2010 1006 2055 voluntati
1037 2014 1232 2069 Domini,
1270 2030 1456 2061 consen-

67 2083 221 2128 tientes
245 2093 294 2127 ut
316 2081 476 2126 Paulus
498 2092 541 2126 et
565 2083 780 2127 Barnabas
803 2083 915 2127 irent
941 2102 961 2124 «
985 2084 1040 2127 ad
1061 2085 1221 2129 Gentes
1237 2121 1247 2137 ‚
1273 2087 1352 2145 ipsi
1375 2104 1455 2132 au-

70 2171 90 2196 »
126 2163 212 2198 tem
237 2157 281 2198 in
303 2154 701 2208 circumcisionem,
725 2172 745 2196 »
772 2170 872 2214 quae
893 2156 1125 2214 praeputio,
1151 2156 1196 2200 id
1214 2166 1277 2200 est
1298 2192 1308 2210 ,
1334 2160 1456 2204 Gen-

67 2225 183 2269 tibus
205 2226 421 2270 contraria
454 2225 639 2270 videtur.
673 2228 780 2271 Nam
808 2226 937 2270 ctiam
971 2227 1029 2270 sic
1063 2236 1205 2285 potest
1240 2229 1452 2289 intelligi,

66 2297 186 2356 quod
223 2297 282 2340 ait
307 2315 315 2341 :
346 2315 364 2337 «
390 2312 413 2340 e
434 2298 651 2341 contrario
668 2298 682 2323 ³
701 2332 711 2352 ,
739 2316 759 2339 »
779 2306 828 2341 ut
846 2297 953 2341 ordo
986 2298 1063 2341 iste
1093 2300 1146 2343 sit
1172 2317 1181 2343 :
1208 2300 1315 2344 Mihi
1339 2302 1453 2346 enini

66 2368 140 2428 qui
162 2368 366 2412 videntur
388 2368 552 2428 aliquid
569 2404 580 2423 ,
605 2369 711 2413 nihil
735 2379 1059 2428 apposuerunt,
1077 2369 1194 2414 sede
1216 2374 1450 2427 contrario,

67 2448 116 2482 ut
133 2454 209 2482 nos
229 2438 406 2498 quidem
433 2439 474 2482 in
496 2441 655 2484 Gentes
672 2441 830 2484 iremus
848 2476 858 2494 ,
877 2456 976 2500 quse
999 2450 1099 2486 sunt
1121 2444 1349 2487 eontrariae
1369 2445 1455 2487 cir—

68 2510 341 2563 cumcisioni,
381 2510 454 2568 ipsi
477 2519 620 2553 autem
645 2511 685 2553 in
722 2512 1120 2566 circuinrisionem,
1147 2525 1454 2559 consenserunt

115 2607 246 2638 wint-11.
269 2618 303 2646 ιι,
328 2609 359 2638 (i.
387 2624 421 2629 ->-
452 2615 457 2626 ¹
479 2608 557 2638 ΙΙοίιΙ.
576 2621 597 2649 ι)
636 2625 672 2629 -
697 2607 802 2640 3lbiul.
831 2620 860 2649 7.
