1924 3309
475 267 558 305 470
907 277 939 304 s.
977 276 1206 305 Aucus‘rmr
1239 277 1421 306 Emscorl

476 354 589 388 terra
613 342 791 402 quidem
814 343 1107 402 digerebatur,
1130 341 1205 387 sed
1228 342 1274 386 in
1297 344 1410 388 coelo
1433 345 1567 389 tutius
1589 346 1856 390 servabatur.

475 417 594 472 Ergo
617 432 637 455 κ
658 413 918 474 Redemptio
940 414 1096 457 animae
1116 413 1210 467 viri,
1232 412 1392 458 divitiae
1414 415 1558 474 ipsius.
1582 435 1599 456 »

531 487 588 529 X.
602 487 658 529 Et
669 485 777 545 quid
791 486 1012 544 sequitur?
1033 503 1051 525 «
1070 486 1238 543 Pauper
1252 493 1397 528 autem
1415 500 1503 529 non
1513 485 1666 530 suffert
1683 486 1856 530 minas¹.

475 574 496 598 »
534 559 720 615 Pauper,
749 574 768 597 n
790 555 954 600 scilicet
976 553 1118 598 inanis
1153 554 1336 614 justitia,
1354 570 1444 599 non
1460 555 1626 600 habens
1642 557 1760 600 intus
1776 557 1862 615 spi-

474 628 582 672 ritus
605 626 921 687 plenitudinem
940 661 951 681 ,
993 634 1249 670 ornamenta
1279 626 1512 685 spiritalia,
1552 626 1864 687 supellectilem

474 698 710 758 spiritalem
726 733 737 753 ,
764 706 994 756 totumque
1015 695 1127 740 illud
1161 695 1282 757 quod
1305 696 1442 742 oculis
1463 712 1553 742 non
1574 696 1763 752 videtur,
1788 696 1866 741 sed

477 778 624 813 mente
642 768 740 828 plus
758 768 951 812 cernitur
969 786 978 812 ε
1003 783 1092 812 non
1113 767 1278 811 habens
1300 768 1394 811 haec
1411 768 1544 823 intus,
1566 786 1586 810 «
1603 770 1700 813 Non
1710 767 1864 812 suffert

476 858 497 881 »
532 840 689 884 minas.
717 857 737 881 »
774 837 962 891 Quando
995 838 1034 882 ei
1065 837 1232 882 dictum
1252 837 1385 883 fuerit
1406 837 1461 882 ab
1484 837 1630 898 aliquo
1650 847 1828 898 potente
1850 856 1859 882 ι

473 910 550 953 Dic
572 911 656 954 hoc
667 910 854 954 verbum
867 908 1019 954 contra
1037 909 1263 953 inimicum
1285 923 1430 952 meum
1447 943 1458 963 ‚
1478 907 1548 953 dic
1569 906 1725 953 salsum
1742 907 1863 952 testi-

473 982 693 1036 monium,
719 989 769 1025 ut
790 996 892 1025 eum
914 995 1045 1041 quem
1066 979 1167 1025 volo
1191 979 1434 1040 opprimam
1455 988 1498 1024 et
1519 980 1710 1024 domem.
1733 982 1864 1024 Forte

472 1062 614 1097 tentat
639 1072 648 1098 ι
673 1055 771 1098 Non
799 1053 928 1107 facio,
969 1067 1059 1096 non
1077 1052 1184 1095 mihi
1202 1051 1374 1095 adduco
1405 1061 1648 1110 peccatum.
1678 1053 1864 1095 Tantum

476 1133 629 1183 negat,
673 1138 901 1183 quousque
939 1122 1058 1167 dives
1093 1122 1248 1166 minari
1276 1122 1469 1182 incipiat.
1507 1123 1591 1167 Sed
1624 1123 1726 1183 quia
1753 1137 1864 1181 pau-

471 1211 550 1255 per
593 1203 679 1250 est,
714 1209 804 1238 non
835 1193 988 1237 suffert
1018 1192 1171 1236 minas.
1209 1192 1327 1246 Quid
1354 1202 1446 1247 est,
1477 1211 1497 1234 «
1525 1207 1691 1251 pauper
1722 1210 1741 1233 »
1768 1193 1866 1236 est?

474 1281 563 1311 non
585 1264 719 1309 habet
740 1263 909 1309 divitias
931 1264 1174 1318 interiores,
1203 1278 1311 1323 quas
1337 1266 1550 1320 Martyres
1582 1262 1832 1307 habuerunt
1851 1297 1863 1317 ,

473 1337 550 1397 qui
563 1351 642 1396 pro
665 1335 845 1380 veritate
868 1350 916 1379 ac
937 1333 1024 1378 fide
1053 1334 1214 1379 Christi
1236 1349 1388 1378 omnes
1420 1334 1558 1378 minas
1591 1333 1738 1378 saeculi
1758 1349 1866 1378 con-

473 1415 761 1466 tempserunt.
777 1405 896 1451 Nihil
917 1406 971 1449 de
991 1405 1122 1449 corde
1145 1403 1456 1464 perdiderunt,
1471 1406 1516 1449 in
1527 1404 1640 1450 coelo
1651 1414 1866 1465 quantum

477 1478 779 1523 invenerunt?
810 1495 830 1518 «
863 1479 1034 1534 Pauper
1072 1489 1174 1534 ergo
1209 1477 1296 1519 non
1330 1475 1484 1520 suffert
1517 1476 1670 1520 minas,
1711 1493 1731 1516 »
1770 1477 1868 1520 Non

474 1557 617 1611 potest
639 1548 782 1592 dicere
801 1547 927 1592 diviti
954 1548 1129 1606 cogenti
1157 1562 1200 1591 se
1233 1545 1288 1591 ad
1323 1546 1503 1607 alicujus
1535 1547 1737 1607 injuriam
1763 1561 1868 1606 pro—

477 1620 590 1665 ferre
624 1618 781 1663 falsum
816 1619 1149 1663 testimonium:
1181 1620 1279 1663 Non
1312 1616 1441 1662 facio.
1479 1620 1576 1663 Non
1598 1618 1732 1661 habet
1754 1617 1869 1661 intus

477 1692 596 1736 unde
610 1691 894 1749 respondeat,
927 1705 1017 1733 non
1038 1698 1102 1733 est
1124 1689 1328 1733 thesauro
1360 1688 1563 1733 interiore
1588 1687 1797 1733 solidatus
1827 1697 1871 1732 et

476 1763 632 1823 plenus
655 1780 665 1807 ι
694 1776 785 1805 non
811 1770 876 1804 est
907 1760 984 1820 qui
1008 1759 1146 1814 dicat,
1177 1759 1279 1820 quia
1301 1775 1392 1804 non
1424 1760 1557 1803 habet
1578 1758 1698 1803 unde
1720 1759 1835 1804 dicat
1857 1780 1868 1817 3

475 1849 567 1878 non
593 1841 656 1876 est
689 1831 766 1891 qui
803 1830 919 1875 dicat
952 1847 964 1874 :
1002 1829 1119 1883 Quid
1157 1830 1265 1874 mihi
1304 1829 1498 1875 facturus
1538 1845 1581 1873 es
1619 1830 1696 1889 qui
1728 1829 1870 1874 mina-

476 1905 558 1949 ris?
596 1906 652 1947 Ut
694 1902 885 1946 multum
902 1936 913 1957 ,
960 1900 1185 1945 ablaturus
1226 1900 1347 1960 quod
1387 1900 1530 1944 habeo
1562 1896 1581 1945 ε’
1604 1900 1720 1945 tollis
1751 1900 1872 1961 quod

476 1974 705 2018 relicturus
737 1987 834 2016 sum
859 1992 871 2029 3
896 1970 1012 2015 tollis
1029 2006 1040 2026 ,
1078 1970 1200 2031 quod
1222 1971 1301 2014 etsi
1335 1986 1424 2015 non
1460 1970 1602 2026 tollas,
1643 1970 1751 2015 dum
1773 1972 1872 2017 vivo

470 2045 654 2090 forsitan
688 2043 944 2104 perditurus
973 2058 1070 2087 sum
1104 2061 1113 2087 :
1148 2042 1203 2086 de
1233 2058 1330 2086 arca
1353 2042 1558 2086 interiore
1583 2042 1693 2087 nihil
1716 2042 1868 2103 perdo.

474 2120 589 2163 Cum
623 2117 730 2160 mihi
769 2115 940 2159 minaris
975 2113 1148 2159 auferre
1183 2114 1304 2174 quod
1340 2114 1457 2159 intus
1485 2115 1644 2170 habeo,
1679 2129 1780 2159 vere
1808 2116 1872 2159 vis

477 2188 648 2234 auferre
669 2186 790 2248 quod
829 2188 946 2231 intus
967 2186 1123 2230 habeo.
1157 2184 1241 2230 Sed
1263 2185 1374 2230 illud
1393 2195 1515 2245 potes
1540 2184 1710 2230 auferre
1734 2195 1776 2230 et
1793 2187 1873 2230 ha-

476 2263 580 2306 bere
603 2279 610 2305 :
637 2259 770 2303 fidem
788 2259 821 2303 si
837 2257 1044 2302 minando
1065 2257 1308 2312 abstuleris,
1332 2267 1378 2307 ‚et
1391 2273 1471 2316 ego
1489 2257 1641 2317 perdo,
1659 2267 1702 2301 et
1722 2267 1768 2302 tu
1782 2274 1873 2303 non

475 2332 676 2378 habebis.
716 2334 815 2376 Non
838 2347 941 2389 ergo
962 2330 1076 2374 facio
1099 2329 1220 2390 quod
1255 2330 1455 2385 hortaris,
1493 2345 1582 2374 non
1612 2345 1721 2375 curo
1751 2329 1873 2390 quod

478 2403 670 2454 minaris.
720 2403 802 2446 Sed
831 2411 953 2460 potes
976 2400 1195 2445 saeviendo
1219 2400 1348 2445 etiarn
1371 2400 1425 2444 de
1443 2401 1580 2460 patria
1603 2415 1672 2444 me
1693 2399 1869 2460 pellere.

479 2474 698 2528 Nocuisti,
719 2474 751 2516 si
774 2472 878 2516 illuc
904 2488 970 2515 me
992 2470 1220 2531 expuleris,
1246 2471 1318 2514 ubi
1350 2474 1487 2514 Deum
1509 2485 1655 2515 meum
1678 2472 1872 2515 invenire

481 2561 567 2588 non
593 2559 781 2603 possum.
805 2546 933 2587 Forte
956 2541 1118 2587 valebis
1140 2542 1270 2585 etiam
1285 2541 1495 2586 occidere,
1521 2545 1688 2586 Ruente
1704 2541 1869 2586 carnali

536 2636 542 2651 ¹
570 2632 659 2659 prov.
682 2639 748 2668 5111,
768 2628 797 2659 S.
