1924 3309
497 259 578 297 378
926 267 961 297 s.
997 266 1231 297 Aucus-nm
1261 268 1442 297 nmscom

494 350 614 390 mus,
642 353 662 376 «
681 337 794 379 Deus
813 334 908 393 quis
929 332 1075 378 similis
1095 333 1205 376 tibi?
1229 350 1249 374 »
1270 331 1324 376 de
1346 349 1436 393 quo
1457 349 1546 380 non
1568 335 1875 391 erubescimus,

494 407 616 466 cujus
637 405 814 450 titulum
844 419 934 449 non
954 405 1001 448 in
1021 402 1166 463 lapide
1187 402 1392 461 legimus,
1417 406 1492 450 sed
1513 407 1559 450 in
1580 405 1711 450 corde
1737 415 1879 464 gesta-

493 492 590 521 mus
611 495 621 522 :
643 477 764 536 cujus
780 491 942 520 nomen
962 484 1006 518 et
1026 483 1183 518 notum
1204 481 1268 517 est
1283 474 1509 531 omnibus,
1532 484 1576 520 et
1596 475 1702 521 vivit
1722 476 1769 519 in
1783 491 1881 521 cre-

494 546 722 598 dentibus,
738 546 907 590 habitat
929 546 974 588 in
995 543 1194 598 subditis,
1214 542 1408 589 debellat
1418 546 1628 604 superbos
1645 565 1654 590 :
1672 547 1881 606 quoniam

494 617 695 663 novimus
716 618 787 661 cui
811 615 995 660 diximus
1008 648 1020 669 ‚
1051 633 1070 655 «
1096 616 1210 658 Deus
1232 614 1330 673 quis
1351 613 1498 659 similis
1519 615 1632 660 tibii‘
1653 634 1673 658 »
1693 631 1784 661 non
1803 632 1882 662 nos

495 697 699 734 moveant
713 686 768 731 ad
789 685 939 730 odium
954 685 1019 729 sui
1039 685 1238 729 homines
1249 719 1260 739 ‚
1285 700 1396 745 quos
1418 685 1522 730 fecit
1536 689 1650 731 Deus
1663 707 1675 744 3
1695 686 1772 731 sed
1785 702 1882 732 mo-

495 767 593 803 veat
609 759 664 802 ad
701 757 850 802 odium
872 755 937 799 sui
958 754 1176 815 quidquid
1196 755 1242 798 in
1273 755 1451 799 homine
1473 756 1586 800 bene
1612 755 1727 800 facto
1745 773 1769 801 a
1793 760 1882 802 Deo

494 828 608 872 male
619 828 724 872 fecit
740 827 830 886 ipse
846 827 993 871 homo.
1014 827 1157 870 Homo
1174 840 1335 870 nomen
1352 840 1492 869 unum
1504 834 1581 870 est.
1603 827 1743 886 Hujus
1761 842 1882 872 crea-

494 908 605 943 turae
619 897 827 942 artificem
840 912 1004 956 quaero,
1022 897 1137 940 Deus
1152 905 1229 940 est.
1247 894 1575 956 Numquidnam
1587 897 1774 941 hominis
1792 907 1884 942 tan-

496 968 725 1013 tummodo
759 976 931 1012 creator
960 968 1103 1011 Deus?
1136 969 1291 1012 Nonne
1309 976 1351 1010 et
1374 967 1563 1025 pecoris,
1589 976 1632 1010 et
1655 966 1804 1026 piscis,
1842 978 1885 1012 et

496 1038 681 1084 volatilis
697 1072 708 1093 ‚
734 1046 777 1082 et
797 1036 969 1096 Angeb,
995 1046 1037 1081 et
1056 1036 1171 1091 coeli,
1191 1045 1234 1080 et
1255 1045 1397 1091 terrae,
1416 1045 1460 1080 et
1478 1037 1686 1092 siderum,
1706 1046 1751 1082 et
1766 1037 1881 1093 solis,

496 1119 540 1153 et
558 1109 692 1164 lunae,
708 1118 752 1152 et
768 1108 966 1152 omnium
988 1123 1117 1167 supra
1134 1106 1334 1166 infraque
1352 1107 1629 1152 conditorum
1651 1117 1695 1152 et
1715 1117 1885 1167 tempe-
1923 1094 1924 1104 ἵ

496 1189 704 1232 ratorum‚
723 1178 911 1222 imorum
930 1187 1061 1237 atque
1083 1192 1370 1231 summorum,
1395 1177 1573 1221 unitatis
1590 1176 1768 1222 vinculo
1782 1193 1887 1222 con·

495 1250 739 1293 nexorum?
777 1263 923 1292 nonne
962 1248 1144 1291 istorum
1185 1247 1383 1291 omnium
1424 1245 1577 1291 artifex
1616 1249 1768 1292 Deus?
1801 1248 1886 1293 Sed

495 1319 719 1364 hominem
733 1317 787 1361 ad
799 1317 1034 1375 imaginem
1049 1326 1093 1361 et
1105 1315 1434 1360 similitudinem
1445 1332 1568 1361 suam
1579 1317 1697 1361 fecit.
1718 1315 1884 1362 Simili-

494 1389 604 1434 tudo
631 1388 774 1449 aliqua
795 1388 956 1432 dicitur
977 1388 1110 1432 homo
1127 1422 1138 1442 ‚
1176 1396 1219 1431 et
1236 1395 1399 1446 quanta
1422 1387 1478 1431 ad
1508 1389 1757 1447 quantum?
1778 1389 1885 1447 quid

495 1460 550 1505 ad
568 1475 699 1520 quem
715 1461 732 1501 ‘3
748 1460 881 1503 homo
903 1458 959 1502 ad
975 1459 1142 1502 Deum?
1156 1458 1274 1510 Quid
1295 1466 1358 1502 est
1378 1458 1511 1502 homo
1523 1493 1534 1512 ‚
1550 1458 1632 1502 nisi
1648 1458 1771 1518 quod
1788 1474 1884 1503 me-

495 1547 591 1577 mor
612 1547 655 1575 es
669 1531 704 1590 ej
711 1546 758 1574 us
773 1532 786 1556 1
801 1532 819 1572 ⁶?
834 1530 1034 1574 Dicamus
1051 1544 1152 1586 ergo
1175 1528 1230 1573 ad
1241 1529 1473 1587 imaginem
1485 1538 1528 1573 et
1548 1529 1879 1574 similitudinem

495 1602 598 1646 facti
615 1601 748 1661 ipsius
759 1635 771 1655 ‚
789 1602 880 1644 Deo
893 1609 1041 1645 nostro
1055 1599 1251 1643 dicamus
1263 1634 1274 1653 ‚
1290 1601 1441 1643 «Deus
1457 1599 1555 1658 quis
1572 1598 1721 1644 similis
1736 1599 1817 1644 tibi
1832 1602 1851 1643 *ἰ
1861 1618 1882 1642 »

495 1669 678 1716 Addidit
712 1669 828 1713 enim
865 1688 874 1713 :
910 1688 931 1711 «
965 1672 1216 1723 Memento,
1242 1668 1344 1728 quia
1374 1668 1514 1727 pulvis
1545 1683 1695 1713 sumus
1707 1672 1740 1712 ².
1769 1686 1790 1710 »
1817 1669 1886 1714 Sic

496 1740 626 1799 longe
648 1755 691 1783 es
710 1754 733 1782 a
754 1737 1035 1781 similitudine
1057 1740 1150 1781 Dei.
1167 1739 1310 1781 Homo
1326 1737 1468 1781 factus
1481 1737 1537 1781 ad
1557 1736 1887 1782 similitudinem

497 1809 575 1853 Dei
601 1828 610 1853 ε
630 1807 706 1852 sed
727 1808 817 1866 ipsa
839 1805 1077 1850 similitudo
1099 1806 1158 1849 sic
1181 1806 1312 1850 distat
1327 1840 1339 1860 ‚
1360 1815 1410 1850 ut
1429 1821 1525 1850 eam
1539 1807 1780 1865 comparari
1797 1822 1886 1851 non

497 1880 662 1924 deceat.
687 1881 745 1922 Et
766 1886 912 1922 tamen
945 1891 1020 1921 cor
1055 1876 1244 1920 hominis
1263 1909 1274 1930 ‚
1311 1891 1386 1920 cor
1419 1877 1673 1931 Christiani,
1698 1877 1776 1937 qui
1796 1892 1885 1922 non

496 1959 639 2010 potest
667 1949 832 2003 dicere,
859 1947 1036 1991 Homini
1058 1946 1141 1991 deo
1168 1965 1176 1990 :
1206 1946 1393 1991 libenter
1423 1946 1554 2006 legit,
1580 1946 1759 1992 Herculi
1782 1948 1880 1993 deo.

499 2020 667 2064 Titulus
701 2033 791 2063 non
820 2017 1038 2077 loquitur,
1063 2016 1140 2060 sed
1175 2016 1245 2061 vel
1265 2016 1446 2076 legitur,
1479 2016 1658 2062 Herculi
1687 2018 1788 2063 deo.
1823 2021 1884 2063 De

496 2106 586 2150 quo
620 2088 785 2133 dictum
806 2088 900 2132 est?
934 2090 1029 2146 Ipse
1067 2086 1183 2130 dicat
1204 2085 1259 2131 de
1293 2102 1383 2146 quo
1414 2086 1597 2132 dictum.
1637 2089 1883 2148 Utrumque

498 2170 692 2214 mutum,
716 2168 956 2218 utrumque
977 2158 1241 2201 insensatum
1264 2176 1274 2203 ;
1294 2173 1423 2217 supra
1444 2157 1745 2213 mendacium,
1770 2158 1882 2204 infra

499 2233 773 2290 figmentum.
797 2229 966 2274 Titulus
979 2243 1183 2273 accusans
1199 2229 1467 2288 scriptorem,
1485 2228 1760 2274 confundens
1773 2227 1881 2273 ado-

499 2310 700 2345 ratorem.
740 2298 910 2344 Titulus
943 2314 1033 2344 non
1064 2298 1375 2342 commendans
1403 2298 1594 2358 lapidem
1622 2298 1780 2354 deum,
1806 2297 1880 2342 sed

498 2370 693 2415 indicans
714 2371 939 2415 hominem
961 2368 1159 2414 stultum.
1188 2370 1358 2414 Titulus
1383 2385 1547 2414 nomen
1567 2368 1636 2413 dei
1657 2370 1884 2428 imponens
1911 2427 1913 2430 y

500 2442 723 2499 figmento,
749 2449 792 2484 et
812 2454 974 2485 nomen
1009 2439 1185 2484 cultoris
1220 2438 1370 2483 delens
1400 2440 1456 2485 de
1485 2440 1599 2485 libro
1623 2428 1897 2508 viventium.'

499 2516 634 2564 Quam
652 2511 907 2570 particulam
930 2527 1077 2557 sensus
1094 2512 1140 2556 in
1159 2526 1203 2556 se
1220 2511 1384 2555 sentit?
1889 2510 1895 2627 t

547 2604 555 2621 ¹
575 2597 653 2631 psal.
674 2607 744 2639 vm,
762 2597 796 2632 5.
815 2614 855 2621 -
876 2604 889 2620 ²
916 2598 961 2632 Id.
982 2608 1037 2640 cn,
1065 2596 1117 2638 14.
