<?xml version="1.0" encoding="UTF-8"?>
<!DOCTYPE html PUBLIC "-//W3C//DTD XHTML 1.0 Transitional//EN"
    "http://www.w3.org/TR/xhtml1/DTD/xhtml1-transitional.dtd">
<html xmlns="http://www.w3.org/1999/xhtml" xml:lang="en" lang="en">
 <head>
  <title>
</title>
<meta http-equiv="Content-Type" content="text/html;charset=utf-8" />
  <meta name='ocr-system' content='tesseract 3.04.00' />
  <meta name='ocr-capabilities' content='ocr_page ocr_carea ocr_par ocr_line ocrx_word'/>
</head>
<body>
  <div class='ocr_page' id='page_1' title='image "./operaomniaaccura17auguuoft_0381.png"; bbox 0 0 1867 3320; ppageno 0'>
   <div class='ocr_carea' id='block_1_1' title="bbox 252 254 1415 313">
    <p class='ocr_par' dir='ltr' id='par_1_1' title="bbox 252 254 1415 313">
     <span class='ocr_line' id='line_1_1' title="bbox 252 254 1415 313; baseline 0.019 -28"><span class='ocrx_word' id='word_1_1' title='bbox 252 258 390 287; x_wconf 66' lang='lat' dir='ltr'><strong>samio</strong></span> <span class='ocrx_word' id='word_1_2' title='bbox 424 261 558 298; x_wconf 72' lang='lat' dir='ltr'><strong>xxiii,</strong></span> <span class='ocrx_word' id='word_1_3' title='bbox 595 265 647 290; x_wconf 79' lang='lat' dir='ltr'><strong>DE</strong></span> <span class='ocrx_word' id='word_1_4' title='bbox 681 254 733 292; x_wconf 77' lang='lat'><strong>24</strong></span> <span class='ocrx_word' id='word_1_5' title='bbox 767 267 895 297; x_wconf 68' lang='lat' dir='ltr'><strong>vmsu</strong></span> <span class='ocrx_word' id='word_1_6' title='bbox 930 273 970 298; x_wconf 72' lang='lat' dir='ltr'><strong>Ps</strong></span> <span class='ocrx_word' id='word_1_7' title='bbox 955 274 1074 303; x_wconf 67' lang='grc' dir='ltr'><strong>Αωιι</strong></span> <span class='ocrx_word' id='word_1_8' title='bbox 1107 280 1229 307; x_wconf 63' lang='lat' dir='ltr'><strong>mxii.</strong></span> <span class='ocrx_word' id='word_1_9' title='bbox 1335 275 1415 313; x_wconf 79' lang='grc'><strong>369</strong></span> 
     </span>
    </p>
   </div>
   <div class='ocr_carea' id='block_1_2' title="bbox 0 326 1434 2689">
    <p class='ocr_par' dir='ltr' id='par_1_2' title="bbox 0 326 1434 2689">
     <span class='ocr_line' id='line_1_2' title="bbox 64 326 1418 402; baseline 0.016 -34"><span class='ocrx_word' id='word_1_10' title='bbox 64 326 272 370; x_wconf 82' lang='lat' dir='ltr'><strong>affectum</strong></span> <span class='ocrx_word' id='word_1_11' title='bbox 289 326 366 370; x_wconf 89' lang='lat' dir='ltr'><strong>Dei</strong></span> <span class='ocrx_word' id='word_1_12' title='bbox 384 327 480 371; x_wconf 87' lang='lat' dir='ltr'><strong>tui:</strong></span> <span class='ocrx_word' id='word_1_13' title='bbox 505 343 594 373; x_wconf 92' lang='lat' dir='ltr'><strong>non</strong></span> <span class='ocrx_word' id='word_1_14' title='bbox 613 338 654 373; x_wconf 87' lang='lat' dir='ltr'><strong>te</strong></span> <span class='ocrx_word' id='word_1_15' title='bbox 672 342 896 391; x_wconf 85' lang='lat' dir='ltr'><strong>angustat,</strong></span> <span class='ocrx_word' id='word_1_16' title='bbox 921 351 1019 381; x_wconf 90' lang='lat' dir='ltr'><strong>cum</strong></span> <span class='ocrx_word' id='word_1_17' title='bbox 1038 344 1225 402; x_wconf 79' lang='lat' dir='ltr'><strong>venerit3</strong></span> <span class='ocrx_word' id='word_1_18' title='bbox 1247 348 1330 393; x_wconf 83' lang='lat' dir='ltr'><strong>imo</strong></span> <span class='ocrx_word' id='word_1_19' title='bbox 1350 366 1418 395; x_wconf 51' lang='grc' dir='ltr'><strong>με</strong></span> 
     </span>
     <span class='ocr_line' id='line_1_3' title="bbox 62 395 1418 472; baseline 0.01 -32"><span class='ocrx_word' id='word_1_20' title='bbox 62 397 224 442; x_wconf 88' lang='lat' dir='ltr'><strong>niendo</strong></span> <span class='ocrx_word' id='word_1_21' title='bbox 246 395 445 442; x_wconf 88' lang='lat' dir='ltr'><strong>dilatabit</strong></span> <span class='ocrx_word' id='word_1_22' title='bbox 466 406 524 442; x_wconf 87' lang='lat' dir='ltr'><strong>te.</strong></span> <span class='ocrx_word' id='word_1_23' title='bbox 554 401 661 444; x_wconf 86' lang='lat' dir='ltr'><strong>Nam</strong></span> <span class='ocrx_word' id='word_1_24' title='bbox 687 411 737 447; x_wconf 88' lang='lat' dir='ltr'><strong>ut</strong></span> <span class='ocrx_word' id='word_1_25' title='bbox 755 404 881 460; x_wconf 80' lang='lat' dir='ltr'><strong>sciaS,</strong></span> <span class='ocrx_word' id='word_1_26' title='bbox 908 408 1111 466; x_wconf 88' lang='lat' dir='ltr'><strong>quoniam</strong></span> <span class='ocrx_word' id='word_1_27' title='bbox 1140 411 1330 462; x_wconf 74' lang='lat' dir='ltr'>dilatabit</span> <span class='ocrx_word' id='word_1_28' title='bbox 1354 429 1418 472; x_wconf 66' lang='lat' dir='ltr'><strong>te</strong></span> 
     </span>
     <span class='ocr_line' id='line_1_4' title="bbox 61 466 1417 534; baseline 0.017 -23"><span class='ocrx_word' id='word_1_29' title='bbox 61 482 150 512; x_wconf 83' lang='lat' dir='ltr'><strong>non</strong></span> <span class='ocrx_word' id='word_1_30' title='bbox 172 467 315 512; x_wconf 91' lang='lat' dir='ltr'><strong>solum</strong></span> <span class='ocrx_word' id='word_1_31' title='bbox 347 466 584 513; x_wconf 83' lang='lat' dir='ltr'><strong>adventum</strong></span> <span class='ocrx_word' id='word_1_32' title='bbox 620 487 746 516; x_wconf 91' lang='lat' dir='ltr'><strong>suum</strong></span> <span class='ocrx_word' id='word_1_33' title='bbox 786 476 1001 533; x_wconf 76' lang='lat' dir='ltr'><strong>promisit,</strong></span> <span class='ocrx_word' id='word_1_34' title='bbox 1027 480 1279 528; x_wconf 88' lang='lat' dir='ltr'><strong>Habitabo</strong></span> <span class='ocrx_word' id='word_1_35' title='bbox 1271 502 1313 530; x_wconf 86' lang='lat' dir='ltr'><strong>in</strong></span> <span class='ocrx_word' id='word_1_36' title='bbox 1336 490 1417 534; x_wconf 84' lang='lat' dir='ltr'><strong>eis</strong></span> 
     </span>
     <span class='ocr_line' id='line_1_5' title="bbox 61 537 1419 604; baseline 0.016 -25"><span class='ocrx_word' id='word_1_37' title='bbox 61 537 169 581; x_wconf 91' lang='lat' dir='ltr'><strong>sed</strong></span> <span class='ocrx_word' id='word_1_38' title='bbox 159 552 294 597; x_wconf 89' lang='lat' dir='ltr'><strong>1psam</strong></span> <span class='ocrx_word' id='word_1_39' title='bbox 316 538 448 582; x_wconf 84' lang='lat' dir='ltr'><strong>etiam</strong></span> <span class='ocrx_word' id='word_1_40' title='bbox 467 537 765 597; x_wconf 86' lang='lat' dir='ltr'><strong>latitudinem,</strong></span> <span class='ocrx_word' id='word_1_41' title='bbox 791 544 992 591; x_wconf 84' lang='lat' dir='ltr'><strong>addendo</strong></span> <span class='ocrx_word' id='word_1_42' title='bbox 1007 582 1018 603; x_wconf 93' lang='lat'>,</span> <span class='ocrx_word' id='word_1_43' title='bbox 1049 551 1104 592; x_wconf 89' lang='lat' dir='ltr'><strong>Et</strong></span> <span class='ocrx_word' id='word_1_44' title='bbox 1125 550 1419 604; x_wconf 86' lang='lat' dir='ltr'>deambulabo</span> 
     </span>
     <span class='ocr_line' id='line_1_6' title="bbox 61 578 1426 671; baseline 0.014 -20"><span class='ocrx_word' id='word_1_45' title='bbox 61 607 357 652; x_wconf 87' lang='lat' dir='ltr'><strong>Latitudinem</strong></span> <span class='ocrx_word' id='word_1_46' title='bbox 387 607 514 652; x_wconf 86' lang='lat' dir='ltr'><strong>istam</strong></span> <span class='ocrx_word' id='word_1_47' title='bbox 532 643 543 663; x_wconf 96' lang='lat'>‚</span> <span class='ocrx_word' id='word_1_48' title='bbox 579 610 614 653; x_wconf 89' lang='lat' dir='ltr'><strong>si</strong></span> <span class='ocrx_word' id='word_1_49' title='bbox 645 578 809 669; x_wconf 83' lang='lat' dir='ltr'><strong>diligis,</strong></span> <span class='ocrx_word' id='word_1_50' title='bbox 845 614 975 660; x_wconf 87' lang='lat' dir='ltr'><strong>vides.</strong></span> <span class='ocrx_word' id='word_1_51' title='bbox 1005 618 1148 664; x_wconf 91' lang='lat' dir='ltr'><strong>Timor</strong></span> <span class='ocrx_word' id='word_1_52' title='bbox 1169 630 1426 671; x_wconf 87' lang='lat' dir='ltr'><strong>tormentum</strong></span> 
     </span>
     <span class='ocr_line' id='line_1_7' title="bbox 60 677 1427 742; baseline 0.013 -22"><span class='ocrx_word' id='word_1_53' title='bbox 60 677 217 733; x_wconf 87' lang='lat' dir='ltr'><strong>habet,</strong></span> <span class='ocrx_word' id='word_1_54' title='bbox 248 693 349 736; x_wconf 88' lang='lat' dir='ltr'><strong>ergo</strong></span> <span class='ocrx_word' id='word_1_55' title='bbox 371 679 589 737; x_wconf 82' lang='lat' dir='ltr'><strong>angustias</strong></span> <span class='ocrx_word' id='word_1_56' title='bbox 622 680 751 725; x_wconf 86' lang='lat' dir='ltr'><strong>habet</strong></span> <span class='ocrx_word' id='word_1_57' title='bbox 776 701 785 726; x_wconf 89' lang='lat'>:</span> <span class='ocrx_word' id='word_1_58' title='bbox 810 698 857 727; x_wconf 87' lang='lat' dir='ltr'><strong>ac</strong></span> <span class='ocrx_word' id='word_1_59' title='bbox 886 699 961 742; x_wconf 85' lang='lat' dir='ltr'><strong>per</strong></span> <span class='ocrx_word' id='word_1_60' title='bbox 986 687 1068 732; x_wconf 90' lang='lat' dir='ltr'><strong>hoc</strong></span> <span class='ocrx_word' id='word_1_61' title='bbox 1098 704 1215 734; x_wconf 87' lang='lat' dir='ltr'><strong>arnor</strong></span> <span class='ocrx_word' id='word_1_62' title='bbox 1236 691 1427 738; x_wconf 85' lang='lat' dir='ltr'><strong>latitudi-</strong></span> 
     </span>
     <span class='ocr_line' id='line_1_8' title="bbox 61 747 1429 812; baseline 0.004 -19"><span class='ocrx_word' id='word_1_63' title='bbox 61 763 160 793; x_wconf 87' lang='lat' dir='ltr'><strong>nem</strong></span> <span class='ocrx_word' id='word_1_64' title='bbox 178 748 329 793; x_wconf 89' lang='lat' dir='ltr'><strong>habet.</strong></span> <span class='ocrx_word' id='word_1_65' title='bbox 351 748 462 792; x_wconf 88' lang='lat' dir='ltr'><strong>Vide</strong></span> <span class='ocrx_word' id='word_1_66' title='bbox 487 747 761 795; x_wconf 86' lang='lat' dir='ltr'><strong>latitudinem</strong></span> <span class='ocrx_word' id='word_1_67' title='bbox 785 753 999 800; x_wconf 88' lang='lat' dir='ltr'><strong>charitatis</strong></span> <span class='ocrx_word' id='word_1_68' title='bbox 1021 776 1028 800; x_wconf 91' lang='lat'>:</span> <span class='ocrx_word' id='word_1_69' title='bbox 1054 777 1072 799; x_wconf 91' lang='lat'>«</span> <span class='ocrx_word' id='word_1_70' title='bbox 1098 761 1308 812; x_wconf 84' lang='lat' dir='ltr'><strong>Quoniam</strong></span> <span class='ocrx_word' id='word_1_71' title='bbox 1330 765 1429 809; x_wconf 76' lang='lat' dir='ltr'><strong>cha-</strong></span> 
     </span>
     <span class='ocr_line' id='line_1_9' title="bbox 65 818 1350 881; baseline 0.01 -20"><span class='ocrx_word' id='word_1_72' title='bbox 65 838 84 859; x_wconf 86' lang='lat'>»</span> <span class='ocrx_word' id='word_1_73' title='bbox 121 819 222 863; x_wconf 85' lang='lat' dir='ltr'><strong>ritas</strong></span> <span class='ocrx_word' id='word_1_74' title='bbox 244 820 321 863; x_wconf 92' lang='lat' dir='ltr'><strong>Dei</strong></span> <span class='ocrx_word' id='word_1_75' title='bbox 343 818 503 864; x_wconf 86' lang='lat' dir='ltr'><strong>diffusa</strong></span> <span class='ocrx_word' id='word_1_76' title='bbox 521 829 584 864; x_wconf 91' lang='lat' dir='ltr'><strong>est</strong></span> <span class='ocrx_word' id='word_1_77' title='bbox 603 855 613 875; x_wconf 92' lang='lat'>‚</span> <span class='ocrx_word' id='word_1_78' title='bbox 638 821 808 881; x_wconf 87' lang='lat' dir='ltr'><strong>inquit,</strong></span> <span class='ocrx_word' id='word_1_79' title='bbox 828 824 871 867; x_wconf 88' lang='lat' dir='ltr'><strong>in</strong></span> <span class='ocrx_word' id='word_1_80' title='bbox 894 825 1092 873; x_wconf 85' lang='lat' dir='ltr'><strong>cordibus</strong></span> <span class='ocrx_word' id='word_1_81' title='bbox 1114 832 1264 876; x_wconf 85' lang='lat' dir='ltr'><strong>nostris</strong></span> <span class='ocrx_word' id='word_1_82' title='bbox 1280 836 1307 875; x_wconf 88' lang='lat'><strong>¹.</strong></span> <span class='ocrx_word' id='word_1_83' title='bbox 1334 854 1350 874; x_wconf 88' lang='lat'>»</span> 
     </span>
     <span class='ocr_line' id='line_1_10' title="bbox 119 889 1430 956; baseline 0.012 -23"><span class='ocrx_word' id='word_1_84' title='bbox 119 892 241 934; x_wconf 88' lang='lat' dir='ltr'>V111.</span> <span class='ocrx_word' id='word_1_85' title='bbox 271 889 357 935; x_wconf 91' lang='lat' dir='ltr'><strong>Sed</strong></span> <span class='ocrx_word' id='word_1_86' title='bbox 378 900 427 935; x_wconf 91' lang='lat' dir='ltr'><strong>tu</strong></span> <span class='ocrx_word' id='word_1_87' title='bbox 445 891 485 934; x_wconf 88' lang='lat' dir='ltr'><strong>ei</strong></span> <span class='ocrx_word' id='word_1_88' title='bbox 506 891 733 950; x_wconf 73' lang='lat' dir='ltr'><strong>quaerebas</strong></span> <span class='ocrx_word' id='word_1_89' title='bbox 754 893 912 938; x_wconf 89' lang='lat' dir='ltr'><strong>locum.</strong></span> <span class='ocrx_word' id='word_1_90' title='bbox 935 899 1027 956; x_wconf 85' lang='lat' dir='ltr'><strong>Ipse</strong></span> <span class='ocrx_word' id='word_1_91' title='bbox 1045 899 1304 946; x_wconf 85' lang='lat' dir='ltr'><strong>inhabitator</strong></span> <span class='ocrx_word' id='word_1_92' title='bbox 1325 904 1430 949; x_wconf 88' lang='lat' dir='ltr'><strong>dila-</strong></span> 
     </span>
     <span class='ocr_line' id='line_1_11' title="bbox 61 960 1427 1025; baseline 0.011 -22"><span class='ocrx_word' id='word_1_93' title='bbox 61 968 152 1004; x_wconf 86' lang='lat' dir='ltr'><strong>tet:</strong></span> <span class='ocrx_word' id='word_1_94' title='bbox 184 960 351 1004; x_wconf 84' lang='lat' dir='ltr'><strong>Diffusa</strong></span> <span class='ocrx_word' id='word_1_95' title='bbox 377 970 442 1004; x_wconf 91' lang='lat' dir='ltr'><strong>est</strong></span> <span class='ocrx_word' id='word_1_96' title='bbox 468 961 584 1004; x_wconf 90' lang='lat' dir='ltr'><strong>enim</strong></span> <span class='ocrx_word' id='word_1_97' title='bbox 625 962 807 1007; x_wconf 87' lang='lat' dir='ltr'><strong>charitas</strong></span> <span class='ocrx_word' id='word_1_98' title='bbox 834 964 877 1007; x_wconf 90' lang='lat' dir='ltr'><strong>in</strong></span> <span class='ocrx_word' id='word_1_99' title='bbox 905 967 1106 1012; x_wconf 79' lang='lat' dir='ltr'><strong>cordibus</strong></span> <span class='ocrx_word' id='word_1_100' title='bbox 1128 973 1301 1025; x_wconf 89' lang='lat' dir='ltr'><strong>nostris,</strong></span> <span class='ocrx_word' id='word_1_101' title='bbox 1342 990 1427 1018; x_wconf 88' lang='lat' dir='ltr'><strong>non</strong></span> 
     </span>
     <span class='ocr_line' id='line_1_12' title="bbox 64 1030 1434 1098; baseline 0.009 -24"><span class='ocrx_word' id='word_1_102' title='bbox 64 1039 208 1075; x_wconf 86' lang='lat' dir='ltr'><strong>tamen</strong></span> <span class='ocrx_word' id='word_1_103' title='bbox 231 1046 282 1075; x_wconf 80' lang='lat' dir='ltr'><strong>ex</strong></span> <span class='ocrx_word' id='word_1_104' title='bbox 304 1031 430 1075; x_wconf 88' lang='lat' dir='ltr'><strong>nobis</strong></span> <span class='ocrx_word' id='word_1_105' title='bbox 450 1066 461 1087; x_wconf 94' lang='lat'>,</span> <span class='ocrx_word' id='word_1_106' title='bbox 487 1030 563 1075; x_wconf 91' lang='lat' dir='ltr'><strong>sed</strong></span> <span class='ocrx_word' id='word_1_107' title='bbox 584 1046 662 1091; x_wconf 91' lang='lat' dir='ltr'><strong>per</strong></span> <span class='ocrx_word' id='word_1_108' title='bbox 694 1033 899 1092; x_wconf 89' lang='lat' dir='ltr'><strong>Spiritum</strong></span> <span class='ocrx_word' id='word_1_109' title='bbox 922 1045 1115 1081; x_wconf 89' lang='lat' dir='ltr'><strong>sanctum</strong></span> <span class='ocrx_word' id='word_1_110' title='bbox 1133 1041 1207 1098; x_wconf 91' lang='lat' dir='ltr'><strong>qui</strong></span> <span class='ocrx_word' id='word_1_111' title='bbox 1229 1041 1351 1086; x_wconf 82' lang='lat' dir='ltr'><strong>datus</strong></span> <span class='ocrx_word' id='word_1_112' title='bbox 1373 1054 1434 1087; x_wconf 78' lang='lat' dir='ltr'><strong>est</strong></span> 
     </span>
     <span class='ocr_line' id='line_1_13' title="bbox 62 1101 1431 1164; baseline 0.009 -19"><span class='ocrx_word' id='word_1_113' title='bbox 62 1101 201 1146; x_wconf 90' lang='lat' dir='ltr'><strong>nobis.</strong></span> <span class='ocrx_word' id='word_1_114' title='bbox 226 1101 267 1146; x_wconf 92' lang='lat' dir='ltr'><strong>Si</strong></span> <span class='ocrx_word' id='word_1_115' title='bbox 295 1101 457 1145; x_wconf 84' lang='lat' dir='ltr'><strong>diffusa</strong></span> <span class='ocrx_word' id='word_1_116' title='bbox 484 1111 549 1145; x_wconf 85' lang='lat' dir='ltr'><strong>est</strong></span> <span class='ocrx_word' id='word_1_117' title='bbox 578 1102 763 1147; x_wconf 82' lang='lat' dir='ltr'><strong>charitas</strong></span> <span class='ocrx_word' id='word_1_118' title='bbox 781 1105 826 1147; x_wconf 91' lang='lat' dir='ltr'><strong>in</strong></span> <span class='ocrx_word' id='word_1_119' title='bbox 848 1104 1049 1151; x_wconf 82' lang='lat' dir='ltr'><strong>cordibus</strong></span> <span class='ocrx_word' id='word_1_120' title='bbox 1071 1111 1245 1164; x_wconf 87' lang='lat' dir='ltr'><strong>nostris,</strong></span> <span class='ocrx_word' id='word_1_121' title='bbox 1267 1121 1308 1154; x_wconf 91' lang='lat' dir='ltr'><strong>et</strong></span> <span class='ocrx_word' id='word_1_122' title='bbox 1327 1118 1431 1158; x_wconf 85' lang='lat' dir='ltr'><strong>Deus</strong></span> 
     </span>
     <span class='ocr_line' id='line_1_14' title="bbox 60 1174 1430 1238; baseline 0.008 -22"><span class='ocrx_word' id='word_1_123' title='bbox 60 1174 244 1217; x_wconf 87' lang='lat' dir='ltr'><strong>charitas</strong></span> <span class='ocrx_word' id='word_1_124' title='bbox 261 1182 323 1217; x_wconf 90' lang='lat' dir='ltr'><strong>est</strong></span> <span class='ocrx_word' id='word_1_125' title='bbox 336 1177 376 1231; x_wconf 69' lang='lat'><strong>²3</strong></span> <span class='ocrx_word' id='word_1_126' title='bbox 399 1188 500 1217; x_wconf 87' lang='lat' dir='ltr'><strong>ecce</strong></span> <span class='ocrx_word' id='word_1_127' title='bbox 509 1174 601 1233; x_wconf 84' lang='lat' dir='ltr'><strong>jam</strong></span> <span class='ocrx_word' id='word_1_128' title='bbox 618 1189 671 1218; x_wconf 82' lang='lat' dir='ltr'><strong>ex</strong></span> <span class='ocrx_word' id='word_1_129' title='bbox 688 1174 1089 1236; x_wconf 85' lang='lat' dir='ltr'><strong>quantulocumque</strong></span> <span class='ocrx_word' id='word_1_130' title='bbox 1104 1180 1277 1238; x_wconf 86' lang='lat' dir='ltr'><strong>pignore</strong></span> <span class='ocrx_word' id='word_1_131' title='bbox 1293 1184 1430 1227; x_wconf 89' lang='lat' dir='ltr'><strong>deam-</strong></span> 
     </span>
     <span class='ocr_line' id='line_1_15' title="bbox 64 1242 1427 1307; baseline 0.007 -20"><span class='ocrx_word' id='word_1_132' title='bbox 64 1242 188 1288; x_wconf 90' lang='lat' dir='ltr'><strong>bulat</strong></span> <span class='ocrx_word' id='word_1_133' title='bbox 208 1246 323 1288; x_wconf 90' lang='lat' dir='ltr'><strong>Deus</strong></span> <span class='ocrx_word' id='word_1_134' title='bbox 355 1244 401 1287; x_wconf 91' lang='lat' dir='ltr'><strong>in</strong></span> <span class='ocrx_word' id='word_1_135' title='bbox 431 1243 571 1288; x_wconf 90' lang='lat' dir='ltr'><strong>nobis.</strong></span> <span class='ocrx_word' id='word_1_136' title='bbox 601 1245 762 1302; x_wconf 87' lang='lat' dir='ltr'><strong>Pignus</strong></span> <span class='ocrx_word' id='word_1_137' title='bbox 778 1247 891 1289; x_wconf 87' lang='lat' dir='ltr'><strong>enim</strong></span> <span class='ocrx_word' id='word_1_138' title='bbox 910 1249 1162 1307; x_wconf 88' lang='lat' dir='ltr'><strong>accepimus.</strong></span> <span class='ocrx_word' id='word_1_139' title='bbox 1185 1252 1298 1303; x_wconf 89' lang='lat' dir='ltr'><strong>Quid</strong></span> <span class='ocrx_word' id='word_1_140' title='bbox 1322 1252 1427 1297; x_wconf 80' lang='lat' dir='ltr'><strong>iilud</strong></span> 
     </span>
     <span class='ocr_line' id='line_1_16' title="bbox 60 1314 1424 1377; baseline 0.007 -19"><span class='ocrx_word' id='word_1_141' title='bbox 60 1324 148 1370; x_wconf 85' lang='lat' dir='ltr'><strong>est,</strong></span> <span class='ocrx_word' id='word_1_142' title='bbox 175 1316 300 1375; x_wconf 85' lang='lat' dir='ltr'><strong>cujus</strong></span> <span class='ocrx_word' id='word_1_143' title='bbox 321 1315 478 1374; x_wconf 85' lang='lat' dir='ltr'><strong>pignus</strong></span> <span class='ocrx_word' id='word_1_144' title='bbox 500 1314 586 1359; x_wconf 87' lang='lat' dir='ltr'><strong>tale</strong></span> <span class='ocrx_word' id='word_1_145' title='bbox 614 1317 706 1360; x_wconf 81' lang='lat' dir='ltr'><strong>est?</strong></span> <span class='ocrx_word' id='word_1_146' title='bbox 725 1318 980 1377; x_wconf 88' lang='lat' dir='ltr'><strong>Quanquam</strong></span> <span class='ocrx_word' id='word_1_147' title='bbox 1003 1319 1152 1364; x_wconf 90' lang='lat' dir='ltr'><strong>melius</strong></span> <span class='ocrx_word' id='word_1_148' title='bbox 1170 1321 1329 1366; x_wconf 90' lang='lat' dir='ltr'><strong>habent</strong></span> <span class='ocrx_word' id='word_1_149' title='bbox 1352 1339 1424 1367; x_wconf 84' lang='lat' dir='ltr'><strong>co-</strong></span> 
     </span>
     <span class='ocr_line' id='line_1_17' title="bbox 0 1384 1426 1454; baseline 0.006 -25"><span class='ocrx_word' id='word_1_150' title='bbox 0 1422 2 1454; x_wconf 61' lang='lat' dir='ltr'>ss</span> <span class='ocrx_word' id='word_1_151' title='bbox 58 1384 196 1441; x_wconf 85' lang='lat' dir='ltr'><strong>dices,</strong></span> <span class='ocrx_word' id='word_1_152' title='bbox 221 1386 297 1446; x_wconf 90' lang='lat' dir='ltr'><strong>qui</strong></span> <span class='ocrx_word' id='word_1_153' title='bbox 314 1386 480 1429; x_wconf 90' lang='lat' dir='ltr'><strong>habent</strong></span> <span class='ocrx_word' id='word_1_154' title='bbox 502 1401 659 1440; x_wconf 75' lang='lat' dir='ltr'><strong>arram,</strong></span> <span class='ocrx_word' id='word_1_155' title='bbox 683 1402 813 1446; x_wconf 89' lang='lat' dir='ltr'><strong>quam</strong></span> <span class='ocrx_word' id='word_1_156' title='bbox 836 1388 911 1447; x_wconf 92' lang='lat' dir='ltr'><strong>qui</strong></span> <span class='ocrx_word' id='word_1_157' title='bbox 928 1388 1088 1433; x_wconf 88' lang='lat' dir='ltr'><strong>habent</strong></span> <span class='ocrx_word' id='word_1_158' title='bbox 1110 1391 1275 1450; x_wconf 88' lang='lat' dir='ltr'><strong>pignus.</strong></span> <span class='ocrx_word' id='word_1_159' title='bbox 1299 1396 1426 1437; x_wconf 87' lang='lat' dir='ltr'><strong>Eam-</strong></span> 
     </span>
     <span class='ocr_line' id='line_1_18' title="bbox 0 1454 1426 1516; baseline 0.005 -17"><span class='ocrx_word' id='word_1_160' title='bbox 0 1460 2 1485; x_wconf 70' lang='lat'><em>*</em></span> <span class='ocrx_word' id='word_1_161' title='bbox 58 1454 158 1500; x_wconf 90' lang='lat' dir='ltr'><strong>dem</strong></span> <span class='ocrx_word' id='word_1_162' title='bbox 180 1456 344 1516; x_wconf 86' lang='lat' dir='ltr'><strong>quippe</strong></span> <span class='ocrx_word' id='word_1_163' title='bbox 366 1471 456 1499; x_wconf 88' lang='lat' dir='ltr'><strong>rem</strong></span> <span class='ocrx_word' id='word_1_164' title='bbox 480 1456 736 1515; x_wconf 82' lang='lat' dir='ltr'><strong>interpretes</strong></span> <span class='ocrx_word' id='word_1_165' title='bbox 764 1456 904 1501; x_wconf 88' lang='lat' dir='ltr'><strong>dicere</strong></span> <span class='ocrx_word' id='word_1_166' title='bbox 934 1456 1208 1502; x_wconf 83' lang='lat' dir='ltr'><strong>voluerunt³.</strong></span> <span class='ocrx_word' id='word_1_167' title='bbox 1250 1464 1426 1506; x_wconf 49' lang='lat' dir='ltr'><strong>Interest</strong></span> 
     </span>
     <span class='ocr_line' id='line_1_19' title="bbox 58 1518 1427 1589; baseline 0.003 -20"><span class='ocrx_word' id='word_1_168' title='bbox 58 1533 204 1570; x_wconf 88' lang='lat' dir='ltr'><strong>tamen</strong></span> <span class='ocrx_word' id='word_1_169' title='bbox 223 1518 387 1586; x_wconf 86' lang='lat' dir='ltr'><strong>aliquid</strong></span> <span class='ocrx_word' id='word_1_170' title='bbox 404 1526 450 1569; x_wconf 92' lang='lat' dir='ltr'><strong>in</strong></span> <span class='ocrx_word' id='word_1_171' title='bbox 470 1525 683 1586; x_wconf 86' lang='lat' dir='ltr'><strong>loquendi</strong></span> <span class='ocrx_word' id='word_1_172' title='bbox 706 1541 786 1569; x_wconf 89' lang='lat' dir='ltr'><strong>usu</strong></span> <span class='ocrx_word' id='word_1_173' title='bbox 803 1526 914 1570; x_wconf 91' lang='lat' dir='ltr'><strong>inter</strong></span> <span class='ocrx_word' id='word_1_174' title='bbox 931 1542 1067 1571; x_wconf 85' lang='lat' dir='ltr'><strong>arram</strong></span> <span class='ocrx_word' id='word_1_175' title='bbox 1085 1537 1126 1571; x_wconf 89' lang='lat' dir='ltr'><strong>et</strong></span> <span class='ocrx_word' id='word_1_176' title='bbox 1144 1529 1307 1586; x_wconf 85' lang='lat' dir='ltr'><strong>pignus.</strong></span> <span class='ocrx_word' id='word_1_177' title='bbox 1336 1532 1427 1589; x_wconf 85' lang='lat' dir='ltr'><strong>Pig-</strong></span> 
     </span>
     <span class='ocr_line' id='line_1_20' title="bbox 57 1595 1422 1659; baseline 0.003 -19"><span class='ocrx_word' id='word_1_178' title='bbox 57 1611 138 1640; x_wconf 91' lang='lat' dir='ltr'><strong>nus</strong></span> <span class='ocrx_word' id='word_1_179' title='bbox 159 1597 275 1640; x_wconf 86' lang='lat' dir='ltr'><strong>enim</strong></span> <span class='ocrx_word' id='word_1_180' title='bbox 298 1596 476 1656; x_wconf 90' lang='lat' dir='ltr'><strong>quando</strong></span> <span class='ocrx_word' id='word_1_181' title='bbox 499 1595 656 1651; x_wconf 81' lang='lat' dir='ltr'><strong>datur,</strong></span> <span class='ocrx_word' id='word_1_182' title='bbox 677 1611 775 1640; x_wconf 89' lang='lat' dir='ltr'><strong>cum</strong></span> <span class='ocrx_word' id='word_1_183' title='bbox 796 1595 943 1640; x_wconf 87' lang='lat' dir='ltr'><strong>datum</strong></span> <span class='ocrx_word' id='word_1_184' title='bbox 966 1597 1094 1641; x_wconf 76' lang='lat' dir='ltr'><strong>tuerit</strong></span> <span class='ocrx_word' id='word_1_185' title='bbox 1119 1608 1289 1656; x_wconf 85' lang='lat' dir='ltr'><strong>propter</strong></span> <span class='ocrx_word' id='word_1_186' title='bbox 1310 1601 1422 1659; x_wconf 88' lang='lat' dir='ltr'><strong>quod</strong></span> 
     </span>
     <span class='ocr_line' id='line_1_21' title="bbox 56 1666 1424 1725; baseline 0.003 -16"><span class='ocrx_word' id='word_1_187' title='bbox 56 1666 213 1725; x_wconf 85' lang='lat' dir='ltr'><strong>pignus</strong></span> <span class='ocrx_word' id='word_1_188' title='bbox 234 1666 386 1710; x_wconf 88' lang='lat' dir='ltr'><strong>datum</strong></span> <span class='ocrx_word' id='word_1_189' title='bbox 405 1674 484 1720; x_wconf 90' lang='lat' dir='ltr'><strong>est,</strong></span> <span class='ocrx_word' id='word_1_190' title='bbox 509 1666 665 1725; x_wconf 85' lang='lat' dir='ltr'><strong>pignus</strong></span> <span class='ocrx_word' id='word_1_191' title='bbox 688 1666 922 1709; x_wconf 82' lang='lat' dir='ltr'><strong>auferetur.</strong></span> <span class='ocrx_word' id='word_1_192' title='bbox 947 1668 1038 1709; x_wconf 86' lang='lat' dir='ltr'><strong>Jam</strong></span> <span class='ocrx_word' id='word_1_193' title='bbox 1063 1666 1218 1711; x_wconf 88' lang='lat' dir='ltr'><strong>multos</strong></span> <span class='ocrx_word' id='word_1_194' title='bbox 1240 1679 1424 1714; x_wconf 77' lang='lat' dir='ltr'><strong>vestrum</strong></span> 
     </span>
     <span class='ocr_line' id='line_1_22' title="bbox 55 1734 1420 1793; baseline 0.002 -14"><span class='ocrx_word' id='word_1_195' title='bbox 55 1735 312 1781; x_wconf 82' lang='lat' dir='ltr'><strong>intellexisse</strong></span> <span class='ocrx_word' id='word_1_196' title='bbox 336 1751 426 1780; x_wconf 90' lang='lat' dir='ltr'><strong>non</strong></span> <span class='ocrx_word' id='word_1_197' title='bbox 453 1734 623 1779; x_wconf 89' lang='lat' dir='ltr'><strong>dubito.</strong></span> <span class='ocrx_word' id='word_1_198' title='bbox 657 1738 753 1780; x_wconf 84' lang='lat' dir='ltr'><strong>Non</strong></span> <span class='ocrx_word' id='word_1_199' title='bbox 774 1734 900 1779; x_wconf 91' lang='lat' dir='ltr'><strong>video</strong></span> <span class='ocrx_word' id='word_1_200' title='bbox 917 1769 927 1788; x_wconf 92' lang='lat'><strong>‚</strong></span> <span class='ocrx_word' id='word_1_201' title='bbox 953 1735 1026 1779; x_wconf 91' lang='lat' dir='ltr'><strong>sed</strong></span> <span class='ocrx_word' id='word_1_202' title='bbox 1047 1751 1095 1779; x_wconf 82' lang='lat' dir='ltr'><strong>ex</strong></span> <span class='ocrx_word' id='word_1_203' title='bbox 1116 1736 1420 1793; x_wconf 77' lang='lat' dir='ltr'><strong>collocutione,</strong></span> 
     </span>
     <span class='ocr_line' id='line_1_23' title="bbox 55 1805 1421 1866; baseline 0.002 -16"><span class='ocrx_word' id='word_1_204' title='bbox 55 1806 156 1866; x_wconf 85' lang='lat' dir='ltr'><strong>quia</strong></span> <span class='ocrx_word' id='word_1_205' title='bbox 173 1805 404 1866; x_wconf 86' lang='lat' dir='ltr'><strong>loquimini</strong></span> <span class='ocrx_word' id='word_1_206' title='bbox 420 1805 475 1849; x_wconf 87' lang='lat' dir='ltr'><strong>ad</strong></span> <span class='ocrx_word' id='word_1_207' title='bbox 489 1805 763 1860; x_wconf 85' lang='lat' dir='ltr'><strong>alterutrum,</strong></span> <span class='ocrx_word' id='word_1_208' title='bbox 775 1806 911 1849; x_wconf 88' lang='lat' dir='ltr'><strong>sentio</strong></span> <span class='ocrx_word' id='word_1_209' title='bbox 929 1821 999 1849; x_wconf 91' lang='lat' dir='ltr'><strong>eos</strong></span> <span class='ocrx_word' id='word_1_210' title='bbox 1013 1806 1087 1865; x_wconf 91' lang='lat' dir='ltr'><strong>qui</strong></span> <span class='ocrx_word' id='word_1_211' title='bbox 1110 1806 1421 1854; x_wconf 80' lang='lat' dir='ltr'><strong>intellexerunt.</strong></span> 
     </span>
     <span class='ocr_line' id='line_1_24' title="bbox 55 1874 1424 1937; baseline 0.001 -17"><span class='ocrx_word' id='word_1_212' title='bbox 55 1874 164 1920; x_wconf 89' lang='lat' dir='ltr'><strong>velle</strong></span> <span class='ocrx_word' id='word_1_213' title='bbox 192 1890 406 1934; x_wconf 83' lang='lat' dir='ltr'><strong>exponere</strong></span> <span class='ocrx_word' id='word_1_214' title='bbox 434 1875 509 1928; x_wconf 91' lang='lat' dir='ltr'><strong>iis,</strong></span> <span class='ocrx_word' id='word_1_215' title='bbox 535 1875 611 1935; x_wconf 87' lang='lat' dir='ltr'><strong>qui</strong></span> <span class='ocrx_word' id='word_1_216' title='bbox 634 1876 829 1920; x_wconf 88' lang='lat' dir='ltr'><strong>nondum</strong></span> <span class='ocrx_word' id='word_1_217' title='bbox 853 1874 1166 1919; x_wconf 85' lang='lat' dir='ltr'><strong>intellexerunt.</strong></span> <span class='ocrx_word' id='word_1_218' title='bbox 1201 1879 1311 1934; x_wconf 79' lang='lat' dir='ltr'><strong>Ergo</strong></span> <span class='ocrx_word' id='word_1_219' title='bbox 1335 1879 1424 1937; x_wconf 82' lang='lat' dir='ltr'><strong>pla-</strong></span> 
     </span>
     <span class='ocr_line' id='line_1_25' title="bbox 56 1945 1418 2005; baseline 0 -15"><span class='ocrx_word' id='word_1_220' title='bbox 56 1947 151 1990; x_wconf 82' lang='lat' dir='ltr'><strong>nius</strong></span> <span class='ocrx_word' id='word_1_221' title='bbox 175 1946 398 2005; x_wconf 86' lang='lat' dir='ltr'><strong>aliquanto</strong></span> <span class='ocrx_word' id='word_1_222' title='bbox 432 1945 573 1989; x_wconf 88' lang='lat' dir='ltr'><strong>dicam</strong></span> <span class='ocrx_word' id='word_1_223' title='bbox 592 1981 602 1999; x_wconf 90' lang='lat'>,</span> <span class='ocrx_word' id='word_1_224' title='bbox 631 1955 678 1989; x_wconf 86' lang='lat' dir='ltr'><strong>ut</strong></span> <span class='ocrx_word' id='word_1_225' title='bbox 707 1945 760 1989; x_wconf 77' lang='lat' dir='ltr'><strong>ad</strong></span> <span class='ocrx_word' id='word_1_226' title='bbox 790 1959 935 1988; x_wconf 89' lang='lat' dir='ltr'><strong>omnes</strong></span> <span class='ocrx_word' id='word_1_227' title='bbox 967 1946 1195 2003; x_wconf 83' lang='lat' dir='ltr'><strong>perveniat.</strong></span> <span class='ocrx_word' id='word_1_228' title='bbox 1232 1949 1418 2005; x_wconf 76' lang='lat' dir='ltr'><strong>Accipis,</strong></span> 
     </span>
     <span class='ocr_line' id='line_1_26' title="bbox 55 2014 1419 2076; baseline -0.001 -14"><span class='ocrx_word' id='word_1_229' title='bbox 55 2016 175 2064; x_wconf 82' lang='lat' dir='ltr'><strong>verbi</strong></span> <span class='ocrx_word' id='word_1_230' title='bbox 198 2017 361 2076; x_wconf 82' lang='lat' dir='ltr'><strong>gratia,</strong></span> <span class='ocrx_word' id='word_1_231' title='bbox 386 2015 580 2060; x_wconf 88' lang='lat' dir='ltr'><strong>codicem</strong></span> <span class='ocrx_word' id='word_1_232' title='bbox 604 2016 659 2060; x_wconf 87' lang='lat' dir='ltr'><strong>ab</strong></span> <span class='ocrx_word' id='word_1_233' title='bbox 674 2016 811 2060; x_wconf 68' lang='lat' dir='ltr'><strong>amico</strong></span> <span class='ocrx_word' id='word_1_234' title='bbox 834 2024 936 2072; x_wconf 79' lang='lat' dir='ltr'><strong>tu03</strong></span> <span class='ocrx_word' id='word_1_235' title='bbox 961 2024 1008 2058; x_wconf 90' lang='lat' dir='ltr'><strong>ut</strong></span> <span class='ocrx_word' id='word_1_236' title='bbox 1032 2015 1105 2057; x_wconf 85' lang='lat' dir='ltr'><strong>tibi</strong></span> <span class='ocrx_word' id='word_1_237' title='bbox 1128 2014 1223 2067; x_wconf 80' lang='lat' dir='ltr'><strong>det,</strong></span> <span class='ocrx_word' id='word_1_238' title='bbox 1245 2015 1317 2058; x_wconf 84' lang='lat' dir='ltr'><strong>das</strong></span> <span class='ocrx_word' id='word_1_239' title='bbox 1343 2018 1419 2060; x_wconf 69' lang='lat' dir='ltr'><strong>ali-</strong></span> 
     </span>
     <span class='ocr_line' id='line_1_27' title="bbox 54 2085 1418 2150; baseline -0.001 -18"><span class='ocrx_word' id='word_1_240' title='bbox 54 2088 174 2150; x_wconf 90' lang='lat' dir='ltr'><strong>quod</strong></span> <span class='ocrx_word' id='word_1_241' title='bbox 212 2088 398 2147; x_wconf 86' lang='lat' dir='ltr'><strong>pignus:</strong></span> <span class='ocrx_word' id='word_1_242' title='bbox 429 2102 529 2132; x_wconf 90' lang='lat' dir='ltr'><strong>cum</strong></span> <span class='ocrx_word' id='word_1_243' title='bbox 571 2086 807 2132; x_wconf 86' lang='lat' dir='ltr'><strong>reddideris</strong></span> <span class='ocrx_word' id='word_1_244' title='bbox 840 2085 957 2145; x_wconf 87' lang='lat' dir='ltr'><strong>quod</strong></span> <span class='ocrx_word' id='word_1_245' title='bbox 989 2086 1207 2144; x_wconf 79' lang='lat' dir='ltr'><strong>accepisti,</strong></span> <span class='ocrx_word' id='word_1_246' title='bbox 1249 2097 1418 2145; x_wconf 70' lang='lat' dir='ltr'><strong>propter</strong></span> 
     </span>
     <span class='ocr_line' id='line_1_28' title="bbox 54 2154 1415 2218; baseline -0.003 -16"><span class='ocrx_word' id='word_1_247' title='bbox 54 2158 174 2217; x_wconf 88' lang='lat' dir='ltr'><strong>quod</strong></span> <span class='ocrx_word' id='word_1_248' title='bbox 211 2158 368 2218; x_wconf 86' lang='lat' dir='ltr'><strong>pignus</strong></span> <span class='ocrx_word' id='word_1_249' title='bbox 399 2157 603 2218; x_wconf 88' lang='lat' dir='ltr'><strong>posuisti,</strong></span> <span class='ocrx_word' id='word_1_250' title='bbox 639 2157 710 2201; x_wconf 86' lang='lat' dir='ltr'><strong>ille</strong></span> <span class='ocrx_word' id='word_1_251' title='bbox 741 2156 859 2217; x_wconf 87' lang='lat' dir='ltr'><strong>quod</strong></span> <span class='ocrx_word' id='word_1_252' title='bbox 882 2155 1109 2199; x_wconf 77' lang='lat' dir='ltr'><strong>reddideris</strong></span> <span class='ocrx_word' id='word_1_253' title='bbox 1146 2154 1345 2203; x_wconf 78' lang='lat' dir='ltr'><strong>habebit.</strong></span> <span class='ocrx_word' id='word_1_254' title='bbox 1374 2167 1415 2199; x_wconf 83' lang='lat' dir='ltr'><strong>tu</strong></span> 
     </span>
     <span class='ocr_line' id='line_1_29' title="bbox 42 2226 1136 2289; baseline -0.005 -17"><span class='ocrx_word' id='word_1_255' title='bbox 42 2228 208 2289; x_wconf 35' lang='lat' dir='ltr'><strong>*pignus</strong></span> <span class='ocrx_word' id='word_1_256' title='bbox 230 2229 432 2287; x_wconf 82' lang='lat' dir='ltr'><strong>recipies:</strong></span> <span class='ocrx_word' id='word_1_257' title='bbox 453 2243 542 2273; x_wconf 91' lang='lat' dir='ltr'><strong>non</strong></span> <span class='ocrx_word' id='word_1_258' title='bbox 565 2229 677 2272; x_wconf 90' lang='lat' dir='ltr'><strong>enim</strong></span> <span class='ocrx_word' id='word_1_259' title='bbox 703 2227 878 2271; x_wconf 83' lang='lat' dir='ltr'><strong>habebit</strong></span> <span class='ocrx_word' id='word_1_260' title='bbox 895 2226 1037 2269; x_wconf 77' lang='lat' dir='ltr'><strong>ambas</strong></span> <span class='ocrx_word' id='word_1_261' title='bbox 1060 2240 1136 2267; x_wconf 81' lang='lat' dir='ltr'><strong>res.</strong></span> 
     </span>
     <span class='ocr_line' id='line_1_30' title="bbox 39 2294 1401 2357; baseline -0.003 -15"><span class='ocrx_word' id='word_1_262' title='bbox 39 2347 42 2353; x_wconf 28' lang='lat'>¹</span> <span class='ocrx_word' id='word_1_263' title='bbox 113 2300 189 2345; x_wconf 84' lang='lat' dir='ltr'><strong>IX.</strong></span> <span class='ocrx_word' id='word_1_264' title='bbox 216 2298 332 2351; x_wconf 88' lang='lat' dir='ltr'><strong>Quid</strong></span> <span class='ocrx_word' id='word_1_265' title='bbox 351 2313 470 2357; x_wconf 80' lang='lat' dir='ltr'><strong>ergo,</strong></span> <span class='ocrx_word' id='word_1_266' title='bbox 498 2297 685 2342; x_wconf 72' lang='lat' dir='ltr'><strong>tratres?</strong></span> <span class='ocrx_word' id='word_1_267' title='bbox 710 2298 751 2342; x_wconf 78' lang='lat' dir='ltr'><strong>Si</strong></span> <span class='ocrx_word' id='word_1_268' title='bbox 774 2296 1019 2340; x_wconf 82' lang='lat' dir='ltr'><strong>charitatem</strong></span> <span class='ocrx_word' id='word_1_269' title='bbox 1043 2294 1170 2336; x_wconf 90' lang='lat' dir='ltr'><strong>modo</strong></span> <span class='ocrx_word' id='word_1_270' title='bbox 1196 2296 1304 2336; x_wconf 71' lang='lat' dir='ltr'><strong>Deus</strong></span> <span class='ocrx_word' id='word_1_271' title='bbox 1321 2305 1401 2338; x_wconf 65' lang='lat' dir='ltr'><strong>tani·</strong></span> 
     </span>
     <span class='ocr_line' id='line_1_31' title="bbox 43 2368 1415 2431; baseline -0.004 -18"><span class='ocrx_word' id='word_1_272' title='bbox 43 2374 183 2431; x_wconf 49' lang='lat' dir='ltr'><strong>*quam</strong></span> <span class='ocrx_word' id='word_1_273' title='bbox 208 2369 365 2430; x_wconf 81' lang='lat' dir='ltr'><strong>pignus</strong></span> <span class='ocrx_word' id='word_1_274' title='bbox 381 2369 499 2413; x_wconf 79' lang='lat' dir='ltr'><strong>dedit</strong></span> <span class='ocrx_word' id='word_1_275' title='bbox 520 2385 595 2429; x_wconf 90' lang='lat' dir='ltr'><strong>per</strong></span> <span class='ocrx_word' id='word_1_276' title='bbox 616 2368 820 2428; x_wconf 85' lang='lat' dir='ltr'><strong>Spiritum</strong></span> <span class='ocrx_word' id='word_1_277' title='bbox 836 2375 1024 2410; x_wconf 80' lang='lat' dir='ltr'><strong>sanctum</strong></span> <span class='ocrx_word' id='word_1_278' title='bbox 1048 2379 1188 2415; x_wconf 83' lang='lat' dir='ltr'><strong>suum,</strong></span> <span class='ocrx_word' id='word_1_279' title='bbox 1207 2379 1303 2407; x_wconf 86' lang='lat' dir='ltr'><strong>curn</strong></span> <span class='ocrx_word' id='word_1_280' title='bbox 1330 2379 1415 2408; x_wconf 67' lang='lat' dir='ltr'><strong>reni</strong></span> 
     </span>
     <span class='ocr_line' id='line_1_32' title="bbox 53 2433 1413 2499; baseline -0.006 -15"><span class='ocrx_word' id='word_1_281' title='bbox 53 2437 186 2499; x_wconf 79' lang='lat' dir='ltr'><strong>ipsam</strong></span> <span class='ocrx_word' id='word_1_282' title='bbox 202 2439 455 2493; x_wconf 79' lang='lat' dir='ltr'><strong>reddiderit,</strong></span> <span class='ocrx_word' id='word_1_283' title='bbox 481 2455 566 2499; x_wconf 84' lang='lat' dir='ltr'><strong>qua</strong></span> <span class='ocrx_word' id='word_1_284' title='bbox 590 2438 793 2499; x_wconf 84' lang='lat' dir='ltr'><strong>promissa</strong></span> <span class='ocrx_word' id='word_1_285' title='bbox 817 2437 965 2496; x_wconf 81' lang='lat' dir='ltr'><strong>pignus</strong></span> <span class='ocrx_word' id='word_1_286' title='bbox 978 2433 1112 2485; x_wconf 67' lang='lat' dir='ltr'><strong>dedit,</strong></span> <span class='ocrx_word' id='word_1_287' title='bbox 1138 2433 1413 2477; x_wconf 65' lang='lat' dir='ltr'><strong>aust-rendum</strong></span> 
     </span>
     <span class='ocr_line' id='line_1_33' title="bbox 43 2503 1410 2568; baseline -0.009 -10"><span class='ocrx_word' id='word_1_288' title='bbox 43 2519 114 2558; x_wconf 69' lang='lat' dir='ltr'><strong>&#39;est</strong></span> <span class='ocrx_word' id='word_1_289' title='bbox 144 2510 268 2555; x_wconf 89' lang='lat' dir='ltr'><strong>nobis</strong></span> <span class='ocrx_word' id='word_1_290' title='bbox 297 2510 478 2568; x_wconf 72' lang='lat' dir='ltr'><strong>pignus?</strong></span> <span class='ocrx_word' id='word_1_291' title='bbox 509 2510 646 2555; x_wconf 82' lang='lat' dir='ltr'><strong>Absit.</strong></span> <span class='ocrx_word' id='word_1_292' title='bbox 691 2508 772 2553; x_wconf 79' lang='lat' dir='ltr'><strong>Sed</strong></span> <span class='ocrx_word' id='word_1_293' title='bbox 800 2504 913 2565; x_wconf 83' lang='lat' dir='ltr'><strong>quod</strong></span> <span class='ocrx_word' id='word_1_294' title='bbox 936 2504 1077 2558; x_wconf 65' lang='lat' dir='ltr'><strong>dudit,</strong></span> <span class='ocrx_word' id='word_1_295' title='bbox 1106 2505 1181 2547; x_wconf 73' lang='lat' dir='ltr'><strong>hoc</strong></span> <span class='ocrx_word' id='word_1_296' title='bbox 1207 2503 1410 2561; x_wconf 72' lang='lat' dir='ltr'><strong>impii-bii.</strong></span> 
     </span>
     <span class='ocr_line' id='line_1_34' title="bbox 2 2575 1124 2635; baseline -0.011 -5"><span class='ocrx_word' id='word_1_297' title='bbox 2 2575 6 2584; x_wconf 45' lang='grc' dir='ltr'>Ι</span> <span class='ocrx_word' id='word_1_298' title='bbox 100 2602 107 2619; x_wconf 87' lang='lat'>¹</span> <span class='ocrx_word' id='word_1_299' title='bbox 133 2600 219 2628; x_wconf 76' lang='lat' dir='ltr'><strong>Rom.</strong></span> <span class='ocrx_word' id='word_1_300' title='bbox 242 2607 275 2635; x_wconf 89' lang='lat' dir='ltr'><strong>v,</strong></span> <span class='ocrx_word' id='word_1_301' title='bbox 292 2596 320 2625; x_wconf 67' lang='grc' dir='ltr'><strong>τ’)Δ</strong></span> <span class='ocrx_word' id='word_1_302' title='bbox 343 2612 378 2617; x_wconf 89' lang='grc'><strong>-</strong></span> <span class='ocrx_word' id='word_1_303' title='bbox 399 2602 410 2616; x_wconf 83' lang='lat'><strong>¹</strong></span> <span class='ocrx_word' id='word_1_304' title='bbox 435 2597 555 2626; x_wconf 20' lang='lat' dir='ltr'><strong>iJoanr</strong></span> <span class='ocrx_word' id='word_1_305' title='bbox 581 2606 623 2632; x_wconf 80' lang='lat' dir='ltr'><strong>iv,</strong></span> <span class='ocrx_word' id='word_1_306' title='bbox 647 2599 676 2623; x_wconf 66' lang='lat'><strong>8.</strong></span> <span class='ocrx_word' id='word_1_307' title='bbox 705 2610 743 2616; x_wconf 79' lang='lat'>-</span> <span class='ocrx_word' id='word_1_308' title='bbox 769 2590 898 2623; x_wconf 68' lang='lat' dir='ltr'><strong>³1³1mu=</strong></span> <span class='ocrx_word' id='word_1_309' title='bbox 925 2591 961 2620; x_wconf 75' lang='lat' dir='ltr'><strong>ad</strong></span> <span class='ocrx_word' id='word_1_310' title='bbox 983 2589 1090 2629; x_wconf 64' lang='lat' dir='ltr'><strong>tii-br«.</strong></span> <span class='ocrx_word' id='word_1_311' title='bbox 1115 2599 1124 2619; x_wconf 87' lang='grc' dir='ltr'><strong><em>ι</em></strong></span> 
     </span>
     <span class='ocr_line' id='line_1_35' title="bbox 210 2642 1222 2689; baseline 0.002 -3"><span class='ocrx_word' id='word_1_312' title='bbox 210 2660 360 2689; x_wconf 68' lang='lat' dir='ltr'><strong>cxxiv,</strong></span> <span class='ocrx_word' id='word_1_313' title='bbox 1180 2642 1222 2677; x_wconf 67' lang='lat'><strong>2¹⁸</strong></span> 
     </span>
    </p>
   </div>
   <div class='ocr_carea' id='block_1_3' title="bbox 0 1496 52 2600">
    <p class='ocr_par' dir='ltr' id='par_1_3' title="bbox 0 1496 52 2600">
     <span class='ocr_line' id='line_1_36' title="bbox 0 1496 11 1691; baseline 0 -67"><span class='ocrx_word' id='word_1_314' title='bbox 0 1496 11 1691; x_wconf 95' lang='lat' dir='ltr'><strong>   </strong></span> 
     </span>
     <span class='ocr_line' id='line_1_37' title="bbox 0 1691 17 1968; baseline 0 0"><span class='ocrx_word' id='word_1_315' title='bbox 0 1691 17 1968; x_wconf 95' lang='lat' dir='ltr'><strong>    </strong></span> 
     </span>
     <span class='ocr_line' id='line_1_38' title="bbox 0 1968 22 2182; baseline 0 -75"><span class='ocrx_word' id='word_1_316' title='bbox 0 1968 22 2182; x_wconf 95' lang='lat' dir='ltr'><strong>   </strong></span> 
     </span>
     <span class='ocr_line' id='line_1_39' title="bbox 3 2182 29 2338; baseline 0 -88"><span class='ocrx_word' id='word_1_317' title='bbox 3 2182 29 2338; x_wconf 95' lang='lat' dir='ltr'><strong>   </strong></span> 
     </span>
     <span class='ocr_line' id='line_1_40' title="bbox 6 2338 52 2600; baseline 0 -68"><span class='ocrx_word' id='word_1_318' title='bbox 6 2338 52 2600; x_wconf 95' lang='lat' dir='ltr'><strong>   </strong></span> 
     </span>
    </p>
   </div>
  </div>
 </body>
</html>
