1924 3309
463 268 518 306 4ss
898 278 932 307 s.
968 277 1198 308 Aucus-nm
1230 280 1410 308 ΕΡῙεεοΡι

461 345 671 400 ostendit,
697 345 798 405 quia
820 360 909 390 non
940 347 1063 406 quasi
1083 344 1280 389 debitum
1296 345 1475 406 justitiae
1497 345 1717 389 redditum
1748 354 1812 390 est
1828 379 1840 400 ,

461 414 536 458 sed
564 415 751 474 gratuito
773 414 940 460 datum.
966 418 1203 475 Coeperant
1230 417 1346 460 enim
1368 416 1570 461 nonnulli
1592 415 1667 476 qui
1689 431 1740 460 ex
1761 418 1844 460 Ju-

460 486 563 530 daeis
581 485 870 541 crediderant,
893 487 1151 530 tumultuari
1172 486 1375 531 adversus
1393 489 1568 541 Gentes,
1594 495 1637 530 et
1658 487 1845 530 maxime

461 556 661 601 adversus
679 557 924 616 apostolum
948 557 1149 612 Paulum,
1167 557 1288 618 quod
1309 558 1633 602 incircumcisos
1655 566 1697 601 et
1719 558 1845 616 Legis

461 628 615 671 veteris
639 628 820 671 vinculis
842 622 1002 671 liberos
1025 627 1282 672 admittebat
1302 628 1358 672 ad
1384 627 1610 686 Evangelii
1631 627 1810 685 gratiam
1830 662 1841 683 ‚

459 699 698 756 przedicans
730 699 788 742 eis
822 707 872 742 ut
894 698 939 741 in
967 698 1188 743 Christum
1214 698 1441 743 crederent
1461 733 1471 752 ,
1497 697 1620 742 nullo
1641 698 1844 757 imposito

461 767 639 811 carnalis
661 768 997 812 circumcisionis
1008 769 1130 828 jugo.
1150 767 1233 813 Sed
1249 767 1377 827 plane
1391 776 1510 812 tanta
1527 767 1842 822 moderatione,

461 839 522 882 uti
545 854 624 882 nec
646 840 822 883 Judaeos
846 839 1069 898 superbire
1091 839 1314 898 permittat
1334 874 1344 893 ,
1371 847 1581 899 tanquam
1605 838 1660 882 de
1681 838 1845 882 meritis

459 923 640 967 operum
664 910 815 968 Legis,
854 925 934 954 nec
957 908 1116 954 Gentes
1139 909 1293 953 merito
1315 908 1417 952 fidei
1436 908 1640 953 adversus
1669 908 1844 953 Judaeos

458 978 625 1034 inflari,
656 979 777 1039 quod
800 979 880 1038 ipsi
911 980 1153 1039 receperint
1180 979 1428 1035 Christum,
1454 995 1588 1039 quem
1609 978 1672 1023 illi
1701 979 1845 1024 cruci-

459 1048 646 1093 fixerunt
668 1069 676 1093 :
698 1058 906 1108 tanquam
929 1050 1043 1093 enim
1063 1054 1078 1107 (
1095 1050 1207 1094 sicut
1229 1048 1313 1094 alio
1338 1049 1435 1094 loco
1457 1049 1562 1094 dicit
1582 1051 1593 1075 ¹
1613 1054 1627 1105 )
1649 1065 1728 1109 pro
1749 1050 1843 1109 ipso

460 1120 643 1164 Domino
663 1119 878 1178 legatione
895 1121 1081 1178 fungens
1091 1124 1122 1175 ²,
1138 1121 1220 1165 hoc
1238 1130 1316 1175 est,
1335 1136 1413 1180 pro
1430 1120 1575 1180 lapide
1597 1120 1795 1179 angulari
1809 1121 1842 1176 ³,

460 1198 695 1250 utrumque
717 1190 931 1250 populum
959 1199 1047 1234 tam
1083 1205 1134 1234 ex
1163 1190 1350 1246 Judaeis‚
1384 1206 1516 1251 quam
1545 1206 1596 1234 ex
1629 1190 1844 1234 Gentibus

459 1262 677 1306 connectit
704 1262 749 1305 in
767 1262 940 1306 Christo
956 1277 1033 1321 per
1049 1261 1274 1306 vinculum
1294 1263 1442 1320 gratiae
1460 1297 1470 1317 ,
1495 1262 1691 1322 utrisque
1718 1260 1843 1305 aufe-

459 1348 555 1376 rens
579 1348 753 1377 omnem
775 1333 1022 1391 superbiam
1040 1334 1312 1388 meritorum,
1330 1342 1373 1376 et
1385 1332 1686 1392 justificandos
1708 1342 1844 1378 utros-

457 1418 543 1462 que
564 1418 640 1461 per
662 1403 935 1461 disciplinam
958 1403 1218 1446 humilitatis
1241 1403 1470 1447 associans.

531 1476 587 1516 ΙΙ.
625 1475 777 1532 Itaque
809 1472 1035 1531 epistolam
1058 1473 1118 1516 sic
1144 1488 1318 1516 exorsus
1341 1482 1430 1526 est,
1463 1491 1482 1514 «
1512 1473 1672 1518 Paulus
1694 1488 1841 1518 servus

461 1561 480 1584 >›
516 1546 619 1587 Jesu
640 1543 799 1588 Christi
821 1553 998 1587 vocatus
1027 1542 1259 1602 Apostolus
1276 1577 1288 1598 ‚
1313 1553 1557 1601 segregatus
1580 1545 1624 1587 in
1648 1547 1844 1603 Evange-

462 1632 480 1654 »
516 1611 623 1657 lium
647 1613 721 1657 Dei
738 1615 768 1656 4.
786 1632 804 1654 η
830 1614 1023 1657 Breviter
1042 1613 1280 1657 in-duobus
1301 1613 1442 1658 verbis
1465 1613 1671 1658 Ecclesiae
1693 1614 1840 1674 digni-

458 1692 589 1727 tatem
613 1699 635 1727 a
654 1698 884 1742 synagogae
904 1692 1119 1727 vetustate
1144 1684 1364 1727 discernit.
1392 1684 1584 1728 Ecclesia
1607 1685 1770 1744 quippe
1791 1701 1842 1730 ex

457 1753 683 1797 vocatione
709 1752 921 1812 appellata
938 1762 1001 1796 est
1016 1788 1026 1807 ,
1053 1769 1272 1812 synagoga
1290 1769 1393 1798 vero
1412 1769 1467 1797 ex·
1486 1756 1836 1813 congregatione.

458 1823 697 1868 Convocari
730 1823 845 1866 enim
878 1824 1013 1882 magis
1045 1823 1294 1868 hominibus
1322 1825 1548 1882 congruit,
1589 1826 1840 1885 congregari

458 1904 603 1938 autem
633 1894 766 1952 magis
798 1894 1060 1952 pecoribus:
1094 1894 1212 1937 unde
1244 1909 1392 1952 greges
1424 1898 1597 1954 proprie
1634 1911 1842 1955 pecorum

457 1965 540 2009 dici
561 1965 715 2009 solent.
742 1967 1004 2024 Quanquam
1032 1980 1135 2023 ergo
1158 1965 1375 2025 plerisque
1397 1966 1717 2024 Scripturarum
1735 1964 1841 2012 locis

457 2035 546 2094 ipsa
576 2034 765 2079 Ecclesia
798 2049 897 2092 grex
926 2034 1026 2089 Dei,
1067 2044 1109 2078 et
1131 2034 1244 2078 ovile
1268 2035 1367 2089 Dei,
1393 2044 1436 2078 et
1460 2049 1591 2093 pecus
1614 2037 1691 2079 Dei
1711 2052 1842 2081 voce-

458 2115 529 2149 tur
552 2125 560 2149 ;
586 2115 731 2149 tamen
761 2106 807 2148 in
841 2105 1164 2163 comparatione
1195 2104 1390 2148 homines
1419 2120 1575 2164 pecora
1601 2105 1809 2151 dicuntur
1826 2142 1837 2163 ,

457 2176 512 2220 ad
530 2176 659 2220 vitam
677 2185 866 2220 veterem
890 2175 1123 2234 pertinent.
1150 2177 1207 2218 Et
1225 2184 1404 2234 apparet
1422 2175 1674 2235 hujusmodi
1696 2178 1847 2222 homi-¹

458 2263 549 2301 nes,
570 2263 658 2291 non
681 2247 779 2291 cibo
797 2246 1067 2305 sempiternae
1088 2245 1295 2299 veritatis,
1320 2245 1395 2289 sed
1416 2247 1722 2305 temporalium
1741 2264 1842 2308 pro-

458 2317 709 2360 missionum
733 2326 940 2376 tanquam
964 2324 1135 2360 terreno
1158 2316 1321 2374 pabulo
1337 2331 1426 2360 esse
1444 2326 1664 2362 contento.
1681 2338 1702 2360 «
1725 2322 1841 2363 Pau—

462 2404 481 2428 »
516 2386 583 2430 lus
603 2401 705 2443 ergo
723 2401 866 2430 servus
888 2386 1044 2431 Christi
1069 2388 1171 2429 Jesu
1191 2394 1369 2429 vocatus
1390 2395 1453 2430 est
1474 2387 1723 2445 Apostolus,
1739 2405 1839 2449 quae

458 2457 626 2501 vocatio
650 2455 773 2499 illum
795 2456 1013 2515 cooptavit
1034 2455 1252 2500 Ecclesiae.
1274 2474 1293 2497 «
1317 2459 1366 2500 In
1390 2457 1674 2516 Evangelium
1694 2468 1841 2503 autem

462 2545 481 2568 »
518 2527 593 2570 Dei
614 2536 859 2586 segregatus
882 2545 901 2566 n
935 2536 1024 2582 est,
1062 2526 1179 2570 unde
1207 2527 1288 2571 nisi
1307 2543 1332 2570 a
1369 2543 1495 2586 grege
1518 2544 1750 2590 synagogae
1769 2566 1780 2586 ,
1805 2531 1839 2576 si

507 2619 515 2635 ¹
537 2621 556 2645 2
578 2614 651 2646 Cor.
670 2623 705 2654 v,
723 2621 777 2646 20.
797 2628 834 2636 -
855 2619 867 2635 ²
886 2612 1002 2655 Ephes.
1022 2623 1067 2654 vi,
1082 2621 1136 2645 20.
1157 2629 1196 2636 —·
1220 2610 1234 2636 3
1252 2613 1298 2645 Id.
1321 2624 1355 2655 n,
1374 2622 1426 2647 20.
1450 2630 1491 2638 -
1512 2613 1527 2644 4
1545 2617 1636 2648 Rom.
1654 2628 1676 2658 1,
1702 2627 1729 2649 1.

1921 1567 1924 1598 Ι

1922 1610 1924 1633 ι
