1924 3309
419 292 503 331 396
853 323 885 350 ε.
921 323 1151 361 Anaus'rrm
1185 337 1364 371 EPISCOPl

412 383 481 411 cas
497 373 693 428 gratiam.
711 380 823 427 Cum
841 386 955 445 dico,
972 393 1015 436 in
1087 399 1094 406 '

408 438 506 483 vide
522 444 626 501 quia
636 447 823 499 hominis
840 459 951 504 dieo.

403 509 497 553 vit?
519 516 642 560 Deus.
670 523 775 573 Quis
791 527 827 570 ei
845 528 956 574 liber
1623 566 1665 608 Si
1687 582 1789 626 ergo

398 577 620 629 hominem
652 591 764 636 Deus
787 601 969 655 creavit,
995 614 1038 648 et
1057 607 1220 656 homini
1245 617 1356 662 Deus
1386 620 1575 672 liberum
1607 633 1787 684 donavit

396 650 645 713 arbitrium,
672 664 888 725 quidquid
906 683 1046 729 potest
1074 678 1204 727 homo
1234 685 1289 730 de
1310 687 1372 733 lib
1395 728 1398 731 ,

385 719 457 777 jus
478 727 625 780 gratiae
648 731 859 792 debetur,
880 742 961 785 nisi
979 746 1069 804 ejus
1089 753 1164 810 qui
1184 769 1283 800 eum
1305 763 1502 812 condidit
1517 785 1617 816 cum
1639 774 1780 824 libero

390 790 569 838 arbitrio
586 798 603 837 ?
618 801 673 842 Et
695 802 777 847 hoc
794 811 916 866 quasi
932 824 1058 861 acute
1081 820 1136 864 ab
1159 823 1260 882 ipsis
1278 827 1460 878 dictum.

969 466 1083 516 Quid
1099 468 1286 517 deinde?
1311 480 1539 531 Hominem
1560 493 1657 551 quis
1671 511 1767 543 crea

961 549 1030 577 um
1053 539 1276 588 arbitrium
1297 548 1449 596 dedit?
1472 559 1598 604 Deus.

904 1199 914 1216 ,
957 1183 1074 1225 psam
1101 1176 1300 1225 volumus
1332 1189 1594 1248 praedicent,
1625 1197 1760 1256 ipsam

950 1253 1019 1282 am
1044 1244 1267 1304 volumus,
1294 1252 1349 1297 de
1380 1274 1465 1316 qua
1491 1262 1595 1309 dicit
1617 1271 1758 1328 Apos-

947 1307 987 1351 io
1007 1314 1186 1367 gratiam
1202 1321 1295 1364 Dei.
1318 1325 1426 1371 Nam
1444 1330 1477 1372 si
1500 1347 1575 1390 per
1598 1339 1755 1397 Legem

366 1369 386 1391 »
418 1353 607 1412 justitia:
628 1379 730 1423 ergo
745 1370 942 1420 Christus
960 1384 1089 1437 gratis
1108 1399 1304 1437 mortuus
1324 1400 1453 1442 est1.»
1463 1403 1614 1451 Videte
1635 1413 1753 1456 unde

358 1421 465 1469 dixit
487 1430 738 1487 Apostolus.
765 1443 827 1486 De
850 1447 964 1506 Lege
987 1450 1094 1498 dixit
1120 1476 1127 1500 :
1161 1478 1178 1500 «
1205 1462 1247 1505 Si
1274 1479 1350 1523 per
1373 1471 1529 1528 Legem
1553 1477 1745 1542 justitia3

357 1510 375 1532 »
413 1510 515 1555 ergo
533 1502 729 1551 Christus
760 1515 890 1568 gratis
920 1531 1118 1569 mortuus
1150 1543 1192 1572 es
1374 1538 1381 1544 '

1203 1603 1399 1653 Christus
1417 1646 1428 1665 ,
1445 1623 1493 1657 ut
1511 1631 1588 1674 per
1609 1620 1740 1668 fidem

340 1634 634 1691 justificentur
649 1681 660 1699 ,
688 1652 763 1708 qui
789 1669 840 1697 ex
860 1659 975 1717 Lege
993 1679 1080 1709 non
1097 1668 1202 1726 justi

1208 1673 1465 1726 ficabantur.
1486 1702 1505 1726 «
1538 1689 1580 1731 Si
1602 1692 1734 1749 enim,

347 1720 366 1743 »
402 1706 570 1766 inquit,
593 1714 693 1762 data
717 1734 826 1767 esset
850 1729 935 1772 Lex
955 1747 1053 1790 quae
1069 1751 1210 1794 posset
1232 1744 1466 1806 vivificare,
1486 1759 1665 1805 omnino
1683 1779 1733 1807 ex

343 1789 363 1813 >2
401 1778 515 1835 Lege
537 1794 645 1829 esset
661 1788 825 1846 justitia
841 1797 857 1820 '²
876 1815 884 1839 ε
911 1816 930 1839 »
948 1802 1067 1860 quod
1082 1808 1211 1854 etiam
1233 1813 1434 1864 hesterno
1450 1823 1520 1868 die
1537 1843 1731 1877 comme—

337 1849 600 1897 moravimus
612 1856 626 1880 3
643 1876 651 1900 :
673 1876 692 1899 «
712 1863 787 1906 sed
801 1869 1014 1913 conclusit
1034 1877 1255 1933 Scriptura
1273 1887 1417 1931 omnia
1431 1893 1513 1935 sub
1530 1909 1723 1956 peccato,

337 1929 358 1953 »
397 1925 443 1960 ut
463 1924 688 1976 promissio
708 1946 716 1970 :
736 1946 755 1968 »
772 1935 1014 1993 promissio,
1032 1956 1120 1987 non
1143 1949 1382 2004 praedictio.
1406 1961 1486 2011 Qui
1506 1970 1720 2029 promisit,

331 1982 422 2040 ipse
441 1986 559 2032 facit.
583 2010 602 2033 «
630 1996 685 2038 Ut
704 2002 947 2055 promissio,
973 2008 1132 2070 inquit,
1156 2032 1205 2061 ex
1228 2020 1314 2066 fide
1336 2028 1406 2071 Jes

330 2070 350 2092 »
386 2064 505 2099 retur
528 2062 820 2112 credentibus.
843 2089 861 2112 »
884 2077 994 2120 Ecce

318 2261 445 2307 ficere
460 2271 616 2325 potuit,
633 2273 689 2318 ita
707 2277 875 2326 infirma
894 2297 983 2331 erat
1000 2290 1088 2349 ipsa
1108 2306 1287 2346 natura:
1318 2320 1321 2322 “
1364 2315 1376 2332 ⁴

315 2345 402 2376 non
417 2351 517 2394 quae
532 2353 671 2398 posset
684 2347 914 2398 vivificare.
933 2359 1076 2410 Quare
1091 2380 1192 2423 ergo
1207 2369 1260 2414 da

311 2402 452 2463 inquit
485 2412 740 2473 Apostolus,
771 2440 789 2462 «
817 2430 1176 2481 praevaricationis
1210 2457 1259 2498 gr

308 2479 672 2530 praevaricationis
691 2491 825 2545 gratia
844 2498 981 2554 posita
997 2512 1058 2547 est
1076 2539 1087 2560 ,
1115 2516 1162 2551 ut
1186 2518 1227 2554 te

1266 2380 1306 2416 ta
1330 2386 1391 2420 est
1406 2382 1491 2425 Lex
1505 2386 1545 2426 ‘?«
1564 2389 1695 2445 Lex,»

1261 2446 1343 2489 atia
1376 2448 1475 2496 data
1507 2466 1571 2501 est
1590 2461 1606 2484 4
1633 2481 1641 2505 :
1670 2482 1689 2504 »

1247 2512 1408 2563 faceret
1436 2530 1693 2580 praevarica-
