1924 3309
454 233 535 270 350
875 240 909 270 S.
945 239 1174 270 AUGUSTINI
1207 240 1388 267 muscum

450 308 623 365 guinem
647 316 787 351 tuum.
820 311 882 352 De
904 323 1008 352 voce
1030 317 1101 350 tua
1130 305 1349 350 convincit
1373 303 1582 348 Dominus
1601 313 1718 349 tuus.
1740 307 1832 350 Vo—

451 394 520 422 cas
552 381 778 438 pecuniam
816 388 934 423 tuam
966 377 1221 437 sanguinem
1258 386 1423 439 tuum,
1445 385 1489 420 et
1523 375 1623 420 ideo
1657 376 1790 435 exigis
1812 392 1836 421 a

451 464 573 493 servo
596 459 671 494 tuo
698 459 845 509 empto
868 451 997 493 fidem
1015 484 1025 502 ,
1058 448 1159 509 quia
1191 463 1269 507 pro
1292 462 1343 491 eo
1361 446 1516 491 dedisti
1535 482 1546 502 ,
1572 462 1659 491 non
1683 448 1837 507 utique

449 521 723 579 sanguinem,
748 522 823 566 sed
849 535 1102 574 nummum,
1135 519 1204 563 vel
1231 534 1385 563 aurum
1415 538 1425 563 z
1452 533 1531 576 ego
1560 519 1666 579 quid
1700 517 1838 562 dede-

452 592 554 646 rim,
579 593 743 637 recolis.
769 592 952 636 Tabulas
974 601 1069 635 tuas
1092 590 1201 649 lege,
1218 591 1251 635 si
1270 607 1355 634 non
1375 589 1557 646 recolis3
1580 588 1677 649 lege
1700 605 1777 649 pro
1794 598 1838 634 te

452 672 635 706 mortem
672 663 900 708 Salvatoris
917 698 927 717 ,
956 661 1150 706 lanceam
1192 660 1451 721 percussoris
1467 696 1478 715 ,
1521 661 1710 720 pretium
1748 663 1836 705 Re-

452 734 702 793 demptoris.
731 738 875 778 Potest
895 743 939 778 et
959 734 1090 778 homo
1108 733 1256 777 vivens
1278 748 1411 788 vena,
1436 741 1487 777 ut
1509 732 1613 786 dixi,
1633 747 1834 792 percussa

454 803 555 847 dare
583 805 834 862 sanguinem
866 820 1019 859 suum,
1050 814 1092 848 et
1124 812 1270 848 tamen
1293 804 1436 847 vivere
1471 822 1480 848 ε
1511 802 1610 862 plus
1631 801 1838 863 estquod

453 874 529 918 tibi
552 875 656 920 dicit
684 877 888 920 Dominus
921 886 1020 920 tuus
1046 895 1055 921 ε
1086 878 1184 921 Non
1214 876 1268 919 de
1286 891 1355 919 me
1377 876 1548 919 vivente
1567 870 1738 932 sanguis
1764 889 1841 918 ex-

454 959 622 1004 pressus
644 956 728 1001 est,
767 947 974 1005 sanguine
997 962 1094 990 meo
1118 956 1160 990 te
1183 947 1297 1003 emi,
1328 945 1444 989 addo
1462 981 1473 1001 ,
1512 955 1651 989 morte
1672 960 1768 988 mea
1799 953 1842 989 te

428 1046 435 1051 -
455 1016 553 1059 emi.
576 1017 689 1070 Quid
713 1017 844 1062 habes
866 1017 985 1077 quod
1006 1017 1157 1062 dicas?
1191 1017 1343 1061 Redde
1374 1017 1504 1061 fidem
1529 1016 1708 1061 domino
1732 1024 1811 1060 tuo
1827 1050 1839 1071 ‚

456 1102 585 1146 quam
609 1088 738 1147 exigis
760 1104 783 1132 a
804 1104 926 1133 servo
953 1097 1042 1133 tuo.
1070 1088 1200 1133 Vides
1235 1103 1391 1132 aurum
1408 1123 1419 1142 ,
1449 1089 1568 1132 vides
1599 1096 1642 1131 et
1671 1087 1802 1131 fidem
1830 1105 1839 1131 :

455 1172 543 1200 non
561 1158 751 1216 exigeres
767 1194 778 1212 ,
803 1160 836 1202 si
859 1175 948 1203 non
970 1159 1138 1203 videres
1158 1178 1167 1204 :
1195 1174 1282 1203 non
1308 1159 1507 1203 laudares
1523 1195 1534 1213 ,
1560 1159 1592 1202 si
1615 1174 1704 1202 non
1723 1156 1845 1201 vide-

457 1243 552 1284 res3
578 1244 666 1272 non
698 1229 897 1273 libertate
935 1229 1145 1284 donares,
1172 1231 1205 1274 si
1230 1246 1318 1274 non
1341 1231 1507 1275 videres
1542 1250 1551 1274 ι
1581 1231 1655 1274 sed
1689 1243 1845 1274 aurum

456 1298 592 1343 oculis
614 1300 753 1344 carnis
771 1301 904 1355 vides,
924 1301 1054 1344 fidem
1078 1291 1215 1345 oculis
1240 1301 1381 1344 cordis
1399 1301 1532 1345 vides.
1555 1303 1731 1354 Quanto
1755 1315 1846 1344 me-

456 1369 581 1414 liores
595 1382 696 1415 sunt
713 1371 854 1415 cordis
872 1406 883 1424 ,
906 1381 1029 1416 tanto
1054 1371 1206 1415 melius
1228 1381 1290 1415 est
1313 1373 1432 1432 quod
1452 1371 1572 1415 vides
1595 1371 1731 1416 oculis
1746 1386 1847 1416 cor-

459 1442 537 1485 dis.
577 1444 641 1485 Tu
671 1452 816 1486 autem
854 1443 955 1487 huic
989 1441 1120 1497 fidei,
1156 1458 1289 1502 quam
1317 1443 1396 1486 tibi
1419 1443 1604 1502 imperat
1638 1442 1847 1487 Dominus

461 1520 558 1555 tuus
573 1547 584 1563 ,
608 1513 822 1570 praeponis
841 1529 994 1556 aurum
1013 1548 1023 1566 ,
1047 1522 1091 1556 ct
1115 1513 1474 1557 commendatum
1497 1529 1585 1557 non
1607 1512 1750 1557 reddis
1768 1547 1779 1567 ,
1805 1518 1849 1556 et

458 1582 564 1626 dicis
586 1601 594 1627 :
620 1583 735 1627 Nihil
762 1584 866 1626 mihi
895 1583 1053 1627 dedisti
1080 1602 1088 1627 ι
1120 1595 1195 1626 aut
1217 1583 1255 1626 ei
1277 1584 1347 1627 cui
1386 1599 1473 1627 non
1501 1582 1846 1637 commendasti,

460 1652 565 1697 dicis
587 1673 595 1698 :
623 1654 773 1697 Redde
792 1654 911 1714 quod
935 1655 1013 1698 tibi
1033 1653 1352 1698 commendavi.
1375 1656 1472 1698 Non
1495 1654 1569 1698 das
1586 1655 1706 1714 quod
1728 1667 1851 1698 acce·

460 1725 583 1783 pisti,
610 1725 765 1783 repetis
788 1725 907 1784 quod
929 1740 1016 1769 non
1039 1725 1212 1768 dedisti.
1235 1727 1348 1768 Ecce
1367 1726 1563 1782 acquire,
1590 1726 1648 1769 sic
1670 1723 1789 1778 tolle,
1808 1732 1851 1768 et

461 1810 670 1853 exaggera
698 1795 778 1838 tibi
805 1794 964 1838 lutum.
994 1794 1110 1848 Quid
1144 1795 1334 1853 premis?
1363 1794 1577 1840 dicendo:
1602 1799 1662 1839 Da
1683 1830 1694 1850 ,
1730 1792 1850 1855 quod

461 1881 550 1909 non
582 1864 922 1922 commendasti3
960 1864 1161 1922 negando
1199 1864 1321 1925 quod
1350 1865 1705 1909 commendatum
1730 1880 1850 1910 acce·-
1881 1882 1885 1886 ‘

462 1937 575 1995 pisti.
605 1936 747 1990 Tolle,
776 1936 931 1994 collige
953 1935 1072 1980 lucra
1096 1935 1302 1980 damnosa
1326 1955 1334 1980 z
1359 1951 1458 1980 ecce
1480 1952 1621 1981 arcam
1644 1936 1846 1996 implesti,

461 2006 649 2050 multum
670 2022 833 2051 aurum
866 2006 1117 2067 acquisisti,
1152 2021 1294 2051 arcam
1329 2006 1470 2051 cordis
1502 2007 1693 2062 discute,
1719 2007 1850 2051 fidem
1880 2025 1883 2051 s

463 2076 704 2136 perdidisti.

522 2151 645 2193 Vlll.
685 2147 794 2193 Redi
828 2163 953 2207 crgo,
994 2147 1028 2191 si
1065 2147 1232 2191 sensisti
1267 2146 1458 2207 aliquid,
1496 2148 1531 2192 si
1553 2147 1791 2201 erubuisti,
1816 2146 1850 2191 si

463 2221 582 2280 quod
619 2235 799 2279 pravum
831 2229 875 2264 et
906 2234 1087 2263 curvum
1115 2218 1255 2262 suerat
1275 2220 1523 2274 correxisti,
1555 2219 1674 2273 redi,
1707 2218 1850 2262 delec-

462 2300 553 2334 tare
578 2292 620 2334 in
647 2291 854 2346 Domino,
878 2290 1121 2351 jucundare
1145 2291 1188 2334 in
1214 2290 1412 2334 Domino.
1449 2290 1701 2351 Jucundare
1722 2290 1766 2334 in
1799 2289 1848 2334 iis

464 2377 561 2421 quae
588 2362 714 2420 jussit
748 2363 955 2406 Dominus
973 2397 983 2416 ,
1018 2369 1067 2404 ut
1090 2359 1345 2421 jucunderis
1379 2361 1424 2404 in
1448 2361 1648 2405 Domino.
1676 2363 1845 2405 Jucun·

465 2432 566 2476 dare
592 2432 637 2476 in
666 2432 773 2486 fide,
796 2433 1041 2492 jucundare
1069 2431 1115 2474 in
1149 2446 1250 2490 spe,
1272 2431 1518 2490 jucundare
1538 2431 1584 2475 in
1606 2431 1841 2486 charitate,

459 2503 702 2563 jucundare
731 2504 774 2548 in
805 2501 1095 2548 misericordia
1118 2537 1129 2557 ,
1165 2501 1408 2562 jucundare
1443 2502 1489 2547 in
1523 2501 1841 2564 hospitalitate,

457 2572 700 2631 jucundare
723 2574 767 2619 in
788 2574 996 2619 castitate.
1024 2574 1127 2618 Haec
1160 2572 1304 2618 omnia
1342 2572 1457 2619 bona
1493 2582 1618 2631 sunt,
1655 2569 1843 2618 thesauri

1863 2831 1871 3040 l

1824 3044 1877 3309 l

1900 2510 1922 2541 el
