<?xml version="1.0" encoding="UTF-8"?>
<!DOCTYPE html PUBLIC "-//W3C//DTD XHTML 1.0 Transitional//EN"
    "http://www.w3.org/TR/xhtml1/DTD/xhtml1-transitional.dtd">
<html xmlns="http://www.w3.org/1999/xhtml" xml:lang="en" lang="en">
 <head>
  <title>
</title>
<meta http-equiv="Content-Type" content="text/html;charset=utf-8" />
  <meta name='ocr-system' content='tesseract 3.04.00' />
  <meta name='ocr-capabilities' content='ocr_page ocr_carea ocr_par ocr_line ocrx_word'/>
</head>
<body>
  <div class='ocr_page' id='page_1' title='image "./operaomniaaccura17auguuoft_0019.png"; bbox 0 0 1867 3320; ppageno 0'>
   <div class='ocr_carea' id='block_1_1' title="bbox 340 258 1514 299">
    <p class='ocr_par' dir='ltr' id='par_1_1' title="bbox 340 258 1514 299">
     <span class='ocr_line' id='line_1_1' title="bbox 340 258 1514 299; baseline -0.003 -1"><span class='ocrx_word' id='word_1_1' title='bbox 340 268 662 299; x_wconf 77' lang='lat' dir='ltr'>PROPOSITIONES</span> <span class='ocrx_word' id='word_1_2' title='bbox 696 269 751 296; x_wconf 78' lang='lat' dir='ltr'>Ex</span> <span class='ocrx_word' id='word_1_3' title='bbox 784 265 984 295; x_wconf 64' lang='lat' dir='ltr'>Ems&#39;rom</span> <span class='ocrx_word' id='word_1_4' title='bbox 1018 265 1072 293; x_wconf 76' lang='lat' dir='ltr'>An</span> <span class='ocrx_word' id='word_1_5' title='bbox 1105 264 1320 296; x_wconf 75' lang='lat' dir='ltr'>ROMANOS.</span> <span class='ocrx_word' id='word_1_6' title='bbox 1488 258 1514 295; x_wconf 88' lang='lat'>9</span> 
     </span>
    </p>
   </div>
   <div class='ocr_carea' id='block_1_2' title="bbox 121 333 1515 2489">
    <p class='ocr_par' dir='ltr' id='par_1_2' title="bbox 123 333 1514 466">
     <span class='ocr_line' id='line_1_2' title="bbox 137 333 1514 396; baseline 0.001 -17"><span class='ocrx_word' id='word_1_7' title='bbox 137 356 156 379; x_wconf 94' lang='lat'>»</span> <span class='ocrx_word' id='word_1_8' title='bbox 191 346 442 396; x_wconf 88' lang='lat' dir='ltr'>permaneat</span> <span class='ocrx_word' id='word_1_9' title='bbox 464 345 593 396; x_wconf 86' lang='lat' dir='ltr'>atque</span> <span class='ocrx_word' id='word_1_10' title='bbox 617 335 812 395; x_wconf 76' lang='lat' dir='ltr'>justitia3</span> <span class='ocrx_word' id='word_1_11' title='bbox 836 335 938 394; x_wconf 90' lang='lat' dir='ltr'>quia</span> <span class='ocrx_word' id='word_1_12' title='bbox 960 333 1057 378; x_wconf 90' lang='lat' dir='ltr'>ideo</span> <span class='ocrx_word' id='word_1_13' title='bbox 1085 334 1341 393; x_wconf 85' lang='lat' dir='ltr'>justificatus</span> <span class='ocrx_word' id='word_1_14' title='bbox 1374 344 1438 380; x_wconf 90' lang='lat' dir='ltr'>est</span> <span class='ocrx_word' id='word_1_15' title='bbox 1465 344 1514 379; x_wconf 88' lang='lat' dir='ltr'>ut</span> 
     </span>
     <span class='ocr_line' id='line_1_3' title="bbox 123 403 1262 466; baseline -0.004 -16"><span class='ocrx_word' id='word_1_16' title='bbox 123 408 266 466; x_wconf 85' lang='lat' dir='ltr'>justus</span> <span class='ocrx_word' id='word_1_17' title='bbox 283 407 357 461; x_wconf 83' lang='lat' dir='ltr'>sit,</span> <span class='ocrx_word' id='word_1_18' title='bbox 383 422 472 450; x_wconf 91' lang='lat' dir='ltr'>non</span> <span class='ocrx_word' id='word_1_19' title='bbox 493 415 543 450; x_wconf 91' lang='lat' dir='ltr'>ut</span> <span class='ocrx_word' id='word_1_20' title='bbox 565 420 744 465; x_wconf 87' lang='lat' dir='ltr'>peccare</span> <span class='ocrx_word' id='word_1_21' title='bbox 765 404 846 449; x_wconf 90' lang='lat' dir='ltr'>sibi</span> <span class='ocrx_word' id='word_1_22' title='bbox 863 404 993 448; x_wconf 88' lang='lat' dir='ltr'>licere</span> <span class='ocrx_word' id='word_1_23' title='bbox 1012 403 1262 447; x_wconf 82' lang='lat' dir='ltr'><strong>arbitretur.</strong></span> 
     </span>
    </p>

    <p class='ocr_par' dir='ltr' id='par_1_3' title="bbox 130 473 1514 677">
     <span class='ocr_line' id='line_1_4' title="bbox 188 473 1510 531; baseline -0.003 -12"><span class='ocrx_word' id='word_1_24' title='bbox 188 477 353 519; x_wconf 86' lang='lat' dir='ltr'>XXIII.</span> <span class='ocrx_word' id='word_1_25' title='bbox 382 475 510 528; x_wconf 85' lang='lat' dir='ltr'>Quod</span> <span class='ocrx_word' id='word_1_26' title='bbox 542 484 689 519; x_wconf 86' lang='lat' dir='ltr'>autem</span> <span class='ocrx_word' id='word_1_27' title='bbox 724 475 782 518; x_wconf 90' lang='lat' dir='ltr'>ait</span> <span class='ocrx_word' id='word_1_28' title='bbox 803 494 812 519; x_wconf 90' lang='lat'>:</span> <span class='ocrx_word' id='word_1_29' title='bbox 837 494 856 516; x_wconf 86' lang='lat'>«</span> <span class='ocrx_word' id='word_1_30' title='bbox 878 477 966 518; x_wconf 84' lang='lat' dir='ltr'>Lex</span> <span class='ocrx_word' id='word_1_31' title='bbox 988 474 1103 517; x_wconf 91' lang='lat' dir='ltr'>enim</span> <span class='ocrx_word' id='word_1_32' title='bbox 1126 473 1233 516; x_wconf 87' lang='lat' dir='ltr'>iram</span> <span class='ocrx_word' id='word_1_33' title='bbox 1268 477 1510 531; x_wconf 75' lang='lat' dir='ltr'>operatur1,</span> 
     </span>
     <span class='ocr_line' id='line_1_5' title="bbox 130 543 1514 603; baseline -0.003 -12"><span class='ocrx_word' id='word_1_34' title='bbox 130 546 363 591; x_wconf 89' lang='lat' dir='ltr'>vindictam</span> <span class='ocrx_word' id='word_1_35' title='bbox 394 546 629 603; x_wconf 81' lang='lat' dir='ltr'>significat,</span> <span class='ocrx_word' id='word_1_36' title='bbox 669 555 712 590; x_wconf 90' lang='lat' dir='ltr'>et</span> <span class='ocrx_word' id='word_1_37' title='bbox 741 544 796 589; x_wconf 88' lang='lat' dir='ltr'>ad</span> <span class='ocrx_word' id='word_1_38' title='bbox 818 544 943 588; x_wconf 87' lang='lat' dir='ltr'>illum</span> <span class='ocrx_word' id='word_1_39' title='bbox 972 543 1153 603; x_wconf 88' lang='lat' dir='ltr'>gradum</span> <span class='ocrx_word' id='word_1_40' title='bbox 1177 543 1366 602; x_wconf 83' lang='lat' dir='ltr'>pertinet</span> <span class='ocrx_word' id='word_1_41' title='bbox 1382 577 1392 597; x_wconf 86' lang='lat'>‚</span> <span class='ocrx_word' id='word_1_42' title='bbox 1414 558 1514 587; x_wconf 89' lang='lat' dir='ltr'>cum</span> 
     </span>
     <span class='ocr_line' id='line_1_6' title="bbox 130 617 649 677; baseline -0.004 -15"><span class='ocrx_word' id='word_1_43' title='bbox 130 626 193 662; x_wconf 90' lang='lat' dir='ltr'>est</span> <span class='ocrx_word' id='word_1_44' title='bbox 214 618 398 677; x_wconf 85' lang='lat' dir='ltr'>quisque</span> <span class='ocrx_word' id='word_1_45' title='bbox 416 617 498 661; x_wconf 89' lang='lat' dir='ltr'>sub</span> <span class='ocrx_word' id='word_1_46' title='bbox 521 619 649 674; x_wconf 84' lang='lat' dir='ltr'>Lege.</span> 
     </span>
    </p>

    <p class='ocr_par' dir='ltr' id='par_1_4' title="bbox 128 683 1513 943">
     <span class='ocr_line' id='line_1_7' title="bbox 187 683 1509 744; baseline -0.005 -12"><span class='ocrx_word' id='word_1_47' title='bbox 187 690 350 732; x_wconf 89' lang='lat' dir='ltr'>XXIV.</span> <span class='ocrx_word' id='word_1_48' title='bbox 376 687 505 740; x_wconf 89' lang='lat' dir='ltr'>Quod</span> <span class='ocrx_word' id='word_1_49' title='bbox 528 695 671 730; x_wconf 89' lang='lat' dir='ltr'>autem</span> <span class='ocrx_word' id='word_1_50' title='bbox 698 686 776 730; x_wconf 86' lang='lat' dir='ltr'>ait:</span> <span class='ocrx_word' id='word_1_51' title='bbox 801 688 952 730; x_wconf 85' lang='lat' dir='ltr'>«Ante</span> <span class='ocrx_word' id='word_1_52' title='bbox 975 688 1113 729; x_wconf 90' lang='lat' dir='ltr'>Deum</span> <span class='ocrx_word' id='word_1_53' title='bbox 1137 685 1213 744; x_wconf 87' lang='lat' dir='ltr'>qui</span> <span class='ocrx_word' id='word_1_54' title='bbox 1235 683 1420 728; x_wconf 89' lang='lat' dir='ltr'>eredidit</span> <span class='ocrx_word' id='word_1_55' title='bbox 1436 686 1468 738; x_wconf 79' lang='lat'>²,</span> <span class='ocrx_word' id='word_1_56' title='bbox 1490 703 1509 725; x_wconf 93' lang='lat'>»</span> 
     </span>
     <span class='ocr_line' id='line_1_8' title="bbox 129 755 1512 817; baseline -0.004 -15"><span class='ocrx_word' id='word_1_57' title='bbox 129 757 384 817; x_wconf 88' lang='lat' dir='ltr'>significavit</span> <span class='ocrx_word' id='word_1_58' title='bbox 405 756 537 800; x_wconf 87' lang='lat' dir='ltr'>fidem</span> <span class='ocrx_word' id='word_1_59' title='bbox 558 756 762 800; x_wconf 88' lang='lat' dir='ltr'>interiore</span> <span class='ocrx_word' id='word_1_60' title='bbox 783 755 961 799; x_wconf 87' lang='lat' dir='ltr'>homine</span> <span class='ocrx_word' id='word_1_61' title='bbox 978 770 1067 799; x_wconf 88' lang='lat' dir='ltr'>esse</span> <span class='ocrx_word' id='word_1_62' title='bbox 1083 755 1129 798; x_wconf 90' lang='lat' dir='ltr'>in</span> <span class='ocrx_word' id='word_1_63' title='bbox 1147 764 1383 814; x_wconf 88' lang='lat' dir='ltr'>conspectu</span> <span class='ocrx_word' id='word_1_64' title='bbox 1406 756 1481 798; x_wconf 92' lang='lat' dir='ltr'>Dei</span> <span class='ocrx_word' id='word_1_65' title='bbox 1501 775 1512 811; x_wconf 77' lang='lat'><em>3</em></span> 
     </span>
     <span class='ocr_line' id='line_1_9' title="bbox 129 825 1513 880; baseline -0.002 -9"><span class='ocrx_word' id='word_1_66' title='bbox 129 843 218 871; x_wconf 92' lang='lat' dir='ltr'>non</span> <span class='ocrx_word' id='word_1_67' title='bbox 238 827 284 871; x_wconf 92' lang='lat' dir='ltr'>in</span> <span class='ocrx_word' id='word_1_68' title='bbox 306 827 596 872; x_wconf 83' lang='lat' dir='ltr'>ostentatione</span> <span class='ocrx_word' id='word_1_69' title='bbox 624 825 883 880; x_wconf 87' lang='lat' dir='ltr'>hominum,·</span> <span class='ocrx_word' id='word_1_70' title='bbox 917 825 1042 869; x_wconf 88' lang='lat' dir='ltr'>sicuti</span> <span class='ocrx_word' id='word_1_71' title='bbox 1072 834 1136 868; x_wconf 89' lang='lat' dir='ltr'>est</span> <span class='ocrx_word' id='word_1_72' title='bbox 1166 825 1305 869; x_wconf 88' lang='lat' dir='ltr'>carnis</span> <span class='ocrx_word' id='word_1_73' title='bbox 1328 825 1513 869; x_wconf 89' lang='lat' dir='ltr'>eircum-</span> 
     </span>
     <span class='ocr_line' id='line_1_10' title="bbox 128 898 245 943; baseline -0.009 -1"><span class='ocrx_word' id='word_1_74' title='bbox 128 898 245 943; x_wconf 87' lang='lat' dir='ltr'>cisio.</span> 
     </span>
    </p>

    <p class='ocr_par' dir='ltr' id='par_1_5' title="bbox 124 964 1512 1165">
     <span class='ocr_line' id='line_1_11' title="bbox 203 964 1511 1023; baseline -0.003 -12"><span class='ocrx_word' id='word_1_75' title='bbox 203 969 345 1012; x_wconf 85' lang='lat' dir='ltr'>XXV.</span> <span class='ocrx_word' id='word_1_76' title='bbox 379 967 508 1020; x_wconf 85' lang='lat' dir='ltr'>Quod</span> <span class='ocrx_word' id='word_1_77' title='bbox 529 976 675 1011; x_wconf 85' lang='lat' dir='ltr'>autem</span> <span class='ocrx_word' id='word_1_78' title='bbox 698 968 757 1011; x_wconf 89' lang='lat' dir='ltr'>ait</span> <span class='ocrx_word' id='word_1_79' title='bbox 787 966 841 1011; x_wconf 91' lang='lat' dir='ltr'>de</span> <span class='ocrx_word' id='word_1_80' title='bbox 869 965 1051 1010; x_wconf 84' lang='lat' dir='ltr'>Abraha</span> <span class='ocrx_word' id='word_1_81' title='bbox 1094 981 1137 1009; x_wconf 93' lang='lat' dir='ltr'>m</span> <span class='ocrx_word' id='word_1_82' title='bbox 1161 985 1169 1010; x_wconf 92' lang='lat'>:</span> <span class='ocrx_word' id='word_1_83' title='bbox 1195 968 1308 1009; x_wconf 91' lang='lat' dir='ltr'>Dans</span> <span class='ocrx_word' id='word_1_84' title='bbox 1331 964 1511 1023; x_wconf 85' lang='lat' dir='ltr'>gloriam</span> 
     </span>
     <span class='ocr_line' id='line_1_12' title="bbox 130 1035 1512 1095; baseline -0.001 -17"><span class='ocrx_word' id='word_1_85' title='bbox 130 1055 151 1078; x_wconf 93' lang='lat'>»</span> <span class='ocrx_word' id='word_1_86' title='bbox 185 1040 275 1082; x_wconf 90' lang='lat' dir='ltr'>Deo</span> <span class='ocrx_word' id='word_1_87' title='bbox 293 1038 332 1091; x_wconf 76' lang='lat'>³,</span> <span class='ocrx_word' id='word_1_88' title='bbox 359 1055 380 1077; x_wconf 90' lang='lat'>»</span> <span class='ocrx_word' id='word_1_89' title='bbox 406 1037 608 1081; x_wconf 88' lang='lat' dir='ltr'>adversus</span> <span class='ocrx_word' id='word_1_90' title='bbox 635 1036 731 1080; x_wconf 91' lang='lat' dir='ltr'>illos</span> <span class='ocrx_word' id='word_1_91' title='bbox 754 1036 942 1095; x_wconf 87' lang='lat' dir='ltr'>positum</span> <span class='ocrx_word' id='word_1_92' title='bbox 965 1044 1029 1079; x_wconf 87' lang='lat' dir='ltr'>est</span> <span class='ocrx_word' id='word_1_93' title='bbox 1045 1070 1055 1089; x_wconf 71' lang='lat'>‚</span> <span class='ocrx_word' id='word_1_94' title='bbox 1081 1036 1156 1094; x_wconf 86' lang='lat' dir='ltr'>qui</span> <span class='ocrx_word' id='word_1_95' title='bbox 1177 1035 1360 1093; x_wconf 82' lang='lat' dir='ltr'>gloriam</span> <span class='ocrx_word' id='word_1_96' title='bbox 1389 1049 1512 1078; x_wconf 90' lang='lat' dir='ltr'>suam</span> 
     </span>
     <span class='ocr_line' id='line_1_13' title="bbox 124 1105 1284 1165; baseline -0.003 -15"><span class='ocrx_word' id='word_1_97' title='bbox 124 1105 178 1150; x_wconf 87' lang='lat' dir='ltr'>de</span> <span class='ocrx_word' id='word_1_98' title='bbox 201 1107 405 1165; x_wconf 84' lang='lat' dir='ltr'>operibus</span> <span class='ocrx_word' id='word_1_99' title='bbox 428 1107 553 1165; x_wconf 83' lang='lat' dir='ltr'>Legis</span> <span class='ocrx_word' id='word_1_100' title='bbox 569 1121 714 1150; x_wconf 86' lang='lat' dir='ltr'>eoram</span> <span class='ocrx_word' id='word_1_101' title='bbox 737 1105 991 1149; x_wconf 89' lang='lat' dir='ltr'>hominibus</span> <span class='ocrx_word' id='word_1_102' title='bbox 1013 1105 1284 1164; x_wconf 85' lang='lat' dir='ltr'>quaerebant.</span> 
     </span>
    </p>

    <p class='ocr_par' dir='ltr' id='par_1_6' title="bbox 121 1173 1515 1584">
     <span class='ocr_line' id='line_1_14' title="bbox 180 1173 1514 1229; baseline -0.001 -10"><span class='ocrx_word' id='word_1_103' title='bbox 180 1178 343 1220; x_wconf 88' lang='lat' dir='ltr'>XXVI.</span> <span class='ocrx_word' id='word_1_104' title='bbox 370 1175 497 1228; x_wconf 90' lang='lat' dir='ltr'>Quod</span> <span class='ocrx_word' id='word_1_105' title='bbox 523 1185 669 1220; x_wconf 87' lang='lat' dir='ltr'>autem</span> <span class='ocrx_word' id='word_1_106' title='bbox 702 1175 786 1219; x_wconf 91' lang='lat' dir='ltr'>ait:</span> <span class='ocrx_word' id='word_1_107' title='bbox 820 1194 838 1216; x_wconf 73' lang='grc' dir='ltr'>α</span> <span class='ocrx_word' id='word_1_108' title='bbox 864 1177 961 1220; x_wconf 93' lang='lat' dir='ltr'>Non</span> <span class='ocrx_word' id='word_1_109' title='bbox 990 1175 1131 1218; x_wconf 91' lang='lat' dir='ltr'>solum</span> <span class='ocrx_word' id='word_1_110' title='bbox 1157 1183 1302 1218; x_wconf 89' lang='lat' dir='ltr'>autem</span> <span class='ocrx_word' id='word_1_111' title='bbox 1321 1209 1332 1229; x_wconf 84' lang='lat'><strong>‚</strong></span> <span class='ocrx_word' id='word_1_112' title='bbox 1371 1173 1444 1217; x_wconf 91' lang='lat' dir='ltr'>sed</span> <span class='ocrx_word' id='word_1_113' title='bbox 1470 1181 1514 1217; x_wconf 88' lang='lat' dir='ltr'>et</span> 
     </span>
     <span class='ocr_line' id='line_1_15' title="bbox 126 1245 1515 1304; baseline 0 -18"><span class='ocrx_word' id='word_1_114' title='bbox 126 1263 145 1287; x_wconf 93' lang='lat'>»</span> <span class='ocrx_word' id='word_1_115' title='bbox 181 1245 416 1303; x_wconf 86' lang='lat' dir='ltr'>gloriamur</span> <span class='ocrx_word' id='word_1_116' title='bbox 436 1247 483 1289; x_wconf 88' lang='lat' dir='ltr'>in</span> <span class='ocrx_word' id='word_1_117' title='bbox 505 1246 861 1290; x_wconf 82' lang='lat' dir='ltr'>tribulationibus</span> <span class='ocrx_word' id='word_1_118' title='bbox 876 1247 908 1300; x_wconf 79' lang='lat'>4,</span> <span class='ocrx_word' id='word_1_119' title='bbox 928 1263 947 1286; x_wconf 93' lang='lat'>»</span> <span class='ocrx_word' id='word_1_120' title='bbox 964 1254 1006 1289; x_wconf 87' lang='lat' dir='ltr'>et</span> <span class='ocrx_word' id='word_1_121' title='bbox 1021 1254 1175 1289; x_wconf 77' lang='lat' dir='ltr'>caetera</span> <span class='ocrx_word' id='word_1_122' title='bbox 1191 1245 1403 1304; x_wconf 87' lang='lat' dir='ltr'>gradatim</span> <span class='ocrx_word' id='word_1_123' title='bbox 1420 1259 1515 1303; x_wconf 89' lang='lat' dir='ltr'>per-</span> 
     </span>
     <span class='ocr_line' id='line_1_16' title="bbox 123 1313 1513 1374; baseline -0.001 -16"><span class='ocrx_word' id='word_1_124' title='bbox 123 1314 243 1359; x_wconf 87' lang='lat' dir='ltr'>ducit</span> <span class='ocrx_word' id='word_1_125' title='bbox 264 1329 404 1374; x_wconf 85' lang='lat' dir='ltr'>usque</span> <span class='ocrx_word' id='word_1_126' title='bbox 427 1315 481 1358; x_wconf 92' lang='lat' dir='ltr'>ad</span> <span class='ocrx_word' id='word_1_127' title='bbox 503 1316 758 1359; x_wconf 85' lang='lat' dir='ltr'>charitatem</span> <span class='ocrx_word' id='word_1_128' title='bbox 781 1315 873 1368; x_wconf 87' lang='lat' dir='ltr'>Dei,</span> <span class='ocrx_word' id='word_1_129' title='bbox 891 1329 1023 1373; x_wconf 86' lang='lat' dir='ltr'>quam</span> <span class='ocrx_word' id='word_1_130' title='bbox 1045 1315 1300 1358; x_wconf 84' lang='lat' dir='ltr'>charitatem</span> <span class='ocrx_word' id='word_1_131' title='bbox 1322 1314 1428 1357; x_wconf 91' lang='lat' dir='ltr'>dum</span> <span class='ocrx_word' id='word_1_132' title='bbox 1445 1313 1513 1356; x_wconf 93' lang='lat' dir='ltr'>di-</span> 
     </span>
     <span class='ocr_line' id='line_1_17' title="bbox 122 1384 1513 1444; baseline -0.001 -15"><span class='ocrx_word' id='word_1_133' title='bbox 122 1387 181 1430; x_wconf 92' lang='lat' dir='ltr'>cit</span> <span class='ocrx_word' id='word_1_134' title='bbox 213 1401 290 1430; x_wconf 92' lang='lat' dir='ltr'>nos</span> <span class='ocrx_word' id='word_1_135' title='bbox 319 1385 481 1429; x_wconf 86' lang='lat' dir='ltr'>habere</span> <span class='ocrx_word' id='word_1_136' title='bbox 510 1401 586 1444; x_wconf 90' lang='lat' dir='ltr'>per</span> <span class='ocrx_word' id='word_1_137' title='bbox 609 1385 774 1429; x_wconf 88' lang='lat' dir='ltr'>donum</span> <span class='ocrx_word' id='word_1_138' title='bbox 800 1385 984 1443; x_wconf 87' lang='lat' dir='ltr'>Spiritus</span> <span class='ocrx_word' id='word_1_139' title='bbox 1003 1419 1013 1439; x_wconf 91' lang='lat'>,</span> <span class='ocrx_word' id='word_1_140' title='bbox 1040 1393 1253 1428; x_wconf 88' lang='lat' dir='ltr'>monstrat</span> <span class='ocrx_word' id='word_1_141' title='bbox 1275 1384 1347 1427; x_wconf 88' lang='lat' dir='ltr'>illa</span> <span class='ocrx_word' id='word_1_142' title='bbox 1367 1385 1513 1428; x_wconf 89' lang='lat' dir='ltr'>omnia</span> 
     </span>
     <span class='ocr_line' id='line_1_18' title="bbox 121 1453 1515 1516; baseline -0.002 -17"><span class='ocrx_word' id='word_1_143' title='bbox 121 1471 218 1516; x_wconf 87' lang='lat' dir='ltr'>quae</span> <span class='ocrx_word' id='word_1_144' title='bbox 236 1469 460 1514; x_wconf 86' lang='lat' dir='ltr'>possemus</span> <span class='ocrx_word' id='word_1_145' title='bbox 483 1455 606 1499; x_wconf 89' lang='lat' dir='ltr'>nobis</span> <span class='ocrx_word' id='word_1_146' title='bbox 625 1455 834 1508; x_wconf 84' lang='lat' dir='ltr'>tribuere,</span> <span class='ocrx_word' id='word_1_147' title='bbox 855 1457 944 1497; x_wconf 91' lang='lat' dir='ltr'>Deo</span> <span class='ocrx_word' id='word_1_148' title='bbox 959 1468 1048 1497; x_wconf 87' lang='lat' dir='ltr'>esse</span> <span class='ocrx_word' id='word_1_149' title='bbox 1071 1453 1319 1508; x_wconf 87' lang='lat' dir='ltr'>tribuenda,</span> <span class='ocrx_word' id='word_1_150' title='bbox 1338 1454 1414 1513; x_wconf 90' lang='lat' dir='ltr'>qui</span> <span class='ocrx_word' id='word_1_151' title='bbox 1438 1468 1515 1512; x_wconf 87' lang='lat' dir='ltr'>per</span> 
     </span>
     <span class='ocr_line' id='line_1_19' title="bbox 124 1523 1216 1584; baseline -0.002 -15"><span class='ocrx_word' id='word_1_152' title='bbox 124 1525 332 1584; x_wconf 87' lang='lat' dir='ltr'>Spiritum</span> <span class='ocrx_word' id='word_1_153' title='bbox 355 1533 555 1568; x_wconf 89' lang='lat' dir='ltr'>sanetum</span> <span class='ocrx_word' id='word_1_154' title='bbox 580 1524 761 1582; x_wconf 82' lang='lat' dir='ltr'>gratiam</span> <span class='ocrx_word' id='word_1_155' title='bbox 785 1523 889 1567; x_wconf 86' lang='lat' dir='ltr'>dare</span> <span class='ocrx_word' id='word_1_156' title='bbox 913 1523 1115 1582; x_wconf 85' lang='lat' dir='ltr'>dignatus</span> <span class='ocrx_word' id='word_1_157' title='bbox 1138 1533 1216 1567; x_wconf 86' lang='lat' dir='ltr'>est.</span> 
     </span>
    </p>

    <p class='ocr_par' dir='ltr' id='par_1_7' title="bbox 121 1592 1515 2489">
     <span class='ocr_line' id='line_1_20' title="bbox 188 1592 1515 1652; baseline -0.002 -15"><span class='ocrx_word' id='word_1_158' title='bbox 188 1594 358 1637; x_wconf 91' lang='lat' dir='ltr'>XXVII</span> <span class='ocrx_word' id='word_1_159' title='bbox 390 1601 433 1635; x_wconf 88' lang='lat' dir='ltr'>et</span> <span class='ocrx_word' id='word_1_160' title='bbox 457 1595 666 1636; x_wconf 90' lang='lat' dir='ltr'>XXVIII.</span> <span class='ocrx_word' id='word_1_161' title='bbox 695 1592 821 1646; x_wconf 90' lang='lat' dir='ltr'>Quod</span> <span class='ocrx_word' id='word_1_162' title='bbox 852 1602 999 1636; x_wconf 87' lang='lat' dir='ltr'>autem</span> <span class='ocrx_word' id='word_1_163' title='bbox 1022 1593 1079 1636; x_wconf 88' lang='lat' dir='ltr'>ait</span> <span class='ocrx_word' id='word_1_164' title='bbox 1103 1612 1111 1637; x_wconf 91' lang='lat'>:</span> <span class='ocrx_word' id='word_1_165' title='bbox 1138 1612 1158 1635; x_wconf 90' lang='lat'>«</span> <span class='ocrx_word' id='word_1_166' title='bbox 1186 1594 1332 1652; x_wconf 85' lang='lat' dir='ltr'>Usque</span> <span class='ocrx_word' id='word_1_167' title='bbox 1355 1592 1409 1635; x_wconf 91' lang='lat' dir='ltr'>ad</span> <span class='ocrx_word' id='word_1_168' title='bbox 1432 1595 1515 1635; x_wconf 90' lang='lat' dir='ltr'>Le-</span> 
     </span>
     <span class='ocr_line' id='line_1_21' title="bbox 125 1661 1513 1720; baseline 0.002 -18"><span class='ocrx_word' id='word_1_169' title='bbox 125 1679 144 1703; x_wconf 91' lang='lat'>»</span> <span class='ocrx_word' id='word_1_170' title='bbox 180 1677 277 1720; x_wconf 89' lang='lat' dir='ltr'>gem</span> <span class='ocrx_word' id='word_1_171' title='bbox 312 1662 427 1704; x_wconf 90' lang='lat' dir='ltr'>enim</span> <span class='ocrx_word' id='word_1_172' title='bbox 450 1671 676 1719; x_wconf 89' lang='lat' dir='ltr'>peccatum</span> <span class='ocrx_word' id='word_1_173' title='bbox 711 1663 756 1705; x_wconf 91' lang='lat' dir='ltr'>in</span> <span class='ocrx_word' id='word_1_174' title='bbox 779 1662 943 1706; x_wconf 88' lang='lat' dir='ltr'>mundo</span> <span class='ocrx_word' id='word_1_175' title='bbox 961 1663 1047 1706; x_wconf 83' lang='lat' dir='ltr'>fuit</span> <span class='ocrx_word' id='word_1_176' title='bbox 1063 1665 1076 1689; x_wconf 86' lang='lat'>⁵</span> <span class='ocrx_word' id='word_1_177' title='bbox 1093 1698 1104 1717; x_wconf 86' lang='lat'>,</span> <span class='ocrx_word' id='word_1_178' title='bbox 1134 1680 1155 1704; x_wconf 86' lang='lat'>»</span> <span class='ocrx_word' id='word_1_179' title='bbox 1179 1661 1513 1719; x_wconf 85' lang='lat' dir='ltr'>intelligendum</span> 
     </span>
     <span class='ocr_line' id='line_1_22' title="bbox 121 1732 1510 1792; baseline 0 -16"><span class='ocrx_word' id='word_1_180' title='bbox 121 1741 185 1776; x_wconf 87' lang='lat' dir='ltr'>est</span> <span class='ocrx_word' id='word_1_181' title='bbox 201 1746 431 1792; x_wconf 88' lang='lat' dir='ltr'>quousque</span> <span class='ocrx_word' id='word_1_182' title='bbox 452 1732 619 1776; x_wconf 87' lang='lat' dir='ltr'>veniret</span> <span class='ocrx_word' id='word_1_183' title='bbox 651 1732 800 1789; x_wconf 86' lang='lat' dir='ltr'>gratia.</span> <span class='ocrx_word' id='word_1_184' title='bbox 823 1733 985 1776; x_wconf 89' lang='lat' dir='ltr'>Contra</span> <span class='ocrx_word' id='word_1_185' title='bbox 1004 1747 1076 1776; x_wconf 89' lang='lat' dir='ltr'>eos</span> <span class='ocrx_word' id='word_1_186' title='bbox 1101 1734 1214 1776; x_wconf 87' lang='lat' dir='ltr'>enim</span> <span class='ocrx_word' id='word_1_187' title='bbox 1239 1734 1404 1776; x_wconf 85' lang='lat' dir='ltr'>dictum</span> <span class='ocrx_word' id='word_1_188' title='bbox 1432 1742 1510 1786; x_wconf 86' lang='lat' dir='ltr'>est,</span> 
     </span>
     <span class='ocr_line' id='line_1_23' title="bbox 121 1801 1513 1861; baseline 0.001 -16"><span class='ocrx_word' id='word_1_189' title='bbox 121 1802 196 1861; x_wconf 88' lang='lat' dir='ltr'>qui</span> <span class='ocrx_word' id='word_1_190' title='bbox 218 1802 483 1846; x_wconf 87' lang='lat' dir='ltr'>arbitrantur</span> <span class='ocrx_word' id='word_1_191' title='bbox 512 1817 586 1860; x_wconf 87' lang='lat' dir='ltr'>per</span> <span class='ocrx_word' id='word_1_192' title='bbox 610 1806 766 1860; x_wconf 88' lang='lat' dir='ltr'>Legem</span> <span class='ocrx_word' id='word_1_193' title='bbox 787 1801 944 1845; x_wconf 79' lang='lat' dir='ltr'>aulerri</span> <span class='ocrx_word' id='word_1_194' title='bbox 968 1803 1157 1861; x_wconf 85' lang='lat' dir='ltr'>potuisse</span> <span class='ocrx_word' id='word_1_195' title='bbox 1181 1812 1371 1861; x_wconf 83' lang='lat' dir='ltr'>peecata.</span> <span class='ocrx_word' id='word_1_196' title='bbox 1402 1804 1513 1847; x_wconf 83' lang='lat' dir='ltr'>Dicit</span> 
     </span>
     <span class='ocr_line' id='line_1_24' title="bbox 122 1870 1509 1931; baseline 0.001 -17"><span class='ocrx_word' id='word_1_197' title='bbox 122 1880 265 1915; x_wconf 89' lang='lat' dir='ltr'>autem</span> <span class='ocrx_word' id='word_1_198' title='bbox 297 1870 530 1929; x_wconf 84' lang='lat' dir='ltr'>Apostolus</span> <span class='ocrx_word' id='word_1_199' title='bbox 549 1906 560 1926; x_wconf 85' lang='lat'>,</span> <span class='ocrx_word' id='word_1_200' title='bbox 591 1870 864 1915; x_wconf 83' lang='lat' dir='ltr'>manifestata</span> <span class='ocrx_word' id='word_1_201' title='bbox 898 1887 987 1915; x_wconf 87' lang='lat' dir='ltr'>esse</span> <span class='ocrx_word' id='word_1_202' title='bbox 1016 1882 1191 1931; x_wconf 80' lang='lat' dir='ltr'>peecata</span> <span class='ocrx_word' id='word_1_203' title='bbox 1215 1888 1292 1931; x_wconf 85' lang='lat' dir='ltr'>per</span> <span class='ocrx_word' id='word_1_204' title='bbox 1325 1876 1480 1930; x_wconf 85' lang='lat' dir='ltr'>Legem</span> <span class='ocrx_word' id='word_1_205' title='bbox 1498 1907 1509 1926; x_wconf 90' lang='lat'>,</span> 
     </span>
     <span class='ocr_line' id='line_1_25' title="bbox 121 1940 1513 1994; baseline 0.001 -10"><span class='ocrx_word' id='word_1_206' title='bbox 121 1956 210 1985; x_wconf 91' lang='lat' dir='ltr'>non</span> <span class='ocrx_word' id='word_1_207' title='bbox 227 1950 373 1984; x_wconf 88' lang='lat' dir='ltr'>autem</span> <span class='ocrx_word' id='word_1_208' title='bbox 396 1941 561 1994; x_wconf 76' lang='lat' dir='ltr'>ablata,</span> <span class='ocrx_word' id='word_1_209' title='bbox 588 1940 688 1984; x_wconf 86' lang='lat' dir='ltr'>cum</span> <span class='ocrx_word' id='word_1_210' title='bbox 711 1941 816 1985; x_wconf 86' lang='lat' dir='ltr'>dicit</span> <span class='ocrx_word' id='word_1_211' title='bbox 837 1961 844 1985; x_wconf 95' lang='lat'>:</span> <span class='ocrx_word' id='word_1_212' title='bbox 869 1961 888 1984; x_wconf 86' lang='lat'>«</span> <span class='ocrx_word' id='word_1_213' title='bbox 908 1946 1139 1986; x_wconf 80' lang='lat' dir='ltr'>Peccatum</span> <span class='ocrx_word' id='word_1_214' title='bbox 1159 1953 1303 1987; x_wconf 83' lang='lat' dir='ltr'>autem</span> <span class='ocrx_word' id='word_1_215' title='bbox 1328 1959 1416 1987; x_wconf 87' lang='lat' dir='ltr'>non</span> <span class='ocrx_word' id='word_1_216' title='bbox 1439 1942 1513 1986; x_wconf 89' lang='lat' dir='ltr'>de-</span> 
     </span>
     <span class='ocr_line' id='line_1_26' title="bbox 125 2010 1511 2069; baseline 0.004 -18"><span class='ocrx_word' id='word_1_217' title='bbox 125 2029 144 2052; x_wconf 88' lang='lat'>»</span> <span class='ocrx_word' id='word_1_218' title='bbox 180 2010 438 2069; x_wconf 85' lang='lat' dir='ltr'>putabatur,</span> <span class='ocrx_word' id='word_1_219' title='bbox 467 2027 567 2055; x_wconf 89' lang='lat' dir='ltr'>cum</span> <span class='ocrx_word' id='word_1_220' title='bbox 592 2015 679 2054; x_wconf 86' lang='lat' dir='ltr'>Lex</span> <span class='ocrx_word' id='word_1_221' title='bbox 701 2027 788 2055; x_wconf 87' lang='lat' dir='ltr'>non</span> <span class='ocrx_word' id='word_1_222' title='bbox 810 2016 965 2055; x_wconf 58' lang='lat' dir='ltr'>essetss.</span> <span class='ocrx_word' id='word_1_223' title='bbox 996 2032 1014 2053; x_wconf 93' lang='lat'>»</span> <span class='ocrx_word' id='word_1_224' title='bbox 1039 2015 1134 2057; x_wconf 89' lang='lat' dir='ltr'>Non</span> <span class='ocrx_word' id='word_1_225' title='bbox 1171 2014 1284 2056; x_wconf 90' lang='lat' dir='ltr'>enim</span> <span class='ocrx_word' id='word_1_226' title='bbox 1315 2015 1396 2067; x_wconf 85' lang='lat' dir='ltr'>ait,</span> <span class='ocrx_word' id='word_1_227' title='bbox 1423 2029 1511 2058; x_wconf 91' lang='lat' dir='ltr'>non</span> 
     </span>
     <span class='ocr_line' id='line_1_27' title="bbox 121 2080 1508 2140; baseline 0.001 -16"><span class='ocrx_word' id='word_1_228' title='bbox 121 2090 212 2124; x_wconf 84' lang='lat' dir='ltr'>erat</span> <span class='ocrx_word' id='word_1_229' title='bbox 233 2099 242 2124; x_wconf 75' lang='grc' dir='ltr'>ε</span> <span class='ocrx_word' id='word_1_230' title='bbox 263 2080 336 2123; x_wconf 92' lang='lat' dir='ltr'>sed</span> <span class='ocrx_word' id='word_1_231' title='bbox 350 2115 360 2135; x_wconf 91' lang='lat'>‚</span> <span class='ocrx_word' id='word_1_232' title='bbox 382 2100 401 2122; x_wconf 90' lang='lat'>«</span> <span class='ocrx_word' id='word_1_233' title='bbox 421 2096 509 2124; x_wconf 89' lang='lat' dir='ltr'>non</span> <span class='ocrx_word' id='word_1_234' title='bbox 533 2081 872 2140; x_wconf 83' lang='lat' dir='ltr'>deputabatur.»</span> <span class='ocrx_word' id='word_1_235' title='bbox 892 2084 1043 2140; x_wconf 85' lang='lat' dir='ltr'>Neque</span> <span class='ocrx_word' id='word_1_236' title='bbox 1067 2097 1165 2125; x_wconf 89' lang='lat' dir='ltr'>eum</span> <span class='ocrx_word' id='word_1_237' title='bbox 1194 2085 1277 2126; x_wconf 82' lang='lat' dir='ltr'>Lex</span> <span class='ocrx_word' id='word_1_238' title='bbox 1300 2083 1399 2126; x_wconf 83' lang='lat' dir='ltr'>data</span> <span class='ocrx_word' id='word_1_239' title='bbox 1423 2092 1508 2137; x_wconf 84' lang='lat' dir='ltr'>est,</span> 
     </span>
     <span class='ocr_line' id='line_1_28' title="bbox 122 2149 1511 2210; baseline 0.002 -17"><span class='ocrx_word' id='word_1_240' title='bbox 122 2149 317 2194; x_wconf 85' lang='lat' dir='ltr'>ablatum</span> <span class='ocrx_word' id='word_1_241' title='bbox 349 2159 412 2193; x_wconf 87' lang='lat' dir='ltr'>est</span> <span class='ocrx_word' id='word_1_242' title='bbox 435 2171 445 2206; x_wconf 78' lang='lat'>3</span> <span class='ocrx_word' id='word_1_243' title='bbox 471 2152 545 2193; x_wconf 88' lang='lat' dir='ltr'>sed</span> <span class='ocrx_word' id='word_1_244' title='bbox 570 2150 770 2208; x_wconf 80' lang='lat' dir='ltr'>deputari</span> <span class='ocrx_word' id='word_1_245' title='bbox 802 2151 936 2209; x_wconf 88' lang='lat' dir='ltr'>coepit</span> <span class='ocrx_word' id='word_1_246' title='bbox 953 2186 963 2203; x_wconf 86' lang='lat'>,</span> <span class='ocrx_word' id='word_1_247' title='bbox 991 2152 1034 2194; x_wconf 83' lang='lat' dir='ltr'>id</span> <span class='ocrx_word' id='word_1_248' title='bbox 1063 2160 1147 2205; x_wconf 86' lang='lat' dir='ltr'>est,</span> <span class='ocrx_word' id='word_1_249' title='bbox 1174 2167 1393 2210; x_wconf 84' lang='lat' dir='ltr'>apparere.</span> <span class='ocrx_word' id='word_1_250' title='bbox 1416 2155 1511 2198; x_wconf 89' lang='lat' dir='ltr'>Non</span> 
     </span>
     <span class='ocr_line' id='line_1_29' title="bbox 122 2219 1506 2279; baseline 0.001 -16"><span class='ocrx_word' id='word_1_251' title='bbox 122 2234 224 2277; x_wconf 89' lang='lat' dir='ltr'>ergo</span> <span class='ocrx_word' id='word_1_252' title='bbox 259 2228 483 2277; x_wconf 85' lang='lat' dir='ltr'>putemus,</span> <span class='ocrx_word' id='word_1_253' title='bbox 522 2239 541 2261; x_wconf 85' lang='lat'>«</span> <span class='ocrx_word' id='word_1_254' title='bbox 568 2236 710 2279; x_wconf 81' lang='lat' dir='ltr'>usque</span> <span class='ocrx_word' id='word_1_255' title='bbox 745 2219 798 2264; x_wconf 88' lang='lat' dir='ltr'>ad</span> <span class='ocrx_word' id='word_1_256' title='bbox 836 2224 995 2278; x_wconf 80' lang='lat' dir='ltr'>Legem</span> <span class='ocrx_word' id='word_1_257' title='bbox 1020 2256 1028 2270; x_wconf 93' lang='lat'>,</span> <span class='ocrx_word' id='word_1_258' title='bbox 1059 2240 1077 2260; x_wconf 90' lang='lat'>»</span> <span class='ocrx_word' id='word_1_259' title='bbox 1108 2223 1164 2265; x_wconf 88' lang='lat' dir='ltr'>ita</span> <span class='ocrx_word' id='word_1_260' title='bbox 1197 2221 1361 2265; x_wconf 75' lang='lat' dir='ltr'>dictum</span> <span class='ocrx_word' id='word_1_261' title='bbox 1390 2237 1506 2276; x_wconf 79' lang='lat' dir='ltr'>esse,</span> 
     </span>
     <span class='ocr_line' id='line_1_30' title="bbox 121 2289 1509 2349; baseline 0.003 -18"><span class='ocrx_word' id='word_1_262' title='bbox 121 2289 243 2347; x_wconf 89' lang='lat' dir='ltr'>quasi</span> <span class='ocrx_word' id='word_1_263' title='bbox 275 2290 365 2347; x_wconf 86' lang='lat' dir='ltr'>jam</span> <span class='ocrx_word' id='word_1_264' title='bbox 398 2289 479 2332; x_wconf 90' lang='lat' dir='ltr'>sub</span> <span class='ocrx_word' id='word_1_265' title='bbox 505 2292 617 2347; x_wconf 82' lang='lat' dir='ltr'>Lege</span> <span class='ocrx_word' id='word_1_266' title='bbox 643 2305 730 2333; x_wconf 89' lang='lat' dir='ltr'>non</span> <span class='ocrx_word' id='word_1_267' title='bbox 755 2300 862 2334; x_wconf 86' lang='lat' dir='ltr'>esset</span> <span class='ocrx_word' id='word_1_268' title='bbox 887 2300 1112 2349; x_wconf 74' lang='lat' dir='ltr'>peceatum</span> <span class='ocrx_word' id='word_1_269' title='bbox 1136 2310 1143 2334; x_wconf 88' lang='grc'>;</span> <span class='ocrx_word' id='word_1_270' title='bbox 1169 2290 1242 2334; x_wconf 80' lang='lat' dir='ltr'>sed</span> <span class='ocrx_word' id='word_1_271' title='bbox 1264 2292 1321 2334; x_wconf 88' lang='lat' dir='ltr'>sie</span> <span class='ocrx_word' id='word_1_272' title='bbox 1344 2291 1509 2335; x_wconf 82' lang='lat' dir='ltr'>dietum</span> 
     </span>
     <span class='ocr_line' id='line_1_31' title="bbox 122 2360 1508 2421; baseline 0.004 -21"><span class='ocrx_word' id='word_1_273' title='bbox 122 2366 212 2402; x_wconf 87' lang='lat' dir='ltr'>est:</span> <span class='ocrx_word' id='word_1_274' title='bbox 243 2376 263 2399; x_wconf 88' lang='lat'>«</span> <span class='ocrx_word' id='word_1_275' title='bbox 290 2373 426 2417; x_wconf 87' lang='lat' dir='ltr'>usque</span> <span class='ocrx_word' id='word_1_276' title='bbox 445 2360 500 2403; x_wconf 89' lang='lat' dir='ltr'>ad</span> <span class='ocrx_word' id='word_1_277' title='bbox 527 2362 686 2417; x_wconf 84' lang='lat' dir='ltr'>Legem</span> <span class='ocrx_word' id='word_1_278' title='bbox 706 2395 716 2414; x_wconf 92' lang='lat'>,</span> <span class='ocrx_word' id='word_1_279' title='bbox 747 2378 765 2400; x_wconf 94' lang='lat'>»</span> <span class='ocrx_word' id='word_1_280' title='bbox 794 2369 842 2404; x_wconf 86' lang='lat' dir='ltr'>ut</span> <span class='ocrx_word' id='word_1_281' title='bbox 864 2369 1004 2404; x_wconf 85' lang='lat' dir='ltr'>totum</span> <span class='ocrx_word' id='word_1_282' title='bbox 1039 2361 1159 2418; x_wconf 82' lang='lat' dir='ltr'>Legis</span> <span class='ocrx_word' id='word_1_283' title='bbox 1183 2370 1351 2421; x_wconf 86' lang='lat' dir='ltr'>tempus</span> <span class='ocrx_word' id='word_1_284' title='bbox 1372 2378 1508 2406; x_wconf 83' lang='lat' dir='ltr'>aunu-</span> 
     </span>
     <span class='ocr_line' id='line_1_32' title="bbox 121 2428 1284 2489; baseline 0.003 -19"><span class='ocrx_word' id='word_1_285' title='bbox 121 2441 256 2470; x_wconf 87' lang='lat' dir='ltr'>meres</span> <span class='ocrx_word' id='word_1_286' title='bbox 274 2443 413 2487; x_wconf 85' lang='lat' dir='ltr'>usquc</span> <span class='ocrx_word' id='word_1_287' title='bbox 435 2428 488 2473; x_wconf 90' lang='lat' dir='ltr'>ad</span> <span class='ocrx_word' id='word_1_288' title='bbox 512 2431 641 2472; x_wconf 82' lang='lat' dir='ltr'>linem</span> <span class='ocrx_word' id='word_1_289' title='bbox 665 2430 816 2488; x_wconf 83' lang='lat' dir='ltr'>Legis,</span> <span class='ocrx_word' id='word_1_290' title='bbox 845 2430 965 2489; x_wconf 84' lang='lat' dir='ltr'>quod</span> <span class='ocrx_word' id='word_1_291' title='bbox 988 2439 1051 2474; x_wconf 82' lang='lat' dir='ltr'>est</span> <span class='ocrx_word' id='word_1_292' title='bbox 1072 2431 1284 2475; x_wconf 79' lang='lat' dir='ltr'>Christus.</span> 
     </span>
    </p>
   </div>
   <div class='ocr_carea' id='block_1_3' title="bbox 124 2524 1500 2608">
    <p class='ocr_par' dir='ltr' id='par_1_8' title="bbox 124 2524 1500 2608">
     <span class='ocr_line' id='line_1_33' title="bbox 170 2524 1500 2567; baseline 0.005 -14"><span class='ocrx_word' id='word_1_293' title='bbox 170 2528 177 2544; x_wconf 93' lang='lat'>¹</span> <span class='ocrx_word' id='word_1_294' title='bbox 201 2524 290 2555; x_wconf 73' lang='lat' dir='ltr'>Rom.</span> <span class='ocrx_word' id='word_1_295' title='bbox 316 2533 358 2563; x_wconf 77' lang='lat' dir='ltr'>iv,</span> <span class='ocrx_word' id='word_1_296' title='bbox 382 2524 431 2555; x_wconf 79' lang='lat'>15.</span> <span class='ocrx_word' id='word_1_297' title='bbox 455 2541 495 2547; x_wconf 86' lang='lat'>-</span> <span class='ocrx_word' id='word_1_298' title='bbox 513 2531 524 2547; x_wconf 83' lang='lat'>²</span> <span class='ocrx_word' id='word_1_299' title='bbox 541 2524 621 2557; x_wconf 79' lang='lat' dir='ltr'>lbid.</span> <span class='ocrx_word' id='word_1_300' title='bbox 652 2535 704 2566; x_wconf 88' lang='lat'>¹7·</span> <span class='ocrx_word' id='word_1_301' title='bbox 732 2524 896 2558; x_wconf 67' lang='lat' dir='ltr'>—31bid.</span> <span class='ocrx_word' id='word_1_302' title='bbox 916 2535 967 2558; x_wconf 73' lang='lat'>20.</span> <span class='ocrx_word' id='word_1_303' title='bbox 989 2542 1027 2549; x_wconf 89' lang='lat'>—</span> <span class='ocrx_word' id='word_1_304' title='bbox 1046 2524 1060 2555; x_wconf 74' lang='lat' dir='ltr'>l,</span> <span class='ocrx_word' id='word_1_305' title='bbox 1081 2527 1125 2558; x_wconf 79' lang='lat' dir='ltr'>ld.</span> <span class='ocrx_word' id='word_1_306' title='bbox 1153 2528 1227 2567; x_wconf 80' lang='lat' dir='ltr'>v,3.</span> <span class='ocrx_word' id='word_1_307' title='bbox 1254 2544 1293 2550; x_wconf 85' lang='lat'>-</span> <span class='ocrx_word' id='word_1_308' title='bbox 1316 2526 1328 2549; x_wconf 80' lang='lat'>⁵</span> <span class='ocrx_word' id='word_1_309' title='bbox 1345 2527 1424 2558; x_wconf 72' lang='lat' dir='ltr'>thid.</span> <span class='ocrx_word' id='word_1_310' title='bbox 1453 2526 1500 2559; x_wconf 76' lang='lat'>13.</span> 
     </span>
     <span class='ocr_line' id='line_1_34' title="bbox 124 2575 298 2608; baseline 0 0"><span class='ocrx_word' id='word_1_311' title='bbox 124 2592 164 2598; x_wconf 84' lang='lat'><strong>—</strong></span> <span class='ocrx_word' id='word_1_312' title='bbox 181 2575 196 2597; x_wconf 68' lang='lat'><strong>⁶</strong></span> <span class='ocrx_word' id='word_1_313' title='bbox 216 2576 298 2608; x_wconf 71' lang='lat' dir='ltr'>lbitl.</span> 
     </span>
    </p>
   </div>
  </div>
 </body>
</html>
