1924 3309
414 237 496 276 340
845 250 877 275 s.
914 246 1143 276 Auctsnm
1178 247 1356 273 muscum

408 331 427 353 »
466 313 572 356 dum
589 327 685 356 crea
711 312 758 355 in
779 326 848 356 me
872 315 1010 356 Deus:
1038 331 1057 354 »
1081 321 1148 366 et,
1174 330 1194 352 «
1218 313 1295 354 Vae
1317 309 1383 353 his
1406 310 1482 369 qui
1510 308 1796 369 perdiderunt

412 401 432 423 »
468 382 813 427 sustinentiam1.
841 401 861 425 »
886 383 1114 429 Neminem
1149 396 1251 439 ergo
1283 396 1453 441 quaeras
1487 395 1714 435 accusare,
1740 396 1795 424 ne

410 463 703 499 accusatorem
720 455 928 509 invenias,
946 471 968 498 a
985 464 1073 513 quo
1095 462 1138 497 te
1159 468 1248 497 non
1272 452 1404 511 possis
1420 450 1669 497 defendere.
1686 454 1796 497 Nam

410 534 453 569 et
475 526 565 585 ipse
587 525 788 569 inimicus
811 535 957 569 noster
979 523 1179 568 diabolus
1211 522 1390 583 quando
1413 533 1661 578 accusatur,
1688 537 1795 581 gau—

409 596 484 639 det
510 614 519 640 ε
541 605 584 640 et
605 596 701 641 vult
729 596 906 640 omnino
929 603 977 638 ut
1005 609 1177 638 accuses
1206 592 1331 638 illum
1351 614 1362 651 3
1386 592 1483 638 vult
1513 593 1605 653 ipse
1628 601 1678 636 ut
1709 608 1732 637 a
1756 601 1797 636 te

406 664 517 711 ferat
540 666 716 727 qualem
738 666 923 710 volueris
947 665 1312 719 criminationem,
1337 679 1436 709 cum
1455 673 1502 708 tu
1520 663 1675 723 perdas
1696 678 1798 708 con-

408 734 654 781 fessionem.
691 738 853 781 Contra
886 736 1017 796 hujus
1054 736 1255 780 astutiam
1293 734 1504 779 exclamat
1523 733 1628 778 ille:
1659 735 1798 792 «Ego

412 826 431 847 »
468 806 581 862 dixi,
618 808 815 852 Domine.
845 826 865 848 n
895 807 994 852 Sine
1023 823 1151 852 causa
1176 808 1283 851 mihi
1312 806 1540 851 insidiatur
1567 806 1796 862 inimicus,

407 878 510 921 novi
534 879 711 922 astutias
733 879 824 938 ejus
846 897 855 922 ι
877 887 1021 937 captat
1043 879 1240 937 linguam
1262 893 1426 930 meam,
1451 876 1548 922 vult
1565 886 1615 921 ut
1631 876 1795 920 dicam:

409 948 615 992 Diabolus
638 947 755 992 fecit.
787 968 807 990 «
834 951 929 1007 Ego
959 948 1073 1003 dixi,
1098 949 1297 993 Domine.
1327 966 1346 989 »
1373 948 1448 991 His
1470 963 1571 1006 ergo
1601 946 1799 991 versutiis

410 1018 578 1062 seducit
612 1019 799 1072 animas,
826 1027 869 1061 et
902 1035 925 1062 a
966 1018 1176 1063 medicina
1212 1017 1493 1062 confessionis
1516 1017 1701 1074 avertit,
1725 1025 1801 1065 aut

409 1090 673 1148 persuadens
696 1091 754 1133 eis
774 1099 822 1133 ut
844 1105 888 1134 se
909 1100 1131 1145 excusent,
1147 1099 1191 1134 et
1212 1098 1413 1149 quaerant
1435 1104 1543 1149 quos
1567 1097 1797 1145 accusent,

412 1168 487 1202 aut
507 1159 772 1218 persuadens
795 1161 872 1204 eis,
901 1161 1004 1219 quia
1023 1161 1113 1219 jam
1135 1169 1427 1219 peccaverunt
1444 1194 1455 1213 ,
1481 1169 1531 1203 ut
1558 1175 1677 1203 nunc
1700 1159 1800 1202 des-

410 1238 563 1289 perent
581 1264 591 1282 ,
612 1238 656 1273 et
677 1230 856 1274 omnino
875 1245 918 1273 se
935 1229 991 1273 ad
1019 1230 1191 1274 veniam
1213 1245 1337 1289 posse
1358 1231 1574 1289 pertinere
1588 1231 1604 1254 ²
1623 1245 1712 1274 non
1733 1244 1803 1273 ar·-

412 1301 630 1345 bitrentur
646 1321 657 1358 3
674 1310 750 1345 aut
767 1300 1030 1360 persuadens
1047 1301 1121 1355 eis,
1139 1302 1241 1361 quia
1268 1302 1354 1346 cito
1373 1304 1488 1345 Deus
1505 1309 1647 1345 totum
1660 1301 1802 1360 ignos-

411 1372 471 1416 cit
485 1407 496 1426 ,
519 1381 568 1416 ut
586 1387 676 1416 sese
698 1373 832 1417 homo
855 1387 945 1416 non
966 1372 1166 1429 corrigat.

472 1445 552 1486 ΙΙΙ.
580 1441 734 1487 Videte
757 1452 920 1503 quanta
942 1443 1027 1486 sint
1045 1478 1055 1497 ,
1092 1442 1297 1487 adversus
1327 1459 1426 1503 quae
1445 1443 1625 1502 vigilare
1647 1442 1805 1488 debeat

411 1528 486 1557 cor
508 1513 777 1572 poenitentis.
804 1516 867 1558 Ne
890 1528 933 1556 se
957 1512 1204 1557 excusando
1227 1512 1413 1557 alterum
1436 1523 1634 1569 accuset,
1660 1513 1805 1558 veniat

411 1584 450 1627 ei
471 1584 517 1626 in
533 1591 723 1626 mentem
743 1619 753 1638 ,
783 1602 803 1624 «
829 1586 923 1641 Ego
947 1583 1059 1638 dixi,
1093 1583 1304 1637 Domine,
1331 1584 1533 1628 miserere
1565 1585 1678 1642 mei3
1703 1599 1805 1628 sana

415 1673 434 1696 »
471 1653 661 1697 animam
684 1669 841 1707 meam,
858 1654 1066 1713 quoniam
1085 1654 1258 1712 peccavi
1275 1654 1356 1698 tibi
1371 1656 1432 1697 3.»
1451 1657 1513 1699 Ne
1535 1654 1806 1714 desperando

414 1734 562 1784 pereat
579 1759 589 1778 ,
610 1733 659 1767 ut
680 1724 890 1783 quoniam
914 1724 1110 1782 peccavit
1126 1758 1137 1777 ‚
1162 1732 1205 1766 et
1229 1725 1416 1781 graviter
1433 1726 1628 1783 peccavit
1644 1760 1654 1779 ,
1681 1734 1806 1784 putet

413 1811 457 1839 se
475 1796 562 1854 jam
588 1810 677 1838 non
699 1809 823 1853 posse
846 1794 1010 1851 sanari,
1035 1803 1078 1837 et
1099 1793 1234 1838 donet
1255 1809 1299 1837 se
1320 1793 1602 1849 libidinibus,
1629 1796 1804 1839 trahen-

414 1864 521 1909 dum
545 1865 750 1909 omnibus
768 1864 1097 1922 cupiditatibus.
1124 1864 1244 1907 Facit
1262 1863 1480 1923 quidquid
1501 1865 1624 1918 libet,
1651 1880 1807 1924 quam-

413 1936 476 1980 vis
499 1951 587 1980 non
608 1935 750 1979 liceat.
774 1938 828 1978 Et
847 1934 880 1978 si
900 1949 988 1977 non
1012 1932 1141 1987 facit,
1170 1933 1228 1976 ibi
1251 1949 1340 1978 non
1363 1932 1482 1989 facit,
1508 1935 1587 1978 ubi
1610 1935 1806 1980 homines

416 2007 554 2051 timet.
587 2007 778 2050 Omnino
808 2005 953 2049 animo
987 2003 1178 2064 quodam
1202 2004 1484 2063 gladiatorio,
1511 2007 1719 2065 quoniam
1741 2007 1807 2051 vi-

416 2088 506 2122 tam
527 2078 726 2137 desperat
746 2112 756 2131 ,
782 2074 999 2136 quidquid
1017 2084 1157 2134 potest
1180 2075 1321 2119 facere
1345 2075 1398 2119 ad
1421 2075 1660 2121 satiandam
1681 2077 1806 2136 cupi-

418 2149 599 2193 ditatem
625 2158 667 2192 et
696 2148 925 2191 libidinem
958 2161 1077 2189 suam
1118 2144 1220 2190 facit
1238 2181 1249 2198 ,
1288 2155 1494 2207 tanquam
1531 2146 1714 2192 devotus
1751 2148 1806 2192 ad

416 2221 652 2264 victimam.
684 2218 805 2263 Tales
829 2218 1129 2277 desperatione
1142 2220 1354 2275 pereunt.
1388 2220 1550 2263 Contra
1588 2219 1690 2263 istos
1727 2235 1806 2278 pro

418 2292 500 2341 his,
520 2291 565 2334 id
583 2301 646 2335 est
662 2299 813 2335 eontra
835 2289 941 2333 tales
963 2288 1245 2347 cogitationes
1263 2304 1437 2341 eorum,
1461 2288 1644 2348 vigilans
1668 2290 1803 2350 Scrip-

419 2371 515 2406 tura
532 2362 641 2405 dixit
661 2380 669 2405 :
700 2381 719 2403 «
743 2365 792 2405 In
811 2375 1087 2421 quacumque
1103 2360 1172 2402 die
1194 2375 1427 2404 conversus
1450 2360 1583 2404 fuerit
1600 2361 1774 2420 iniquus
1791 2396 1802 2416 ,

423 2450 444 2473 >›
479 2443 522 2476 et
537 2431 684 2476 fecerit
701 2432 927 2490 justitiam,
945 2445 1094 2475 omncs
1116 2431 1364 2489 iniquitates
1387 2432 1477 2490 ejus
1495 2431 1725 2475 obliviscar
1741 2433 1802 2475 ⁴.»

473 2538 481 2553 ¹
505 2532 599 2564 Eccii.
617 2544 650 2569 ιι,
677 2534 727 2564 ι6.
771 2549 786 2552 --
808 2538 818 2553 ³
841 2531 941 2561 Forte
957 2528 1140 2569 pervenire.
1164 2547 1202 2550 >—-
1233 2528 1338 2561 3Psal.
1365 2541 1415 2570 u,
1436 2532 1466 2562 5.
1488 2547 1527 2553 -
1545 2528 1558 2559 ἦ
1574 2529 1690 2563 Ezccln.
1712 2541 1805 2569 xvm,

424 2599 478 2630 21,
499 2595 527 2621 ei
551 2600 662 2627 xum,
683 2588 733 2618 ¹23.
