1924 3309
453 1137 555 1169 nem
580 1129 710 1164 suum
732 1109 868 1156 fudit.

509 1193 587 1235 VI.
614 1190 779 1231 Tamen
793 1194 848 1223 ne
862 1175 1059 1220 dicerent
1076 1165 1251 1215 divites,
1270 1172 1361 1203 non
1382 1168 1426 1198 se
1453 1146 1618 1195 habere
1653 1139 1763 1204 quid
1784 1138 1853 1182 fa-

1553 1226 1604 1262 ut
1627 1230 1700 1260 eos
1721 1211 1854 1257 etiam

1321 1651 1483 1699 Divites
1496 1647 1582 1692 sint
1598 1679 1609 1699 ‚
1629 1639 1774 1701 inquit
1789 1671 1800 1693 ‚
1823 1635 1871 1679 in
1906 1676 1908 1681 ,

478 1910 622 1967 potest
645 1919 653 1945 2
676 1894 773 1942 vult
795 1891 930 1941 dives,
963 1892 1006 1927 et
1022 1885 1178 1940 potest.

489 1996 510 2019 »
545 1975 721 2023 nicent,
772 1955 1064 2007 thesaurizent
1110 1945 1192 1992 sibi
1232 1939 1571 1986 fundamentum
1617 1928 1786 1972 bonum
1833 1921 1910 1979 in

1052 2018 1189 2065 ndant
1199 2025 1349 2059 veram
1361 2008 1512 2053 vitam.
1535 2020 1553 2044 »
1569 2002 1679 2046 Nam
1695 1997 1776 2040 ista
1792 1993 1881 2037 vita
1908 2011 1911 2055 ὲ

490 2118 597 2165 falsa
620 2121 699 2158 est.
742 2106 884 2165 Hujus
907 2100 1007 2145 vitae
1028 2090 1216 2138 falsitate
1239 2084 1447 2140 deceptus
1465 2075 1540 2120 ille
1556 2072 1604 2116 in
1624 2079 1820 2130 purpura
1841 2069 1885 2106 et
1908 2103 1911 2120 ᾗ

492 2193 650 2250 bysso,
677 2185 896 2241 jacentem
917 2169 1163 2215 ulcerosum
1177 2165 1415 2219 pauperem
1435 2155 1534 2193 ante
1559 2155 1682 2188 suam
1702 2140 1883 2199 januam

497 2252 822 2308 contemnebat.
862 2241 947 2291 Sed
962 2238 1035 2284 ille
1056 2235 1215 2280 linctus
1239 2243 1261 2271 a
1285 2221 1483 2273 canibus,
1516 2216 1769 2260 thesaurum
1807 2203 1889 2250 sibi
1910 2204 1914 2256 ᾗ

504 2340 718 2378 aeternum
734 2323 782 2367 in
800 2314 988 2364 Abrahae
1007 2303 1171 2368 gremio
1189 2292 1472 2356 comparabat
1488 2324 1498 2344 ‚
1523 2295 1567 2331 et
1588 2285 1621 2329 si
1636 2296 1727 2327 non
1748 2277 1893 2323 abun·
1910 2316 1911 2322 ,

509 2401 634 2450 danti
653 2394 873 2444 facultate,
897 2386 968 2446 pia
989 2391 1137 2426 tamen
1150 2383 1194 2418 et
1205 2369 1350 2431 opima
1360 2359 1629 2410 voluntate2.
1654 2352 1735 2399 Ille
1752 2357 1898 2395 autem

758 2465 766 2472 ⁰
864 2459 871 2466 '
1130 2443 1332 2489 'debatur
1367 2436 1411 2480 in
1446 2441 1642 2492 purpura
1672 2431 1716 2468 et
1752 2421 1911 2478 bysso,

999 2540 1006 2547 ’
1061 2521 1068 2528 “
1127 2517 1135 2525 ”
1174 2515 1314 2559 semo.
1340 2510 1398 2552 Et
1419 2500 1526 2563 quid
1546 2494 1740 2544 invenit?
1763 2492 1885 2536 AEter

489 2067 510 2091 >›
546 2045 747 2090 {uturum
760 2071 771 2091 ,
790 2042 842 2078 ut
859 2025 1048 2090 apprehe
