1867 3320
333 249 475 277 sERMO
507 250 641 288 xvm,
676 252 730 279 DE
762 253 907 281 EODEM
939 256 1085 284 νεῶς.
1325 256 1405 294 323

15 309 169 362 'Modo
190 312 305 356 enim
328 311 579 358 felicitatem
602 331 700 374 quae
721 316 880 361 dicitur
897 320 1049 362 mundi
1066 321 1194 381 hujus
1211 358 1222 378 ,
1247 326 1408 374 habent

35 393 78 430 et
99 383 202 428 mali
226 403 235 427 ε
260 382 558 428 infelicitatem
582 402 680 445 quae
704 388 863 432 dicitur
884 390 1039 433 mundi
1069 391 1217 450 hujus,
1248 395 1409 443 habent

32 464 78 502 et
96 455 216 500 boni.
236 454 486 501 Attendunt
503 456 700 502 homines
721 460 798 519 qui
817 460 1004 505 credunt
1017 464 1242 521 praesentia
1261 474 1303 509 et
1323 482 1410 511 non

30 526 218 577 credunt
237 526 409 583 futura,
433 529 640 588 quoniam
663 531 743 575 ista
764 531 880 576 bona
897 541 940 577 et
954 531 1067 577 mala
1097 537 1316 593 praesentis
1332 554 1411 581 sae-

30 597 119 659 puli
146 599 389 658 promiscue
418 600 584 645 habent
607 601 775 647 boniet
810 603 926 647 mali.
956 604 999 649 Si
1032 603 1201 650 divitias
1234 616 1409 666 optant,

31 667 179 716 vident
194 670 354 715 habere
373 670 544 716 divitias
560 681 603 716 et
617 674 822 732 pessimos
835 674 1034 719 homines
1051 684 1095 720 et
1112 677 1250 722 bonos
1272 678 1413 722 homi-

30 755 105 787 21ae
127 760 137 786 ε
160 741 313 787 vident
333 743 485 799 etiam,
510 744 545 788 si
572 745 803 790 exhorrent
821 756 1123 806 paupertatem
1154 757 1198 792 et
1226 750 1414 795 miserias

28 811 159 874 hujus
190 814 363 870 saeculi,
385 814 583 860 laborare
604 816 648 861 in
678 817 744 861 his
774 818 954 862 miseriis
976 834 1065 863 non
1087 819 1226 864 solum
1250 821 1408 877 bonos,

29 882 102 931 sed
122 883 254 928 etiam
274 884 437 930 malos:
459 894 503 930 et
523 885 677 931 dicunt
698 887 745 931 in
765 887 895 932 corde
917 903 996 933 suo
1009 923 1020 943 ,
1046 891 1147 949 quia
1169 907 1233 935 res
1256 892 1412 937 huma-

28 967 101 1009 nas
122 956 237 1000 Deus
268 971 349 1001 nec
381 957 576 1017 respicit,
612 974 693 1003 nec
726 959 860 1018 regit,
887 959 963 1003 sed
991 961 1168 1005 omnino
1190 963 1235 1006 in
1254 963 1410 1009 intimo

26 1024 217 1086 quodam
239 1026 393 1072 mundi
422 1028 553 1088 hujus
595 1028 735 1073 fundo
772 1028 935 1074 dimisit
959 1045 1038 1074 nos
1072 1032 1242 1076 casibus
1265 1033 1408 1088 volvi,

28 1110 105 1159 pec
125 1095 317 1157 aliquam
339 1098 656 1158 providentiam
679 1100 855 1144 exhibet
877 1101 1018 1145 nobis,
1051 1105 1113 1147 Ac
1135 1118 1211 1162 per
1246 1104 1330 1148 hoc
1362 1105 1411 1148 fit

27 1165 71 1215 in
89 1166 171 1212 illis
192 1178 469 1230 contemptus
489 1171 715 1231 praecepti,
742 1172 844 1232 quia
866 1188 957 1217 non
977 1172 1128 1219 vident
1159 1175 1408 1220 manifesta-

27 1235 186 1287 fionem
207 1239 375 1298 judicii.

28 1339 49 1352 -.
93 1311 153 1354 Π.
178 1312 492 1356 Verumtamen
512 1312 642 1356 etiam
660 1311 791 1368 modo
809 1311 942 1356 debet
958 1312 1142 1372 quisque
1160 1315 1400 1370 attendere,

25 1379 123 1442 φὴ
141 1381 320 1441 quando
342 1382 435 1426 vult
464 1386 599 1437 Deus,
624 1383 801 1442 respicit
829 1392 872 1426 et
888 1382 1080 1442 judicat3
1106 1393 1148 1428 et
1169 1385 1223 1428 ad
1256 1386 1405 1429 horam

24 1463 112 1499 non
142 1450 292 1496 differt
315 1471 324 1497 2
350 1454 527 1513 quando
549 1461 695 1496 autem
716 1452 833 1507 vult,
874 1452 1037 1496 differt.
1066 1456 1122 1497 Et
1151 1454 1267 1498 unde
1295 1456 1408 1500 hoc?

24 1520 130 1582 Quia
146 1522 181 1567 si
197 1538 425 1584 nunquam
442 1525 488 1567 in
506 1523 705 1583 praesenti
716 1523 948 1583 judicaret,
970 1539 1057 1568 non
1076 1540 1164 1568 esse
1184 1528 1295 1570 Deus
1311 1542 1405 1570 cre-

24 1590 196 1641 {eretur
219 1612 230 1639 ε
255 1595 290 1639 si
312 1595 459 1640 omnia
479 1595 526 1638 in
548 1595 749 1653 praesenti
763 1595 1005 1653 judicaret,
1030 1596 1139 1639 nihil
1154 1596 1321 1655 judicio
1336 1612 1403 1640 re-

24 1672 220 1712 επεν-εἲ.
245 1663 316 1708 Ad
334 1664 420 1708 hoc
441 1664 558 1707 enim
595 1663 733 1707 multa
755 1673 980 1708 servantur
998 1665 1163 1722 judicio
1181 1699 1190 1717 ,
1216 1675 1259 1708 et
1280 1682 1400 1724 qute-

25 1730 120 1782 hm
152 1734 198 1778 in
229 1734 459 1793 praesentia
488 1732 741 1793 judicantur
755 1766 766 1786 ,
802 1741 853 1775 ut
894 1731 956 1775 illi
991 1733 1066 1790 qui
1109 1732 1373 1778 differuntur
1388 1770 1400 1790 ,

0 1837 1 1850 i
25 1801 220 1860 heaut,
250 1813 294 1848 et
314 1812 640 1849 convertantur.
662 1805 760 1849 Non
777 1803 893 1846 enim
913 1811 1028 1846 amat
1046 1806 1157 1847 Deus
1179 1804 1399 1860 damnare,

0 1866 1 1933 l
24 1875 94 1922 ud
110 1874 275 1919 salvare
294 1894 303 1920 :
323 1875 476 1919 etideo
492 1875 660 1933 patiens
675 1882 739 1917 est
760 1875 804 1917 in
827 1873 980 1925 malos,
999 1882 1047 1917 ut
1065 1874 1119 1917 de
1139 1875 1259 1919 malis
1277 1875 1402 1922 saciat

23 1941 168 1995 brios.
185 1944 271 1991 Sed
288 1944 395 1990 dicit
409 1944 664 2004 Apostolus,
685 1944 788 2003 quia
808 1942 1070 1987 revelabitur
1087 1944 1147 1987 ira
1175 1946 1246 1988 Dei
1274 1962 1401 2005 super

25 2027 191 2070 *nem
210 2017 522 2078 impietatem1‚
540 2025 583 2060 et
605 2014 756 2060 reddet
776 2018 888 2060 Deus
910 2015 1144 2075 unicuique
1161 2017 1399 2063 secundum

25 2096 147 2148 mera
156 2086 494 2132 sua2.Admonet
504 2095 648 2131 autem
660 2095 702 2129 et
711 2085 888 2144 corripit
897 2085 1112 2129 hominem
1124 2097 1399 2133 contemnen-

26 2162 108 2216 ῌΙι
123 2176 135 2203 :
152 2167 196 2203 et
216 2158 347 2203 dicit:
368 2177 389 2200 «
402 2161 471 2203 An
487 2158 657 2202 divitias
676 2157 878 2201 bonitatis
900 2165 942 2200 et
957 2156 1292 2214 longanimitatis
1306 2162 1395 2218 ejus

26 2215 317 2290 ss›oentemnis
330 2229 345 2255 ³
359 2231 378 2273 i>
393 2247 413 2270 »
433 2228 545 2282 Quia
566 2227 708 2272 bonus
722 2236 786 2271 est
807 2227 851 2271 in
871 2236 929 2279 te,
945 2227 1044 2286 quia
1062 2227 1318 2286 longanimis
1334 2240 1397 2275 est

27 2295 149 2363 ᾒῒε,
172 2300 276 2360 quia
296 2300 464 2360 patiens
486 2309 549 2344 est
569 2300 614 2343 in
636 2309 700 2354 te,
721 2299 823 2359 quia
846 2297 990 2342 ditl'ert
1015 2307 1054 2341 te
1087 2308 1126 2342 et
1151 2315 1238 2343 non
1256 2301 1396 2345 aufert

27 2374 86 2427 D,
115 2372 382 2427 contemnis,
407 2380 451 2416 et
476 2371 656 2415 omnino
689 2370 859 2414 nullum
879 2368 1090 2428 judicium
1124 2371 1199 2413 Dei
1236 2381 1358 2429 putas
1385 2391 1394 2416 ε

29 2439 276 2500 qignorans
292 2442 394 2503 quia
412 2442 619 2502 patientia
644 2441 716 2485 Dei
740 2440 792 2484 ad
811 2440 1110 2499 ptenitentiani
1138 2449 1178 2483 te
1190 2440 1365 2484 adducit
1382 2444 1397 2481 ’ἐ

27 2522 65 2555 Ιἶ
79 2513 143 2557 Tu
165 2521 310 2558 autem
325 2511 567 2558 secundum
584 2511 789 2556 duritiam
803 2509 942 2556 cordis
967 2510 1026 2554 tui
1048 2510 1302 2555 thesaurizas
1322 2513 1396 2555 tibi

69 2601 78 2621 ¹
98 2598 188 2630 Rom.
207 2608 231 2638 ι,
250 2597 300 2632 ι8.
321 2613 362 2621 -
379 2603 391 2621 ²
412 2598 458 2630 ld.
479 2608 514 2638 ιι,
528 2596 562 2628 6.
582 2594 756 2628 -31bid.
779 2595 812 2636 4.
1122 2650 1166 2684 21
