1924 3309
436 265 518 303 122
871 273 906 304 s.
941 273 1173 306 Auens‘nm
1204 277 1386 306 muscom

437 358 458 383 «
491 340 594 400 quia
611 339 860 385 confundor
877 341 922 385 in
937 341 1075 387 vohis.
1100 360 1120 384 »
1141 341 1278 387 Malos
1294 343 1412 387 enim
1439 342 1573 398 filios,
1596 356 1651 386 ne
1672 341 1727 387 de
1747 343 1814 387 his
1878 333 1895 400 ,ς’

431 411 687 457 erubescant
702 446 714 466 ‚
738 412 865 457 etiam
884 421 1083 472 parentes
1104 412 1307 458 abdicare
1327 413 1482 458 solent.

488 484 582 527 XL.
609 482 776 527 Deinde
792 484 1046 543 subjungit:
1074 484 1245 529 «Dicite
1262 484 1370 529 mihi
1386 485 1469 529 sub
1487 487 1601 543 Lege
1620 483 1814 529 volentes

433 571 454 596 »
489 569 607 609 esse,
643 558 803 613 Legem
837 570 927 599 non
956 554 1135 599 audistis
1152 557 1197 598 1?
1223 573 1243 597 »
1267 558 1324 600 Et
1356 555 1411 599 de
1442 555 1615 600 duobus
1635 556 1817 616 quidem

429 624 528 670 filiis
545 626 733 670 Abrahae
755 625 875 686 quod
897 624 1027 681 dicit,
1049 624 1174 670 facile
1193 626 1452 685 intelligitur
1477 645 1485 670 :
1512 641 1613 670 nam
1633 627 1722 686 ipse
1743 627 1815 671 in-

428 706 691 756 terpretatur
712 698 825 742 hanc
842 697 1107 756 allegoriam.
1128 700 1217 742 Hos
1233 698 1348 742 enim
1370 697 1480 742 duos
1499 697 1610 742 filios
1624 698 1816 744 habebat

427 768 673 822 Abraham,
713 783 813 812 cum
849 767 939 811 duo
969 770 1243 812 Testamenta
1265 769 1503 826 significata
1539 777 1641 812 sunt
1656 772 1687 812 ².
1714 772 1815 813 Post
1888 779 1890 786 ’

426 848 611 882 mortem
630 847 774 883 autem
795 841 910 883 Sarae
925 874 937 893 ,
958 855 1069 899 quos
1090 838 1145 883 de
1163 839 1244 883 alia
1267 855 1401 884 uxore
1419 840 1586 898 genuit,
1603 855 1692 884 non
1713 855 1814 898 per·
1883 863 1886 883 s

427 909 568 953 tinent
603 908 659 953 ad
695 910 809 953 hanc
845 910 1220 969 significationem.
1247 912 1302 954 Et
1336 909 1434 954 ideo
1471 909 1598 954 multi
1625 908 1815 968 legentes
1883 915 1886 926 ¹

427 979 686 1038 Apostolum
703 1015 714 1035 ,
741 980 904 1024 librum
944 990 1090 1025 autem
1113 982 1328 1025 Geneseos
1350 982 1624 1039 ignorantes,
1658 991 1816 1040 putant

427 1048 539 1094 solos
558 1051 758 1094 habuisse
787 1050 897 1095 duos
924 1051 1036 1096 filios
1059 1051 1294 1096 Abraham.
1321 1054 1414 1096 Hoc
1436 1066 1538 1109 ergo
1560 1051 1673 1096 solos
1693 1067 1815 1096 com-

426 1131 639 1166 memorat
660 1121 894 1180 Apostolus
909 1157 920 1177 ,
943 1123 1045 1182 quia
1067 1121 1180 1166 solos
1203 1123 1347 1166 adhuc
1364 1122 1578 1177 habebat,
1602 1137 1702 1166 cum
1720 1123 1814 1167 haec
1886 1170 1889 1184 Δ

426 1192 771 1249 significarentur
785 1228 797 1247 ,
821 1209 921 1252 quae
948 1203 1266 1253 consequenter
1288 1193 1464 1252 exponit
1485 1213 1493 1237 ε
1516 1192 1636 1252 quod
1658 1192 1732 1237 ille
1759 1192 1815 1237 de

426 1262 581 1306 ancilla
604 1279 704 1322 quae
731 1266 846 1323 Agar
867 1264 1127 1319 vocabatur,
1162 1266 1296 1308 Vetus
1328 1266 1653 1307 Testamentum
1676 1263 1812 1322 signi-

426 1333 526 1377 ficat
547 1368 557 1387 ,
577 1332 623 1377 id
642 1343 705 1378 est
724 1335 937 1394 populum
957 1336 1121 1379 Veteris
1152 1335 1441 1389 Testamenti,
1463 1344 1640 1393 propter
1656 1335 1813 1394 jugum

425 1403 577 1447 servile
591 1404 829 1448 carnalium
843 1406 1214 1461 observationum,
1229 1415 1272 1449 et
1289 1406 1496 1464 promissa
1513 1414 1698 1459 terrena,
1714 1405 1812 1464 qui·
1873 1398 1891 1467 ’1

429 1474 509 1517 bus
541 1474 721 1530 irretiti,
748 1485 791 1519 et
813 1492 913 1535 quae
935 1475 1241 1520 tantummodo
1264 1484 1484 1533 sperantes
1509 1475 1564 1518 de
1586 1478 1673 1519 Deo
1691 1510 1702 1529 ,
1725 1490 1814 1520 non

426 1542 718 1588 admittuntur
735 1545 788 1589 ad
813 1545 1111 1590 haereditatem
1134 1545 1370 1604 spiritalem
1395 1544 1581 1588 coelestis
1604 1545 1814 1603 patrimo-

427 1614 503 1657 nii.
529 1617 626 1660 Non
658 1625 803 1660 autem
840 1617 1021 1672 sufficit,
1055 1616 1176 1676 quod
1212 1615 1267 1659 de
1289 1614 1425 1658 libera
1448 1630 1582 1659 uxore
1602 1624 1729 1659 natus
1751 1625 1814 1659 est

429 1688 568 1739 Isaac,
602 1685 657 1729 ad
685 1685 1015 1743 significandum
1048 1685 1261 1745 populum
1288 1685 1508 1729 haeredem
1537 1686 1640 1730 novi
1664 1689 1813 1730 Testa-

427 1756 585 1800 menti:
611 1756 685 1800 sed
705 1757 801 1815 plus
826 1758 894 1801 hic
915 1757 1051 1811 valet,
1078 1756 1197 1816 quod
1220 1756 1463 1800 secundum
1485 1756 1810 1815 promissionem

425 1835 552 1869 natus
573 1836 651 1870 est.
686 1826 764 1870 Ille
786 1837 931 1870 autem
959 1837 1002 1871 et
1021 1827 1075 1871 de
1098 1826 1253 1871 ancilla
1277 1827 1519 1871 secundum
1541 1842 1716 1871 carnem
1733 1861 1745 1882 ‚
1770 1837 1814 1871 et

426 1896 634 1941 delibera
652 1898 768 1941 nasci
789 1898 934 1956 potuit
949 1897 1192 1942 secundum
1215 1914 1413 1953 carnem,
1440 1899 1552 1942 sicut
1572 1898 1628 1942 de
1651 1898 1813 1943 Cethu-

426 1984 493 2021 ra,
518 1984 648 2027 quam
673 1978 819 2027 postea
842 1968 968 2012 duxit
989 1969 1228 2024 Abraham,
1255 1985 1345 2014 non
1367 1969 1608 2013 secundum
1633 1969 1813 2028 promis—

424 2039 604 2091 sionem,
622 2040 697 2083 sed
718 2041 961 2083 secundum
983 2054 1157 2083 carnem
1174 2040 1360 2098 suscepit
1383 2038 1493 2083 filios
1508 2041 1538 2083 ³.
1558 2043 1675 2084 Isaac
1694 2040 1810 2084 enim

425 2108 679 2153 mirabiliter
707 2120 833 2154 natus
850 2120 914 2154 est
935 2126 1011 2169 per
1034 2111 1406 2168 repromissionem
1422 2145 1433 2165 ,
1458 2126 1559 2154 cum
1581 2110 1709 2155 ambo
1730 2126 1808 2170 pa-

425 2189 566 2224 rentes
591 2180 844 2224 senuissent.
876 2180 1006 2233 Quod
1037 2180 1071 2224 si
1098 2180 1198 2224 data
1234 2196 1310 2239 per
1342 2180 1599 2239 Apostolum
1621 2181 1805 2235 fiducia,

424 2266 510 2309 qua
532 2250 641 2295 duos
662 2250 759 2295 illos
775 2251 1005 2309 allegorice
1023 2249 1297 2309 accipiendos
1312 2251 1576 2309 apertissime
1597 2251 1805 2305 ostendit,

422 2320 610 2365 voluerit
627 2322 781 2382 aliquis
796 2322 1140 2367 etiamCethurae
1159 2321 1267 2366 filios
1282 2322 1326 2365 in
1348 2322 1491 2382 aliqua
1511 2337 1654 2366 rerum
1672 2322 1807 2380 figura

423 2390 670 2436 futurarum
703 2393 913 2450 inspicere
932 2408 943 2436 .·
967 2394 984 2449 (
1005 2407 1093 2451 non
1122 2393 1238 2435 enim
1267 2390 1425 2436 frustra
1448 2393 1502 2436 de
1524 2392 1684 2437 talibus
1706 2408 1806 2451 per-

423 2461 537 2505 sonis
559 2460 930 2507 administratione
953 2462 1134 2521 Spiritus
1155 2466 1291 2507 sancti
1314 2463 1404 2506 haec
1427 2472 1540 2522 gesta
1564 2463 1805 2522 conscripta

474 2566 480 2581 ¹
504 2559 605 2592 Galat.
627 2570 671 2600 iv,
694 2569 747 2592 21.
765 2577 805 2584 ——
827 2567 838 2582 2
859 2561 939 2593 Gen.
963 2571 1027 2600 xxi,
1055 2572 1081 2591 1.
1102 2577 1143 2582 —
1165 2559 1177 2583 3
1198 2561 1244 2592 Id.
1262 2571 1340 2598 xxv,
1362 2572 1389 2592 1.
