1924 3309
482 288 536 328 40
913 301 945 327 s.
982 298 1212 327 AUGUSTINI
1243 299 1425 327 muscom

475 366 710 412 videntiam
742 366 881 409 carnis
904 366 947 409 in
969 365 1327 424 concupiscentiis
1349 364 1467 409 facit.
1499 382 1519 407 «
1551 365 1767 417 Quoniam
1787 366 1862 425 qui

481 456 501 480 »
535 436 715 481 seminat
735 437 780 479 in
802 450 930 479 carne
952 451 1044 490 sua,
1063 434 1117 478 de
1132 450 1259 479 carne
1281 444 1433 479 mettet
1455 436 1781 494 corruptionem
1797 438 1857 491 ¹,»

477 506 523 551 id
545 515 634 561 est,
660 506 735 565 qui
757 504 1116 549 delectationibus
1139 504 1383 549 carnalibus
1407 504 1581 563 gaudet.

536 577 781 620 LXXVIII.
803 574 932 628 Quod
955 583 1099 619 autem
1120 574 1248 619 dicit:
1272 576 1534 618 «Infirmum
1554 583 1699 619 autem
1721 575 1765 619 in
1778 575 1865 620 fide

481 667 502 690 »
537 647 714 707 recipite
729 681 740 702 ,
765 662 855 691 non
877 645 1262 706 dijudicationibus
1285 646 1596 704 cogitationum
1608 649 1641 701 ²,
1660 664 1680 687 »
1693 646 1776 691 hoc
1799 645 1867 690 di-

478 719 537 764 cit
554 753 564 773 ,
590 727 640 761 ut
671 732 771 761 eum
793 717 868 777 qui
890 717 1087 760 infirmus
1108 717 1152 760 in
1175 716 1262 760 fide
1283 725 1368 772 est,
1394 716 1671 776 recipiamus,
1698 725 1741 761 et
1763 732 1866 762 nos—

477 799 543 835 tra
564 789 768 834 firmitate
796 788 1091 832 infirmitatem
1114 788 1204 847 ejus
1232 788 1518 832 sustineamus
1537 823 1548 843 ,
1580 803 1724 848 neque
1747 787 1865 848 diju-

477 859 670 904 dicemus
698 858 981 916 cogitationes
1008 858 1124 917 ejus,
1155 857 1201 902 id
1231 867 1320 912 est,
1346 858 1469 918 quasi
1492 856 1603 901 ferre
1627 857 1865 902 audeamus

476 929 735 975 sententiam
760 928 814 972 de
837 928 977 973 alieno
999 927 1151 983 corde,
1178 928 1298 988 quod
1316 943 1404 973 non
1424 927 1637 973 videmus.
1671 927 1776 973 Ideo
1798 944 1865 972 se-

476 1001 647 1061 quitur,
689 1008 732 1043 et
753 1000 858 1044 dicit
885 1018 894 1044 :
929 1018 948 1041 ι(
974 998 1095 1043 Alius
1117 998 1297 1058 quidem
1321 998 1459 1043 credit
1480 998 1747 1043 manducare
1771 1014 1868 1043 om-

477 1089 497 1112 »
534 1071 633 1114 nia:
663 1069 739 1129 qui
761 1077 906 1113 autem
928 1069 1127 1113 infirmus
1147 1078 1211 1113 est:
1231 1104 1241 1121 ,
1270 1068 1364 1114 olus
1388 1069 1672 1113 manducetss.
1707 1086 1727 1110 »
1754 1070 1866 1122 Quia

476 1140 551 1186 illo
571 1143 660 1201 jam
687 1150 882 1199 tempore
911 1140 1039 1184 multi
1056 1141 1147 1199 jam
1173 1140 1287 1184 firmi
1307 1142 1353 1184 in
1374 1139 1484 1196 fide,
1518 1149 1561 1184 et
1584 1140 1767 1185 scientes
1798 1156 1866 1185 se-

476 1210 672 1256 cundum
694 1210 952 1254 sententiam
976 1210 1171 1264 Domini,
1197 1225 1288 1254 non
1311 1209 1631 1254 commaculare
1660 1225 1707 1254 ea
1722 1245 1733 1265 ,
1768 1227 1867 1270 quae

477 1283 523 1326 in
545 1298 590 1327 os
609 1282 789 1335 intrant,
815 1280 891 1324 sed
913 1297 1012 1340 quae
1030 1290 1214 1335 exeunt,
1234 1281 1536 1325 indifferenter
1553 1281 1786 1326 sumebant
1807 1282 1869 1326 ci-

477 1353 557 1397 bos
579 1351 694 1396 salva
717 1351 977 1395 conscientia
992 1352 1007 1375 ⁴
1031 1370 1039 1395 :
1067 1350 1248 1410 quidam
1267 1366 1371 1395 vero
1394 1352 1650 1396 infirmiores
1676 1351 1869 1397 abstine-

479 1424 585 1467 bant
608 1437 632 1465 a
653 1421 857 1465 carnibus
883 1430 924 1464 et
943 1436 966 1463 a
982 1421 1106 1473 vino,
1134 1435 1188 1463 ne
1210 1419 1280 1464 vel
1302 1421 1538 1465 nescientes
1558 1422 1802 1467 inciderent
1822 1423 1867 1466 in

480 1509 529 1537 ea
550 1508 649 1552 quae
673 1490 798 1536 idolis
827 1491 1196 1535 sacrificabantur.
1221 1491 1372 1535 Omnis
1394 1491 1509 1534 enim
1540 1501 1645 1536 tunc
1669 1492 1869 1537 immola-
1922 1501 1924 1535 i

480 1563 573 1607 titia
590 1576 692 1606 caro
708 1562 754 1604 in
776 1560 957 1605 macello
974 1558 1263 1615 vendebatur,
1285 1569 1328 1604 et
1350 1559 1404 1604 de
1426 1561 1626 1619 primitiis
1647 1562 1736 1607 vini
1753 1562 1868 1608 liba-
1922 1555 1924 1575 ³

482 1635 588 1677 bant
610 1634 769 1675 Gentes
787 1631 1024 1675 simulacris
1047 1630 1133 1674 suis
1151 1665 1162 1685 ,
1188 1639 1230 1674 et
1253 1630 1454 1691 quaedam
1483 1632 1528 1675 in
1549 1632 1650 1691 ipsis
1674 1633 1867 1681 torcula-

477 1704 597 1747 ribus
620 1702 826 1746 sacrificia
849 1701 1081 1746 faciebant.
1108 1703 1131 1743 J
1137 1700 1241 1744 ubet
1266 1716 1369 1759 ergo
1389 1701 1623 1760 Apostolus
1642 1712 1685 1748 et
1705 1704 1772 1749 his
1792 1705 1868 1765 qui

477 1773 592 1818 salva
613 1771 872 1816 conscientia
905 1770 1066 1814 talibus
1090 1769 1303 1814 alimentis
1326 1771 1590 1827 utebantur,
1626 1789 1717 1818 non
1745 1790 1867 1834 sper-

477 1858 579 1888 nere
603 1842 899 1886 infirmitatem
932 1839 1106 1884 illorum
1145 1841 1220 1900 qui
1254 1856 1297 1885 se
1322 1857 1345 1885 a
1367 1841 1528 1888 talibus
1551 1844 1657 1888 cibis
1694 1854 1737 1889 et
1758 1855 1867 1905 potu

480 1912 783 1958 abstinebant:
810 1919 852 1954 et
888 1909 971 1953 illis
1007 1910 1214 1965 infirmis,
1251 1926 1306 1955 ne
1334 1927 1404 1956 eos
1437 1914 1513 1972 qui
1549 1915 1753 1960 carnibus
1777 1932 1867 1960 non

482 1983 785 2036 abstinebant,
812 1990 855 2025 et
876 1981 1025 2025 vinum
1056 1981 1289 2036 bibebant,
1314 1991 1522 2042 tanquam
1540 1984 1678 2043 pollui
1692 1986 1867 2045 judica-

481 2063 593 2098 rent.
620 2051 689 2097 Ad
709 2052 793 2096 hoc
814 2050 929 2096 valet
950 2051 1068 2111 quod
1089 2061 1405 2111 consequenter
1427 2053 1532 2098 dicit
1554 2073 1561 2098 :
1590 2074 1609 2096 «
1635 2056 1720 2109 Qui
1741 2072 1867 2101 man-

481 2144 501 2168 »
539 2124 686 2179 ducat,
702 2138 791 2167 non
808 2120 1146 2166 manducantem
1164 2138 1252 2167 non
1270 2133 1443 2182 spernat
1460 2145 1470 2180 3
1489 2126 1621 2185 etqui
1639 2141 1727 2170 non
1744 2143 1869 2171 man-

483 2214 502 2236 »
539 2195 691 2249 ducat,
717 2192 1054 2237 manducantem
1077 2208 1167 2237 non
1183 2191 1390 2252 judicet⁵.
1407 2212 1426 2235 ³>
1453 2195 1589 2239 Firmi
1610 2197 1725 2240 enim
1745 2197 1868 2241 infir-

482 2266 635 2310 miores
670 2264 985 2309 contumaciter
1017 2265 1358 2310 contemnebant
1380 2301 1391 2321 ,
1435 2276 1477 2311 et
1518 2268 1678 2312 infirmi
1720 2271 1866 2316 firmos

482 2345 644 2379 temere
660 2334 930 2394 judicabant.

553 2407 753 2450 LXXIX.
797 2405 923 2459 Quod
946 2414 1090 2450 autem
1112 2405 1216 2449 dicit
1239 2424 1246 2450 z
1278 2425 1297 2448 «
1326 2409 1390 2450 Tu
1413 2408 1509 2467 quis
1533 2423 1575 2452 es
1598 2410 1673 2469 qui
1697 2409 1866 2469 judices

483 2495 503 2518 »
540 2476 730 2520 alienum
747 2478 977 2521 servumss‘?
997 2495 1016 2518 »
1037 2475 1106 2521 Ad
1128 2478 1210 2521 hoc
1233 2476 1360 2533 dicit,
1386 2487 1435 2522 ut
1451 2478 1496 2522 in
1513 2479 1578 2523 his
1602 2480 1748 2537 rebus,
1765 2498 1866 2543 quae

549 2579 558 2595 ¹
577 2572 645 2605 Gal.
663 2583 711 2614 vi,
730 2572 761 2605 8.
791 2579 861 2595 —-²
893 2575 1069 2615 Itoni.x1v,
1101 2584 1129 2604 ι.
1158 2590 1190 2596 -
1220 2571 1233 2596 3
1255 2573 1335 2606 lbid.
1362 2583 1393 2607 2.
1427 2592 1461 2598 —
1484 2574 1499 2604 l,
1516 2576 1636 2609 Matth.
1661 2588 1716 2619 xv,
1746 2589 1796 2619 ¹7·
1825 2594 1865 2602 -

486 2627 500 2650 5
516 2631 607 2662 Rom.
627 2639 693 2670 xiv,
716 2629 746 2661 3.
768 2646 808 2652 —
823 2627 979 2669 611›i‹t.4.
