1924 3309
465 287 548 324 326
906 290 939 319 s.
977 290 1207 318 Auensnm
1242 290 1421 318 zmscom

466 381 486 403 >›
523 359 718 414 Esurivi‚
747 367 790 402 et
807 373 897 402 non
916 355 1093 400 dedistis
1115 353 1221 397 mihi
1247 353 1526 398 manducare.
1550 371 1572 394 »
1598 355 1686 398 Aut
1707 354 1742 398 si
1769 354 1849 399 ali·
1867 342 1873 414 ⁴3*

462 430 572 493 quid
593 429 816 474 invenistis
837 429 883 471 in
904 427 1106 471 thesauro
1127 424 1230 476 isto,
1245 432 1321 468 aut
1344 423 1508 484 aliquid
1526 423 1713 479 misistis,
1728 425 1869 483 cogi-v

462 512 579 558 tate,
605 510 649 545 et
669 500 877 544 reddetur
904 496 1041 541 vobis.
1075 493 1159 539 Sed
1180 509 1407 554 nunquam
1423 503 1489 552 te,
1512 494 1718 554 inquiunt
1738 495 1850 554 ipsi,

463 573 651 619 vidimus
684 570 961 614 esurientem.
995 569 1052 610 Et
1081 564 1154 609 ille
1178 583 1188 610 :
1228 583 1248 606 «
1278 563 1466 617 Quando
1486 564 1565 608 uni
1586 579 1637 608 ex
1662 565 1852 611 minimis

466 663 486 685 »
522 643 627 686 meis
647 656 736 684 non
756 638 937 692 fecistis,
970 652 1051 680 nec
1073 635 1180 679 mihi
1200 635 1374 679 fecistis.
1398 652 1419 676 »
1445 637 1576 680 Forte
1598 635 1714 679 enim
1751 636 1852 680 ideo

464 714 571 758 mihi
594 727 684 756 non
706 709 928 753 faciebatis
943 742 954 763 ‚
974 707 1077 767 quia
1095 706 1226 750 mein
1249 714 1360 749 terra
1379 704 1603 750 ambulare
1624 721 1714 750 non
1728 705 1853 751 vide-

463 785 604 829 batis?
632 785 736 826 Tam
758 779 860 823 mali
881 778 980 822 estis
996 813 1006 833 ‚
1032 786 1082 822 ut
1102 777 1136 820 si
1157 776 1374 831 videretis,
1401 776 1512 820 sicut
1525 774 1668 820 Judaei
1683 777 1862 822 crucifi-x

466 854 636 913 geretis.
664 850 804 895 Hodie
825 850 940 893 enim
962 848 1065 892 mali
1094 847 1291 891 homines
1307 881 1318 902 ‚
1344 846 1421 905 qui
1442 854 1678 902 conantur,
1701 846 1736 891 si
1763 847 1819 890 fie
1843 847 1857 895 'j

463 922 624 985 posset,
650 938 741 967 non
764 936 854 965 esse
876 920 1073 965 ecclesias
1097 919 1174 962 ubi
1203 918 1285 962 illis
1319 917 1613 977 praedicentur
1642 927 1831 978 praecept
1856 968 1858 970 ,
1897 954 1901 961 .

464 996 564 1050 Dei,
585 1008 732 1038 nonne
753 1001 795 1036 et
817 992 960 1051 ipsum
982 991 1206 1036 Christum
1228 988 1498 1045 occiderent,
1523 989 1559 1033 si
1580 989 1626 1032 in
1646 997 1760 1034 terra
1790 989 1833 1034 vi

463 1074 639 1110 ventem
678 1063 954 1107 invenirent?
979 1061 1063 1107 Sed
1085 1060 1310 1104 audebunt
1344 1060 1487 1104 dicere
1504 1095 1514 1115 ‚
1557 1061 1679 1120 quasi
1695 1059 1759 1104 illi
1781 1059 1859 1120 qui

466 1135 628 1179 nesciat
650 1133 933 1190 cogitationes
962 1132 1192 1176 hominum
1213 1150 1223 1176 2
1247 1131 1429 1175 Domine
1443 1165 1453 1185 ‚
1478 1129 1656 1190 quando
1679 1139 1722 1174 te
1743 1129 1861 1175 vidi-

466 1220 563 1249 mus
577 1203 837 1247 esurientem
853 1204 870 1246 Ρ
893 1205 950 1246 Et
969 1201 1059 1257 ille,
1080 1201 1263 1254 Quando
1284 1201 1361 1244 uni
1381 1215 1431 1243 ex
1445 1200 1633 1245 minimis
1647 1200 1754 1244 meis
1769 1201 1871 1250 non}

464 1274 640 1328 fecistis,
656 1288 736 1317 nec
753 1273 859 1317 mihi
874 1272 1050 1317 fecistis.
1077 1271 1281 1316 Minimos
1298 1285 1416 1315 meos
1434 1279 1608 1330 egentes
1629 1265 1871 1331 posueram.

467 1345 590 1390 vobis
604 1345 650 1387 in
662 1353 774 1387 terra
792 1362 800 1388 ε
817 1358 896 1401 ego
913 1351 1123 1402 tanquam
1145 1349 1298 1400 caput,
1320 1340 1450 1396 dicet,
1469 1341 1515 1384 in
1529 1340 1642 1385 coelo
1659 1334 1869 1385 sedebant*

468 1415 525 1460 ad
541 1415 764 1459 dexteram
781 1414 932 1469 Patris,
955 1412 1032 1457 sed
1053 1412 1248 1456 membra
1266 1427 1362 1455 mea
1381 1412 1426 1455 in
1443 1419 1556 1456 terra
1572 1410 1858 1468 laborabant}

470 1487 668 1531 membra
697 1501 792 1530 mea
814 1486 860 1529 in
882 1496 996 1529 terra
1019 1483 1205 1542 egebant
1223 1505 1235 1542 3
1265 1483 1471 1527 membris
1492 1484 1597 1527 meis
1614 1483 1794 1538 daretis,
1819 1474 1866 1533 et}

471 1556 526 1601 ad
560 1565 690 1616 caput
721 1555 967 1615 perveniret
997 1556 1117 1614 quod
1141 1554 1314 1598 daretis.
1340 1556 1397 1597 Et
1418 1553 1579 1597 sciretis
1601 1554 1703 1614 quia
1734 1542 1865 1614 minig

471 1643 565 1671 mos
588 1642 705 1670 meos
724 1636 900 1685 egentes
918 1625 1096 1686 quando
1114 1625 1267 1669 vobis
1257 1640 1303 1667 m
1323 1633 1437 1667 terra
1458 1624 1613 1683 posui,
1637 1623 1842 1669 laturario

472 1697 595 1742 vobis
617 1697 812 1749 institui,
839 1697 914 1754 qui
937 1711 1067 1753 opera
1089 1704 1230 1737 vestra
1246 1694 1292 1736 in
1317 1694 1568 1737 thesaurum
1590 1708 1736 1737 meum
1759 1627 1867 1864 por}

469 1775 645 1810 tar-:ent
671 1764 807 1808 nihil
798 1781 843 1807 in
865 1779 1018 1808 eorum
1035 1764 1236 1808 manibus
1256 1761 1472 1823 posuistiS,
1493 1772 1723 1823 propterea
1745 1627 1867 1864 apu}

472 1853 542 1881 me
569 1836 678 1879 nihil
704 1835 941 1878 invenistis.

531 1909 584 1950 V.
616 1910 737 1949 Tunc
760 1920 862 1964 ergo
884 1920 973 1948 non
995 1903 1159 1958 silebit,
1185 1903 1260 1947 sed
1282 1903 1545 1963 apparebit.
1570 1903 1669 1950 ideo
1695 1904 1816 1950 dictu

471 1986 561 2029 est
592 1995 612 2018 «
649 1978 747 2021 Non
769 1975 988 2019 silebit.»
1021 1974 1154 2018 Modo
1194 1982 1337 2017 autem
1361 1973 1466 2018 dicit
1487 1973 1598 2018 illud
1621 1978 1777 2021 Lector
1808 1974 1838 2021 d

468 2046 641 2101 codice,
667 2055 710 2089 et
732 2045 1064 2090 contemnitur.
1055 2063 1062 2072 ·
1088 2044 1193 2088 dicit
1228 2043 1339 2088 illud
1361 2045 1416 2089 de
1436 2060 1512 2090 ore
1541 2061 1620 2090 suo
1655 2054 1812 2091 tractat

470 2127 545 2162 aut
567 2117 810 2176 disputator
832 2117 1099 2175 Episcopus,
1127 2124 1169 2158 et
1190 2114 1409 2158 irridetur
1436 2116 1664 2176 Numquid
1685 2117 1744 2161 sic
1765 2116 1837 2161 irri

470 2190 562 2232 deri
585 2189 743 2243 habet,
769 2187 946 2247 quando
970 2187 1056 2230 ab
1047 2202 1138 2246 lpso
1155 2186 1305 2245 judice
1336 2187 1638 2245 potentissimo
1662 2186 1832 2232 dicetur

473 2278 493 2300 «
532 2259 836 2318 Unusquisque
858 2258 1035 2317 recipiet
1052 2255 1172 2316 quod
1196 2255 1312 2311 fecit,
1333 2257 1502 2300 bonum
1519 2257 1606 2301 sive
1621 2236 1855 2370 malumhi

473 2331 595 2372 Tunc
609 2329 767 2372 dicturi
786 2337 887 2372 sunt
905 2328 1100 2372 homines
1115 2342 1207 2370 sera
1224 2335 1266 2370 et
1282 2292 1553 2372 infructuosa
1570 2236 1855 2388 poenitentia}

471 2400 507 2442 Ο
523 2400 553 2442 si
574 2415 793 2458 possemus
811 2400 968 2443 iterum
985 2398 1144 2451 vivere,
1158 2406 1200 2440 et
1212 2396 1332 2457 quod
1349 2399 1687 2458 contempsimus
1703 2226 1854 2540 audii}

468 2477 511 2512 et
532 2468 688 2513 tacere
711 2472 832 2514 Tunc
857 2469 1003 2514 dicent
1034 2468 1095 2513 illi
1112 2483 1257 2527 ,quos
1278 2483 1329 2512 ex
1364 2468 1543 2515 adverso
1579 2478 1832 2515 constituun

1915 479 1924 1572 :a—fflffl———ffl—Qfld—-mffi---.—ssv

520 2567 659 2598 Ι’.2601
681 2577 713 2607 v,
735 2577 785 2599 ιο
