1867 3320
0 2270 6 2368 ἑ

0 2383 5 2443 1

233 280 372 308 sEaMO
403 279 498 318 ΧΠ,
532 279 579 307 m
612 279 683 307 :013
715 280 747 318 1,
783 267 826 317 6,
862 278 915 306 ΕΤ
946 275 1112 308 ΜΑΤΤΗ.
1147 281 1192 319 v,
1228 270 1267 308 8.
1354 271 1438 310 283

59 345 259 392 diabolus
279 359 368 390 esse
396 345 443 388 in
462 343 607 389 medio
641 353 890 390 sanctorum
912 344 1179 403 Angelorum
1209 347 1345 390 Deum
1369 347 1438 392 vi-

60 416 260 462 dentium
278 451 289 472 ,
309 431 386 476 per
406 430 516 476 quos
537 415 707 461 audiret
726 430 878 461 vocem
901 415 979 459 Dei
999 449 1010 470 ,
1035 429 1166 475 quem
1183 415 1329 461 videre
1349 418 1439 477 ipse

55 501 144 532 non
162 495 318 546 posset.

111 559 233 601 VIII.
259 559 316 601 Et
338 556 689 601 machinamenta
711 555 891 616 quidem
910 555 1253 601 Manichaeorum
1273 591 1284 611 ‚
1305 572 1442 617 quan·

25 671 35 677 ,
55 637 149 673 tum
171 627 226 672 ad
253 628 367 672 hanc
398 627 682 687 quaestionem
705 627 894 687 pertinet
914 662 925 682 ‚
957 625 1107 671 multis
1139 625 1278 670 modis
1302 626 1442 672 soluta

55 712 144 742 esse
171 698 413 757 perspicitis
430 732 440 752 ,
471 706 522 741 ut
545 713 635 742 non
661 699 750 757 jam
774 697 937 757 putetis
953 732 963 751 ,
996 696 1233 741 charissimi
1265 695 1440 753 fratres,

54 783 154 814 vere
181 767 407 813 diabolum
442 769 500 813 sic
537 768 734 813 locutum
762 783 852 812 esse
876 783 975 813 cum
998 771 1090 812 Deo
1107 803 1118 823 ,
1147 777 1198 812 ut
1225 768 1354 812 etiam
1376 766 1443 812 fa-

54 839 164 884 ciem
187 839 398 895 veritatis,
424 855 555 899 quarn
578 855 686 899 pura
711 839 843 884 corda
861 839 1140 899 conspiciunt
1157 875 1168 895 ‚
1193 839 1340 883 videre
1362 855 1444 899 po-

54 911 208 968 tuerit3
224 920 298 955 aut
315 910 370 955 ad
384 911 503 955 illam
521 910 936 970 contemplationem
952 910 1235 956 beatitudinis
1256 912 1440 966 venerit,

53 997 144 1042 quo
161 996 291 1026 nemo
313 982 394 1026 nisi
414 997 493 1041 per
514 983 750 1026 Dominum
773 985 920 1026 Jesum
937 982 1159 1026 Christum
1183 982 1329 1026 venire
1350 998 1446 1041 per-

53 1052 256 1098 mittitur.
295 1051 380 1097 Sed
400 1062 547 1096 tamen
580 1052 772 1097 multum
794 1051 984 1097 admiror
1008 1054 1239 1097 hominum
1263 1054 1444 1097 istorum

53 1123 395 1183 impudentiam,
428 1124 505 1183 qui
530 1123 584 1167 de
610 1124 777 1168 visione
806 1123 1059 1169 substantiae
1088 1124 1247 1168 divinae
1283 1124 1446 1169 calum-

54 1194 163 1238 niari
180 1194 306 1238 nobis
327 1192 499 1248 volunt,
515 1203 559 1238 et
580 1193 623 1237 id
645 1194 767 1254 quod
789 1194 1000 1254 scriptum
1022 1211 1114 1240 non
1135 1204 1199 1239 est
1220 1194 1275 1239 de
1299 1195 1444 1254 Scrip-

54 1265 162 1309 turis
179 1266 339 1309 nostris
359 1264 650 1320 mentiuntur,
672 1264 794 1325 quod
812 1268 952 1310 Deum
971 1264 1172 1310 diabolus
1193 1264 1350 1309 viderit
1369 1286 1379 1322 3
1404 1274 1447 1309 et

53 1345 220 1381 tantam
238 1336 340 1380 hinc
362 1336 569 1380 invidiam
594 1337 785 1381 conflare
806 1346 1023 1382 conantur
1038 1372 1049 1391 ‚
1075 1346 1124 1381 ut
1150 1337 1346 1397 quisquis
1369 1352 1444 1381 ex·-

54 1406 300 1461 horruerit,
334 1415 377 1450 et
395 1405 625 1464 indignum
649 1422 739 1451 esse
754 1406 1014 1467 judicaverit
1029 1417 1079 1451 ut
1101 1406 1301 1452 diabolus
1321 1406 1444 1451 vide-

55 1477 109 1522 rit
131 1480 270 1521 Deum
287 1512 298 1533 ,
320 1477 494 1537 penitus
517 1493 540 1521 a
560 1477 805 1522 divinarum
827 1479 1148 1538 scripturarum
1172 1479 1443 1534 auctoritate,

53 1548 283 1608 suspiciosa
313 1549 558 1608 ignorantia
578 1564 667 1594 non
693 1549 940 1609 intelligens
963 1550 1083 1610 quod
1115 1551 1323 1610 scriptum
1347 1559 1408 1594 est
1430 1585 1440 1605 ,

53 1629 272 1665 avertatur
294 1639 302 1665 :
341 1636 441 1665 cum
463 1621 543 1680 ipsi
565 1621 800 1666 Dominum
834 1631 1029 1666 nostrum
1054 1624 1200 1666 Jesum
1223 1622 1443 1667 Christum

52 1693 193 1735 Deum
217 1706 309 1735 esse
332 1706 422 1736 non
446 1701 608 1751 negent
625 1727 635 1747 ‚
662 1701 706 1736 et
722 1693 813 1736 sine
836 1693 1129 1753 assumptione
1151 1693 1331 1736 humani
1347 1708 1445 1737 cor-

53 1763 168 1822 poris
191 1777 291 1806 eum
313 1763 566 1808 hominihus
590 1765 837 1824 apparuisse
852 1765 1118 1823 confingant.

111 1835 189 1874 IX.
209 1833 396 1882 Quando
418 1849 521 1887 crgo
543 1834 746 1874 diabolus
769 1844 938 1874 tentare
962 1851 1090 1874 ausus
1107 1843 1171 1874 est
1193 1836 1443 1886 Dominum,

0 1916 1 1919 ¹
54 1915 154 1946 cum
176 1915 277 1944 eum
299 1899 496 1953 videret,
537 1899 614 1959 qui
644 1898 854 1942 videbat?
879 1899 920 1943 Si
949 1914 1106 1958 corpus
1128 1901 1218 1960 ojus
1241 1901 1443 1956 videbat,

54 1971 244 2016 habebat
266 1985 369 2028 ergo
392 1969 601 2014 Dominus
623 1984 781 2028 corpus
798 2004 808 2023 ‚
841 1968 962 2028 quod
985 1968 1142 2013 nolunt
1162 1970 1317 2029 perditi
1341 1982 1447 2016 con-

0 2078 1 2082 ,
54 2041 180 2086 fiteri.
209 2040 251 2085 Si
269 2049 416 2084 autem
439 2054 597 2098 corpus
620 2054 708 2083 non
731 2039 938 2093 habebat,
964 2039 1055 2097 ipsa
1074 2038 1220 2084 divina
1241 2041 1444 2086 substau-

0 2119 1 2150 1
55 2113 114 2158 tia
145 2111 308 2157 diaboli
339 2111 475 2156 oculis
493 2111 745 2171 subjacebat
768 2130 775 2155 :
798 2125 930 2170 quam
954 2126 1042 2155 non
1067 2110 1215 2155 vident
1236 2147 1246 2166 ,
1266 2113 1346 2155 nisi
1368 2115 1445 2173 qui

0 2200 9 2228 ι,

55 2198 166 2245 puro
201 2192 302 2227 sunt
334 2182 493 2238 corde,
519 2183 630 2227 sicut
661 2198 711 2226 ex
742 2181 979 2242 Evangelio
1010 2182 1134 2226 nobis
1159 2182 1237 2242 ipsi
1259 2198 1447 2228 comme-

56 2263 242 2299 morant.
268 2255 305 2297 Ο
324 2254 573 2313 importuna
593 2254 761 2297 caecitas
779 2253 1081 2297 haeretieorum
1105 2254 1111 2295 ἶ
1140 2255 1230 2297 Cur
1255 2255 1447 2314 Scriptu-

57 2339 123 2369 ras
161 2334 353 2379 nostras,
396 2324 517 2385 quod
551 2327 688 2369 Deum
723 2324 921 2369 diabolus
957 2323 1140 2378 viderit,
1180 2324 1447 2370 mendacitor

59 2396 227 2454 arguisf,
251 2404 294 2439 et
309 2394 510 2453 negando
532 2410 689 2455 corpus
707 2396 892 2449 Christi,
918 2394 1109 2438 divinam
1134 2396 1226 2455 ojus
1249 2396 1446 2441 substau-

0 2461 8 2523 ᾖ
58 2465 160 2510 tiam
181 2465 343 2510 diaboli
367 2465 502 2509 oculis
519 2466 741 2526 publicare
765 2465 873 2509 velle
896 2465 1164 2509 convinceris
1183 2468 1200 2509 P
1223 2470 1289 2510 Αιι
1317 2466 1441 2520 torto,

0 2538 11 2581 i
58 2537 166 2581 sicut
183 2536 325 2581 dicere
347 2536 512 2591 solent,
538 2537 594 2581 ita
621 2552 708 2582 non
730 2537 917 2580 babebat
936 2551 1091 2596 corpus
1115 2538 1373 2589 humanum,
1395 2547 1441 2581 ut

60 2620 104 2651 se
139 2616 283 2651 tamen
306 2608 427 2666 quasi
461 2608 620 2652 habero
652 2610 946 2653 monstraret?
977 2608 1082 2660 Quis
1106 2623 1208 2665 vrgo
1232 2608 1372 2651 verius
1401 2618 1438 2650 vt
