1867 3320
352 273 491 305 sumo
521 276 640 317 1111,
673 278 728 306 nn
760 277 905 309 vnnms
935 279 1072 322 muz,
1107 286 1136 311 1.
1346 275 1430 314 523

735 452 1433 479 mmmmm

526 575 756 623 SERMO
807 578 937 625 XLII
947 577 977 623 ¹.

59 737 122 779 De
139 749 191 779 eo
205 732 326 795 quod
345 734 554 794 scriptum
571 743 634 779 est
647 736 691 780 in
710 738 836 792 IsaTa,
851 752 945 797 cap.
965 757 980 782 1
998 757 1006 784 :
1029 740 1138 800 Quo
1152 738 1271 784 mihi
1289 742 1437 787 multi-

119 803 330 863 tudinem
343 805 690 865 sacrificiorum
707 804 998 852 vestrorum?
1008 811 1063 854 Et
1078 810 1123 854 in
1134 810 1242 856 Psal.
1256 830 1432 858 cxxx1x.

117 859 296 919 Lz·b}¹ra
312 889 405 930 me,
427 873 654 927 Domine,
681 873 744 920 ab
766 877 899 921 omni
913 876 1057 924 malo.

103 1020 140 1062 1.
150 1019 246 1062 Eoo
256 1052 268 1072 ‚
287 1015 463 1072 fratres,
473 1018 584 1061 vires
597 1033 749 1076 parvas
759 1020 902 1064 habeo
913 1054 924 1074 ,
944 1020 1018 1064 sed
1031 1021 1211 1065 verbum
1223 1024 1301 1066 Dei
1317 1038 1439 1082 mag-

57 1103 134 1132 nas
155 1087 306 1131 habet.
329 1086 482 1131 Valeat
504 1087 549 1130 in
571 1087 774 1131 cordibus
795 1089 961 1133 vestris.
982 1092 1095 1147 Ergo
1118 1100 1160 1134 et
1183 1092 1303 1150 quod
1324 1092 1439 1137 lente

57 1156 258 1212 dicimus,
272 1155 400 1200 valde
417 1155 575 1200 auditis
586 1191 597 1210 ‚
613 1156 647 1200 si
669 1156 931 1201 obedieritis.
953 1161 1174 1218 Tanquam
1189 1175 1264 1219 per
1279 1162 1438 1206 nubem

57 1241 195 1281 suam,
220 1241 297 1285 per
325 1228 482 1269 Isa‘iam
509 1226 766 1285 prophetam
790 1228 998 1271 Dominus
1020 1229 1163 1272 tonuit
1183 1248 1191 1274 :
1213 1230 1247 1272 si
1267 1246 1439 1275 sensum

58 1297 243 1352 habetis,
262 1296 505 1355 expavistis.
524 1296 752 1340 Manifeste
771 1298 886 1340 enim
907 1297 1029 1353 dixit,
1053 1314 1132 1342 nec
1155 1301 1439 1358 expositorem

58 1366 224 1411 habent
253 1366 332 1409 ista
354 1365 667 1420 necessarium,
703 1366 778 1410 sed
801 1365 1023 1411 factorem.
1060 1387 1079 1410 «
1106 1371 1202 1421 Quo
1226 1370 1352 1422 mihi,
1379 1371 1440 1414 in-

61 1453 83 1478 »
119 1436 229 1496 quit,
262 1434 590 1478 multitudinem
623 1436 928 1480 sacrificiorum
963 1441 1256 1482 vestrorum‘2?
1295 1457 1315 1480 »
1336 1440 1440 1492 Quis

60 1506 177 1550 enim
211 1505 440 1566 exquisivit
472 1505 551 1549 ista
576 1505 630 1549 de
652 1505 852 1550 manibus
883 1508 1058 1551 vestris?
1088 1511 1198 1552 Deus
1228 1525 1305 1553 nos
1325 1525 1440 1570 quae-

61 1577 138 1632 rit,
164 1591 253 1621 non
271 1586 433 1621 nostra.
458 1575 541 1620 Sed
560 1576 816 1620 sacrificium
836 1578 1066 1622 Christiani
1085 1588 1147 1623 est
1170 1579 1441 1638 eleemosyna

60 1646 106 1689 in
127 1660 379 1705 pauperem.
408 1645 519 1689 Hinc
540 1646 653 1688 enim
679 1646 727 1689 fit
752 1649 862 1690 Deus
886 1648 1069 1705 peccatis
1097 1650 1320 1708 propitius.
1355 1650 1439 1693 Nisi

62 1724 207 1759 autem
239 1714 424 1774 peccatis
455 1714 665 1772 propitius
701 1716 776 1757 fiat
811 1718 945 1768 Deus,
976 1718 1071 1774 quis
1104 1728 1298 1761 remanet
1315 1752 1325 1765 ,
1364 1719 1441 1761 nisi

62 1786 187 1830 reus?
208 1785 276 1829 Ab
299 1784 357 1828 eis
378 1783 563 1843 peccatis
585 1792 628 1827 et
644 1781 809 1827 delictis
824 1819 835 1837 ,
861 1785 952 1827 sine
971 1786 1128 1844 quibus
1151 1787 1236 1830 vita
1262 1787 1338 1831 ista
1356 1803 1442 1832 non

63 1856 260 1910 ducitur,
280 1853 549 1898 mundantur
565 1853 762 1897 homines
778 1869 854 1913 per
876 1853 1168 1912 eleemosynas
1192 1876 1200 1901 ;
1223 1873 1322 1916 quse
1345 1868 1444 1902 sunt

62 1924 249 1970 duorum
266 1938 491 1983 generum,
511 1922 732 1982 erogando
745 1932 788 1967 et
800 1924 1077 1982 remittendo,
1093 1926 1309 1983 erogando
1327 1927 1446 1985 quod

62 1995 198 2039 habes
222 1995 411 2048 bonum,
435 1991 697 2037 remittendo
718 1992 838 2052 quod
859 1994 1013 2051 pateris
1040 1994 1216 2038 malum.
1241 1997 1341 2039 Haee
1355 1996 1445 2040 duo

65 2078 221 2123 genera
243 2063 617 2120 eleemosynarum
641 2062 849 2106 Dominus
870 2063 1068 2121 magister
1082 2064 1235 2117 bonus,
1253 2066 1327 2124 qui
1350 2080 1446 2108 ver—

65 2132 174 2177 bum
192 2132 402 2177 breviavit
422 2146 553 2192 super
574 2140 756 2187 terram,
784 2141 831 2176 ut
846 2142 954 2176 esset
970 2132 1239 2177 fructuosum
1256 2169 1267 2187 ,
1294 2143 1335 2177 et
1358 2149 1446 2178 non

67 2217 298 2248 onerosum
313 2237 325 2257 ,
347 2216 481 2262 quam
499 2200 687 2246 breviter
701 2200 831 2246 fuerit
848 2202 1110 2261 complexus,
1127 2202 1271 2247 audite
1294 2222 1302 2247 :
1327 2223 1346 2244 «
1368 2206 1447 2247 Re-

70 2290 91 2314 »
127 2271 301 2326 mittite,
316 2271 474 2330 inquit,
495 2270 797 2315 eti-emittetur
811 2271 954 2327 vobis,
979 2270 1099 2326 date,
1120 2282 1161 2315 et
1184 2272 1358 2315 dabitur
1377 2287 1447 2316 vo·

72 2359 92 2384 »
122 2342 230 2387 bis³.
250 2341 496 2396 Remittite‚
515 2350 558 2385 et
575 2341 799 2386 remitetur
820 2341 957 2395 vobis,
979 2359 997 2382 »
1022 2343 1205 2401 pertinet
1231 2342 1283 2386 ad
1304 2343 1448 2400 ignos-

70 2409 256 2456 cendum
282 2430 291 2456 ε
320 2430 341 2453 «
365 2413 488 2466 Date,
514 2420 556 2455 et
578 2409 755 2456 dabitur
774 2411 912 2465 vobis,
939 2430 956 2451 υ
981 2412 1165 2470 pertinet
1194 2411 1246 2454 ad
1263 2427 1448 2471 erogan-

71 2479 192 2525 dum.
206 2482 268 2524 Ex
282 2479 352 2524 illa
362 2478 651 2537 eleemosyna,
666 2496 752 2542 qua
766 2480 946 2538 ignoscis
961 2480 1122 2525 homini
1134 2515 1144 2535 ,
1159 2480 1264 2525 nihil
1286 2480 1445 2540 perdis.

121 2583 128 2600 ¹
149 2576 232 2609 Alias
245 2585 289 2618 29
308 2587 346 2609 ex
363 2575 503 2610 Homiliis
521 2575 574 2609 50.
595 2591 634 2600 —
651 2583 669 2600 ⁸
683 2578 756 2610 Iuni.
778 2588 799 2616 1,
826 2587 876 2609 ιι.
892 2592 932 2600 -
951 2574 962 2599 ³
986 2576 1061 2609 Luc,
1083 2586 1128 2616 vi,
1154 2578 1206 2616 37,
1230 2576 1279 2607 38.
