1867 3320
331 224 469 251 SERMO
500 223 625 263 xxm,
661 225 714 252 DE
747 225 893 254 vnnms
923 226 1076 259 psum
1107 233 1215 262 xcw.
1380 229 1458 268 391

89 288 202 343 dixi,
238 287 508 342 Christianus
537 289 712 334 dubitat
748 305 877 336 nemo
903 311 911 336 :
937 293 1038 352 quia
1069 310 1157 340 non
1193 299 1331 346 solum
1352 305 1468 350 Deus

89 358 251 404 creavit
272 359 461 417 primum
482 359 726 415 hominem,
766 375 816 405 ex
843 377 932 421 quo
960 377 1109 408 omnes
1134 366 1354 426 homines,
1395 375 1470 419 sed

90 431 204 473 Deus
225 428 444 487 hodieque
460 438 578 472 creat
593 429 784 487 singulos
804 431 1022 489 homines,
1041 433 1113 477 ille
1127 436 1203 495 qui
1222 438 1280 482 ait
1300 442 1471 488 cuidam

89 508 239 543 sancto
272 513 350 543 suo
377 518 385 542 2
415 517 435 539 «
461 499 585 542 Prius
619 514 752 558 quam
789 510 832 544 te
854 500 1088 547 formarem
1117 504 1162 548 in
1196 515 1346 565 utero,
1370 514 1471 558 novi

92 587 113 611 »
149 578 192 614 te
206 571 235 612 ¹.
265 587 285 610 »
314 569 437 613 Prius
460 583 561 626 ergo
583 570 745 614 creavit
761 571 984 617 hominem
1005 573 1096 617 sine
1117 574 1291 622 homine
1305 613 1317 635 ,
1342 582 1472 628 modo

89 649 207 684 creat
224 640 446 684 hominem
468 655 519 683 ex
537 640 728 685 homine.
751 643 915 686 Tamen
926 642 1015 687 sive
1036 645 1258 691 hominem
1276 648 1366 694 sine
1390 652 1474 697 ho-

90 710 208 754 mine
235 729 243 754 :
274 710 363 754 sive
384 710 606 754 hominem
640 726 691 754 ex
711 711 909 768 homine,
949 716 1044 773 Ipse
1060 713 1163 760 fecit
1184 732 1262 762 nos
1278 753 1289 773 ,
1322 728 1364 764 et
1388 735 1478 767 non

89 781 170 840 ipsi
193 796 287 825 nos.
309 779 379 825 Ad
405 781 537 825 istum
560 781 709 842 itaque
735 783 926 842 primum
955 785 1187 831 verborum
1223 788 1405 835 istorum
1434 802 1478 837 et

90 850 263 896 facilem
286 867 477 907 sensum,
491 851 567 896 sed
579 861 726 897 tamen
742 868 911 909 verum,
930 873 949 896 «
973 856 1200 901 adoremus
1217 873 1333 915 eum,
1349 877 1370 902 »
1391 860 1477 906 fra-

89 931 203 978 tres,
234 942 253 965 «
284 932 327 967 et
343 932 670 983 prosternamur
688 925 753 979 ei,
785 933 828 968 et
857 924 1076 984 ploremus
1112 936 1211 972 ante
1241 929 1477 977 Dominum

92 1011 113 1035 »
148 994 224 1053 qui
243 1010 320 1039 nos
344 992 461 1040 fecit.
490 1013 510 1036 n
536 997 632 1041 Non
656 995 774 1039 enim
806 993 932 1050 fecit,
966 1005 1009 1039 et
1035 995 1194 1042 deserit
1217 1017 1227 1042 :
1253 1014 1342 1044 non
1363 1001 1480 1046 enim

89 1065 258 1110 curavit
280 1065 420 1110 facere
439 1101 449 1121 ,
476 1075 519 1110 et
541 1081 630 1110 non
659 1075 784 1110 curat
819 1065 1052 1111 custodire.
1083 1086 1103 1110 «
1131 1067 1354 1114 Ploremus
1381 1080 1482 1116 ante

91 1153 112 1177 »
148 1136 402 1191 Dominum,
423 1137 499 1197 qui
517 1152 595 1181 nos
610 1136 737 1181 fecit:
757 1155 777 1177 »
794 1137 896 1197 quia
911 1152 1000 1181 non
1016 1137 1279 1196 ploravimus
1301 1140 1479 1200 quando

88 1222 166 1251 nos
205 1205 334 1261 fecit,
360 1217 564 1252 ettamen
589 1206 705 1252 fecit.
731 1207 817 1260 Qui
839 1223 942 1266 ergo
964 1207 1067 1252 fecit
1089 1218 1320 1270 antequam
1351 1227 1478 1271 roga—

88 1286 224 1332 retur,
243 1277 401 1321 deserit
418 1293 518 1322 cum
536 1279 739 1337 rogatur?
754 1280 979 1339 Tanquam
992 1294 1095 1338 ergo
1112 1279 1330 1325 dubitaret
1346 1282 1479 1329 homo

87 1358 236 1392 utrum
256 1349 534 1393 exaudiretur
555 1364 710 1404 orans,
738 1349 966 1394 admonuit
988 1365 1088 1394 eum
1115 1351 1354 1410 Scriptura,
1375 1368 1476 1398 cum

84 1418 191 1463 dicit
219 1438 227 1462 :
252 1437 271 1460 «
294 1418 519 1463 Ploremus
534 1428 634 1462 ante
655 1419 914 1475 Dominum,
939 1421 1015 1480 qui
1039 1435 1116 1465 nos
1139 1419 1254 1466 fecit.
1274 1440 1294 1463 »
1316 1423 1476 1484 Utique

86 1490 262 1534 exaudit
284 1505 394 1550 quos
424 1488 528 1535 fecit
559 1509 566 1534 :
603 1491 756 1552 utique
784 1507 873 1536 non
895 1501 1038 1552 potest
1066 1508 1155 1537 non
1188 1508 1340 1538 curare
1367 1509 1477 1555 quos

85 1560 205 1606 fecit.

147 1634 202 1675 II.
229 1633 543 1676 Verumtamen
564 1631 716 1677 altiore
737 1632 989 1688 intellectu,
1025 1642 1096 1689 et,
1121 1642 1336 1694 quantum
1365 1635 1477 1680 exis-

85 1702 218 1756 timo,
246 1702 419 1746 utiliore
437 1737 447 1757 ,
481 1701 591 1747 vidit
624 1701 835 1762 quosdam
863 1704 1045 1762 Spiritus
1076 1713 1248 1749 sanctus
1284 1704 1477 1750 dicentes

84 1772 152 1816 vel
173 1772 381 1825 dicturos,
403 1772 524 1830 quod
543 1776 656 1817 Deus
680 1773 830 1818 fecerit
852 1789 924 1818 eos
938 1775 1152 1829 homines,
1168 1775 1307 1834 justos
1330 1784 1475 1820 autem

84 1842 166 1901 ipsi
188 1857 232 1886 se
254 1843 415 1885 faciant
439 1860 448 1885 ι
471 1841 672 1900 praevidit
685 1856 779 1895 eos,
806 1844 1032 1888 admonuit
1055 1860 1126 1889 eos
1140 1881 1151 1899 ,
1170 1854 1213 1889 et
1232 1845 1288 1889 ab
1304 1845 1387 1889 hac
1404 1861 1478 1889 ex-

84 1911 281 1957 tollentia
307 1912 524 1956 revocavit
558 1927 646 1967 eos,
667 1910 831 1965 dicens,
855 1914 950 1970 Ipse
970 1910 1072 1955 fecit
1093 1928 1192 1967 nos,
1231 1923 1274 1957 et
1295 1930 1384 1959 non
1400 1916 1478 1974 ipsi

84 1998 178 2027 nos.
195 1985 337 2036 Quare
355 1983 468 2025 enim
489 1981 658 2026 addidit
677 2000 687 2025 ι
710 1984 800 2025 «Et
821 1996 910 2025 non
928 1981 1008 2040 ipsi
1022 1996 1121 2036 nos,
1146 1999 1166 2022 »ι
1185 1997 1284 2025 cum
1297 1984 1475 2028 suffice-

83 2064 148 2098 ret
163 2053 307 2097 dicere
328 2072 336 2096 :
359 2072 377 2093 «
401 2055 496 2111 Ipse
519 2052 623 2096 fecit
646 2054 754 2095 nos?
772 2070 790 2092 »
812 2051 891 2095 nisi
914 2052 1015 2111 quia
1034 2051 1150 2095 illam
1168 2051 1378 2096 facturam
1398 2068 1477 2098 vo-

81 2123 166 2169 luit
188 2123 424 2168 admonere
441 2158 452 2178 ,
475 2123 551 2166 ubi
573 2123 728 2166 dicunt
743 2122 963 2176 homines,
992 2123 1076 2181 Ipsi
1097 2120 1275 2166 fecimus
1297 2138 1402 2178 nos,
1427 2122 1472 2167 id

83 2204 173 2250 est,
198 2204 245 2238 ut
256 2194 359 2255 justi
382 2209 588 2247 essemus,
604 2195 743 2254 justos
767 2208 844 2237 nos
867 2193 999 2236 libera
1023 2192 1247 2236 voluntate
1266 2191 1470 2238 fecimus:

82 2266 261 2328 quando
278 2265 441 2310 conditi
464 2280 611 2310 sumus
630 2300 640 2320 ,
665 2264 854 2308 liberum
875 2264 1098 2307 arbitrium
1125 2263 1395 2322 accepimu33
1422 2273 1471 2308 ut

83 2352 185 2396 ergo
202 2338 307 2396 justi
336 2338 491 2382 simus,
530 2336 669 2380 libero
690 2334 735 2379 id
766 2335 943 2379 arbitrio
972 2334 1153 2393 agimus.
1181 2334 1299 2387 Quid
1331 2335 1477 2379 adhuc

84 2411 221 2454 Deum
246 2409 520 2463 invocamus,
545 2416 594 2450 ut
605 2408 745 2466 justos
768 2420 844 2449 nos
868 2404 1018 2460 faciat,
1055 2404 1175 2464 quod
1195 2404 1405 2448 habemus
1429 2405 1472 2449 in

83 2487 319 2538 potestate,
338 2487 387 2521 ut
406 2493 482 2521 nos
505 2478 584 2536 ipsi
594 2478 732 2535 justos
750 2474 986 2520 faciamus?
1006 2474 1187 2529 Audite,
1213 2473 1358 2519 audite
1384 2493 1392 2519 z
1414 2476 1469 2518 Et

134 2572 141 2587 ¹
164 2567 283 2596 Jerem.
310 2577 330 2603 ι,
351 2564 381 2595 3.
