1867 3320
302 325 440 353 summ
472 326 621 364 xxxix,
659 328 710 354 nr.
745 328 887 355 venais
921 329 1224 360 ecelinsiisncr.
1363 326 1440 362 505

75 393 260 454 quisque
296 392 527 436 salubriter
569 394 742 450 cogitet.
784 395 1072 440 Misericordia
1100 400 1173 441 Dei
1209 409 1296 453 est,
1343 404 1443 461 quia

76 462 213 507 nescit
231 463 362 506 homo
385 461 562 522 quando
583 462 806 507 moriatur.
836 467 957 508 Latet
976 465 1151 512 ultimus
1173 468 1276 524 dies,
1297 479 1344 514 ut
1366 472 1444 515 ob-

75 542 300 577 serventur
322 547 471 576 omnes
494 530 597 575 dies.

135 606 191 646 11.
227 602 307 648 Sed
334 612 452 646 tenet
481 602 691 657 mundus,
724 602 938 648 illecebrae
962 606 1298 667 circumquaque
1322 610 1444 653 blan—

74 674 283 731 diuntur3
308 672 495 717 delectat
522 674 720 732 pecuniae
752 675 1032 733 magnitudo,
1058 676 1241 722 delectat
1275 680 1447 724 honoris

74 744 241 804 fulgor,
267 744 456 789 delectat
477 746 683 804 potentiae
705 755 841 790 terror
866 766 874 791 :
901 746 1116 792 delectant
1146 749 1251 806 ista3
1275 749 1349 793 sed
1372 766 1447 793 au-

73 814 217 860 diatur
237 814 471 875 Apostolus
498 835 506 860 :
539 834 558 857 «
582 816 698 861 Nihil
735 816 959 861 intulimus
983 819 1027 861 in
1051 819 1168 863 hunc
1208 820 1443 866 muudum:

75 905 96 927 »
116 887 191 930 sed
213 901 293 930 nee
315 885 485 930 auferre
507 886 611 946 quid
629 902 854 945 possumus
873 890 932 931 ¹.»
952 890 1099 932 Honor
1122 899 1162 932 te
1184 889 1312 933 debet
1331 907 1447 949 qum-

71 971 179 1011 rere‚
195 972 284 1001 non
302 966 350 1001 tu
372 957 529 1016 ipsum.
543 957 681 1001 Debes
703 957 816 1000 enirn
837 958 882 1000 in
903 958 1001 1002 loco
1025 958 1240 1001 humiliori
1259 959 1447 1003 discum-

72 1026 195 1081 bere,
221 1036 271 1070 ut
294 1027 370 1087 qui
394 1036 435 1070 te
452 1027 664 1080 invitavit,
683 1027 872 1070 faeiatte
896 1027 950 1070 ad
969 1028 1284 1071 honoratiorem
1306 1030 1445 1073 locum

71 1096 304 1140 ascendere
318 1101 349 1140 ².
375 1098 415 1141 Si
440 1106 582 1140 autem
606 1096 795 1140 noluerit
811 1132 821 1150 ,
844 1096 919 1140 ubi
944 1098 1179 1151 recumbis,
1207 1099 1413 1142 manduca
1437 1119 1444 1142 ;

70 1167 172 1227 quia
195 1168 303 1210 nihil
324 1167 507 1211 intulisti
528 1168 573 1210 in
592 1169 708 1211 hunc
730 1167 958 1212 mundum.
974 1172 1128 1212 Parum
1152 1179 1212 1212 est
1237 1170 1327 1222 tibi,
1347 1171 1445 1228 quia

72 1236 126 1280 de
145 1236 285 1280 alieno
309 1237 569 1280 manducas?
595 1238 823 1280 Discumbe
855 1238 1132 1297 ubicumque,
1155 1248 1196 1281 et
1218 1240 1440 1281 manduca.

71 1308 274 1352 Dicturus
296 1322 339 1351 es
357 1342 368 1362 ,
392 1310 454 1350 De
476 1322 588 1351 meo.
615 1308 729 1350 Audi
752 1308 1025 1365 Apostolum:
1051 1328 1068 1349 «
1087 1309 1198 1352 Nihil
1223 1309 1445 1352 intulimus

76 1398 94 1420 »
130 1379 174 1422 in
197 1379 316 1422 hunc
339 1376 608 1421 mundum.»
630 1378 697 1421 Ad
714 1376 928 1421 mundum
946 1378 1112 1430 venisti,
1134 1378 1301 1436 plenam
1328 1394 1445 1422 men-

71 1463 160 1493 sam
183 1448 400 1492 invenisti.
418 1466 437 1488 «
463 1447 546 1492 Sed
562 1448 733 1491 Domini
755 1456 817 1490 est
834 1456 943 1490 terra
967 1456 1008 1490 et
1029 1447 1253 1505 plenitudo
1276 1449 1406 1505 ejus³.
1425 1468 1440 1486 η

142 1521 223 1562 III.
256 1520 409 1564 «Nam
442 1518 518 1578 qui
554 1517 732 1571 volunt,
770 1517 939 1576 inquit,
971 1516 1120 1560 divites
1145 1517 1249 1559 lieri.
1294 1535 1311 1555 »
1352 1520 1444 1560 Nou

70 1588 180 1633 dixit
199 1607 208 1633 ε
234 1588 317 1641 Qui
336 1587 489 1632 divites
511 1596 612 1631 sunt
633 1607 640 1631 :
664 1588 738 1631 sed
754 1621 765 1641 ‚
796 1606 814 1627 «
836 1587 915 1638 Qui
938 1586 1089 1629 volunt
1107 1585 1257 1629 divites
1280 1588 1367 1629 lieri
1394 1607 1399 1630 :
1425 1607 1441 1625 n

70 1660 327 1719 cupiditates
349 1660 593 1712 accusavit,
614 1674 702 1702 non
726 1657 965 1702 facultates.
985 1677 1002 1697 «
1026 1657 1108 1709 Qui
1127 1657 1277 1699 volunt
1297 1656 1445 1700 dixin-s

72 1748 93 1772 »
128 1730 219 1774 fieri
235 1765 246 1784 ‚
272 1730 474 1774 incidunt
495 1728 841 1772 intentationem
866 1736 908 1770 et
929 1726 1136 1769 desideria
1163 1726 1291 1769 multa
1318 1727 1443 1769 stulta

73 1817 93 1840 »
128 1809 171 1842 et
193 1800 318 1842 noxia
334 1834 345 1851 ‚
366 1815 466 1858 quae
487 1808 691 1855 mergunt
712 1798 908 1841 homines
932 1796 974 1839 in
998 1797 1218 1839 interitum
1242 1806 1283 1839 et
1303 1796 1445 1854 perdi-

73 1888 93 1911 »
128 1868 336 1914 tionem⁴.
357 1886 377 1908 »
405 1868 593 1911 Pecunia
617 1865 828 1917 delectat,
850 1864 926 1907 ista
955 1880 1042 1907 non
1063 1867 1184 1908 times
1202 1869 1219 1907 Ρ
1240 1869 1355 1909 Boua
1387 1881 1448 1908 res

71 1949 134 1984 est
155 1939 355 1999 pecunia,
377 1939 488 1982 bona
507 1952 572 1981 res
587 1945 650 1982 est
667 1950 820 1994 magna
837 1934 1061 1993 peeunia.«
1084 1934 1284 1976 Incidunt
1299 1936 1339 1976 iu
1361 1944 1446 1977 tvn-

74 2028 95 2052 η
133 2011 369 2055 tationem:
402 2028 421 2049 »
446 2010 541 2054 Non
568 2008 727 2051 times?
754 2026 772 2047 «
798 2009 846 2048 In
865 2004 1070 2048 desideria
1092 2003 1226 2046 multa
1251 2003 1441 2046 incidunt

75 2099 95 2123 »
131 2081 261 2125 stulta
275 2089 318 2124 et
329 2080 454 2124 noxia
473 2098 481 2123 :
497 2080 619 2123 »Non
638 2078 783 2120 times?
797 2075 1008 2119 Desideria
1026 2089 1112 2132 quo
1130 2074 1290 2116 diu-unt
1301 2108 1310 2121 ,
1328 2074 1440 2116 timu.

71 2151 183 2204 Quid
200 2160 279 2205 est,
297 2166 387 2210 quo
403 2149 598 2193 ducunt?
619 2167 638 2189 «
655 2150 763 2200 Quae
784 2144 1173 2203 mergunt‚i11quit‚
1193 2144 1383 2186 hominos
1404 2145 1442 2185 iu

75 2239 95 2262 »
131 2221 355 2266 interitum
378 2230 420 2264 et
439 2218 744 2279 perditionem.
770 2235 788 2256 »
812 2219 863 2259 Et
881 2215 1020 2258 adhuc
1037 2212 1189 2256 surdus
1207 2218 1278 2254 vs?
1302 2214 1444 2254 inu-ri-

74 2301 164 2336 tum
180 2300 222 2335 et
240 2290 527 2350 perditionem
551 2303 638 2331 uon
662 2288 816 2330 times?
836 2286 899 2328 Sic
926 2287 1033 2327 Deus
1056 2292 1189 2334 tonat,
1215 2292 1254 2323 vt
1274 2282 1410 2323 stertis
1429 2287 1444 2323 i*

130 2364 204 2406 IV.
228 2364 444 2406 Caeterum
471 2360 534 2403 his
557 2359 735 2418 quijam
760 2356 909 2399 diviti-s
926 2363 1041 2402 sunt,
1059 2353 1200 2395 mlhut·
1218 2352 1440 2394 consilium

71 2431 194 2476 dedit
206 2431 464 2490 Apostolus:
487 2450 505 2471 ι(
526 2430 734 2487 Praecipe‚
762 2426 913 2484 inquit,
932 2424 1135 2466 divitibus
1154 2422 1439 2479 hujusmundi

75 2520 96 2543 »
130 2517 217 2545 non
238 2501 426 2559 superbe
447 2501 639 2558 sapum-3⁶.
657 2516 675 2537 »
698 2496 856 2540 ermis
880 2493 1121 2536 divitiarum
1146 2491 1339 2548 superbia
1361 2501 1435 2532 «st.

121 2605 129 2620 ¹
154 2609 166 2630 ι
188 2598 269 2630 Tim.
287 2607 380 2638 v1‚7.
416 2603 475 2618 —²
500 2594 729 2630 1.·w.‹1v‚⁶m.
753 2610 788 2614 —-
821 2590 914 2622 '⁴1¹2st
951 2600 1038 2621 um,
1071 2600 1076 2618 ι
1134 2606 1154 2608 η
1187 2587 1223 2617 ἰι
1250 2588 1313 2618 Tun
1347 2597 1385 2619 η,
1402 2603 1419 2617 .,

74 2671 113 2677 -
135 2652 260 2685 51ἰιτο1ἰ.
281 2665 312 2690 v,
337 2664 386 2695 17.
