<?xml version="1.0" encoding="UTF-8"?>
<!DOCTYPE html PUBLIC "-//W3C//DTD XHTML 1.0 Transitional//EN"
    "http://www.w3.org/TR/xhtml1/DTD/xhtml1-transitional.dtd">
<html xmlns="http://www.w3.org/1999/xhtml" xml:lang="en" lang="en">
 <head>
  <title>
</title>
<meta http-equiv="Content-Type" content="text/html;charset=utf-8" />
  <meta name='ocr-system' content='tesseract 3.04.00' />
  <meta name='ocr-capabilities' content='ocr_page ocr_carea ocr_par ocr_line ocrx_word'/>
</head>
<body>
  <div class='ocr_page' id='page_1' title='image "./operaomniaaccura17auguuoft_0013.png"; bbox 0 0 1867 3320; ppageno 0'>
   <div class='ocr_carea' id='block_1_1' title="bbox 104 319 1477 428">
    <p class='ocr_par' dir='ltr' id='par_1_1' title="bbox 104 319 1477 428">
     <span class='ocr_line' id='line_1_1' title="bbox 104 319 1477 428; baseline -0.001 -1"><span class='ocrx_word' id='word_1_1' title='bbox 104 323 208 428; x_wconf 88' lang='lat' dir='ltr'>S.</span> <span class='ocrx_word' id='word_1_2' title='bbox 271 320 604 425; x_wconf 82' lang='lat' dir='ltr'><strong>AUR.</strong></span> <span class='ocrx_word' id='word_1_3' title='bbox 668 319 1477 425; x_wconf 85' lang='lat' dir='ltr'><strong>AUGUSTINI</strong></span> 
     </span>
    </p>
   </div>
   <div class='ocr_carea' id='block_1_2' title="bbox 485 520 1092 562">
    <p class='ocr_par' dir='ltr' id='par_1_2' title="bbox 485 520 1092 562">
     <span class='ocr_line' id='line_1_2' title="bbox 485 520 1092 562; baseline -0.002 -2"><span class='ocrx_word' id='word_1_4' title='bbox 485 522 830 562; x_wconf 81' lang='lat' dir='ltr'><strong>HIPPONENSIS</strong></span> <span class='ocrx_word' id='word_1_5' title='bbox 862 520 1092 560; x_wconf 86' lang='lat' dir='ltr'><strong>EPISCOPI</strong></span> 
     </span>
    </p>
   </div>
   <div class='ocr_carea' id='block_1_3' title="bbox 580 666 999 726">
    <p class='ocr_par' dir='ltr' id='par_1_3' title="bbox 580 666 999 726">
     <span class='ocr_line' id='line_1_3' title="bbox 580 666 999 726; baseline 0 -1"><span class='ocrx_word' id='word_1_6' title='bbox 580 666 999 726; x_wconf 89' lang='lat' dir='ltr'>EXPOSITIO</span> 
     </span>
    </p>
   </div>
   <div class='ocr_carea' id='block_1_4' title="bbox 182 833 1400 900">
    <p class='ocr_par' dir='ltr' id='par_1_4' title="bbox 182 833 1400 900">
     <span class='ocr_line' id='line_1_4' title="bbox 182 833 1400 900; baseline 0.001 -17"><span class='ocrx_word' id='word_1_7' title='bbox 182 833 682 900; x_wconf 82' lang='lat' dir='ltr'>QUARUMDAM</span> <span class='ocrx_word' id='word_1_8' title='bbox 738 836 1400 888; x_wconf 89' lang='lat' dir='ltr'>PROPOSITIONUM</span> 
     </span>
    </p>
   </div>
   <div class='ocr_carea' id='block_1_5' title="bbox 258 991 1311 1267">
    <p class='ocr_par' dir='ltr' id='par_1_5' title="bbox 258 991 1311 1267">
     <span class='ocr_line' id='line_1_5' title="bbox 471 991 1107 1062; baseline 0.003 -5"><span class='ocrx_word' id='word_1_9' title='bbox 471 991 601 1058; x_wconf 78' lang='lat' dir='ltr'>Ex</span> <span class='ocrx_word' id='word_1_10' title='bbox 655 992 1107 1062; x_wconf 84' lang='lat' dir='ltr'>EPISTOLA</span> 
     </span>
     <span class='ocr_line' id='line_1_6' title="bbox 258 1172 1311 1267; baseline 0.004 -10"><span class='ocrx_word' id='word_1_11' title='bbox 258 1175 326 1257; x_wconf 85' lang='lat' dir='ltr'><strong>A</strong></span> <span class='ocrx_word' id='word_1_12' title='bbox 372 1172 443 1257; x_wconf 90' lang='lat' dir='ltr'>D</span> <span class='ocrx_word' id='word_1_13' title='bbox 543 1177 1055 1264; x_wconf 87' lang='lat' dir='ltr'><strong>ROMAN</strong></span> <span class='ocrx_word' id='word_1_14' title='bbox 1102 1180 1174 1264; x_wconf 90' lang='lat' dir='ltr'>O</span> <span class='ocrx_word' id='word_1_15' title='bbox 1222 1183 1311 1267; x_wconf 88' lang='lat' dir='ltr'>S.</span> 
     </span>
    </p>
   </div>
   <div class='ocr_carea' id='block_1_6' title="bbox 98 1375 1484 1398">
    <p class='ocr_par' dir='ltr' id='par_1_6' title="bbox 98 1375 1484 1398">
     <span class='ocr_line' id='line_1_7' title="bbox 98 1375 1484 1398; baseline 0.004 -5"><span class='ocrx_word' id='word_1_16' title='bbox 98 1375 1484 1398; x_wconf 60' lang='lat' dir='ltr'>mmmmmmmmmwmm</span> 
     </span>
    </p>
   </div>
   <div class='ocr_carea' id='block_1_7' title="bbox 519 1504 1043 1564">
    <p class='ocr_par' dir='ltr' id='par_1_7' title="bbox 519 1504 1043 1564">
     <span class='ocr_line' id='line_1_8' title="bbox 519 1504 1043 1564; baseline 0.011 -6"><span class='ocrx_word' id='word_1_17' title='bbox 519 1504 740 1561; x_wconf 86' lang='lat' dir='ltr'>LIBER</span> <span class='ocrx_word' id='word_1_18' title='bbox 789 1504 1043 1564; x_wconf 84' lang='lat' dir='ltr'><strong>UNUS¹.</strong></span> 
     </span>
    </p>
   </div>
   <div class='ocr_carea' id='block_1_8' title="bbox 99 1665 1489 2579">
    <p class='ocr_par' dir='ltr' id='par_1_8' title="bbox 99 1665 1484 1863">
     <span class='ocr_line' id='line_1_9' title="bbox 159 1665 1478 1729; baseline 0.002 -19"><span class='ocrx_word' id='word_1_19' title='bbox 159 1666 316 1710; x_wconf 69' lang='lat' dir='ltr'>Sznsus</span> <span class='ocrx_word' id='word_1_20' title='bbox 331 1665 378 1708; x_wconf 90' lang='lat' dir='ltr'>hi</span> <span class='ocrx_word' id='word_1_21' title='bbox 398 1665 561 1707; x_wconf 88' lang='lat' dir='ltr'>suntin</span> <span class='ocrx_word' id='word_1_22' title='bbox 579 1665 771 1722; x_wconf 85' lang='lat' dir='ltr'>Epistola</span> <span class='ocrx_word' id='word_1_23' title='bbox 793 1665 1087 1724; x_wconf 61' lang='lat' dir='ltr'>adXRomanos</span> <span class='ocrx_word' id='word_1_24' title='bbox 1107 1668 1231 1713; x_wconf 88' lang='lat' dir='ltr'>Pauli</span> <span class='ocrx_word' id='word_1_25' title='bbox 1252 1669 1478 1729; x_wconf 86' lang='lat' dir='ltr'>apostoli².</span> 
     </span>
     <span class='ocr_line' id='line_1_10' title="bbox 99 1731 1484 1798; baseline 0.002 -18"><span class='ocrx_word' id='word_1_26' title='bbox 99 1735 242 1780; x_wconf 88' lang='lat' dir='ltr'>Primo</span> <span class='ocrx_word' id='word_1_27' title='bbox 262 1733 459 1779; x_wconf 90' lang='lat' dir='ltr'>omnium</span> <span class='ocrx_word' id='word_1_28' title='bbox 474 1741 523 1777; x_wconf 91' lang='lat' dir='ltr'>ut</span> <span class='ocrx_word' id='word_1_29' title='bbox 537 1732 722 1793; x_wconf 87' lang='lat' dir='ltr'>quisque</span> <span class='ocrx_word' id='word_1_30' title='bbox 737 1731 953 1792; x_wconf 81' lang='lat' dir='ltr'>intelligat</span> <span class='ocrx_word' id='word_1_31' title='bbox 969 1735 1016 1779; x_wconf 91' lang='lat' dir='ltr'>in</span> <span class='ocrx_word' id='word_1_32' title='bbox 1032 1736 1113 1781; x_wconf 87' lang='lat' dir='ltr'>hac</span> <span class='ocrx_word' id='word_1_33' title='bbox 1131 1738 1326 1796; x_wconf 78' lang='lat' dir='ltr'>Epistola</span> <span class='ocrx_word' id='word_1_34' title='bbox 1348 1754 1484 1798; x_wconf 85' lang='lat' dir='ltr'>quaes-</span> 
     </span>
     <span class='ocr_line' id='line_1_11' title="bbox 100 1802 1016 1863; baseline 0 -14"><span class='ocrx_word' id='word_1_35' title='bbox 100 1805 261 1850; x_wconf 90' lang='lat' dir='ltr'>tionem</span> <span class='ocrx_word' id='word_1_36' title='bbox 282 1804 441 1849; x_wconf 89' lang='lat' dir='ltr'>versari</span> <span class='ocrx_word' id='word_1_37' title='bbox 461 1817 644 1863; x_wconf 87' lang='lat' dir='ltr'>operum</span> <span class='ocrx_word' id='word_1_38' title='bbox 660 1802 765 1861; x_wconf 87' lang='lat' dir='ltr'>legis</span> <span class='ocrx_word' id='word_1_39' title='bbox 786 1812 829 1847; x_wconf 88' lang='lat' dir='ltr'>et</span> <span class='ocrx_word' id='word_1_40' title='bbox 852 1803 1016 1862; x_wconf 83' lang='lat' dir='ltr'>gratiae.</span> 
     </span>
    </p>

    <p class='ocr_par' dir='ltr' id='par_1_9' title="bbox 100 1873 1486 2210">
     <span class='ocr_line' id='line_1_12' title="bbox 173 1873 1484 1933; baseline 0.003 -14"><span class='ocrx_word' id='word_1_41' title='bbox 173 1878 209 1919; x_wconf 93' lang='grc' dir='ltr'>Ι.</span> <span class='ocrx_word' id='word_1_42' title='bbox 235 1874 365 1928; x_wconf 88' lang='lat' dir='ltr'>Quod</span> <span class='ocrx_word' id='word_1_43' title='bbox 387 1882 532 1919; x_wconf 86' lang='lat' dir='ltr'>autem</span> <span class='ocrx_word' id='word_1_44' title='bbox 555 1873 614 1917; x_wconf 90' lang='lat' dir='ltr'>ait</span> <span class='ocrx_word' id='word_1_45' title='bbox 635 1891 643 1917; x_wconf 93' lang='lat'>:</span> <span class='ocrx_word' id='word_1_46' title='bbox 681 1891 702 1914; x_wconf 90' lang='lat'>«</span> <span class='ocrx_word' id='word_1_47' title='bbox 729 1874 980 1918; x_wconf 90' lang='lat' dir='ltr'>Secundum</span> <span class='ocrx_word' id='word_1_48' title='bbox 1004 1875 1212 1933; x_wconf 89' lang='lat' dir='ltr'>Spiritum</span> <span class='ocrx_word' id='word_1_49' title='bbox 1239 1877 1484 1923; x_wconf 81' lang='lat' dir='ltr'>sanetifica-</span> 
     </span>
     <span class='ocr_line' id='line_1_13' title="bbox 104 1943 1486 2007; baseline 0.004 -21"><span class='ocrx_word' id='word_1_50' title='bbox 104 1964 122 1986; x_wconf 88' lang='grc'><strong>»</strong></span> <span class='ocrx_word' id='word_1_51' title='bbox 158 1946 284 1990; x_wconf 89' lang='lat' dir='ltr'>tionis</span> <span class='ocrx_word' id='word_1_52' title='bbox 303 1960 353 1988; x_wconf 83' lang='lat' dir='ltr'>ex</span> <span class='ocrx_word' id='word_1_53' title='bbox 370 1944 685 1988; x_wconf 85' lang='lat' dir='ltr'>resurrectione</span> <span class='ocrx_word' id='word_1_54' title='bbox 699 1945 1022 2000; x_wconf 80' lang='lat' dir='ltr'>mortuorum³‚</span> <span class='ocrx_word' id='word_1_55' title='bbox 1050 1963 1070 1986; x_wconf 90' lang='lat'>»</span> <span class='ocrx_word' id='word_1_56' title='bbox 1090 1943 1135 1989; x_wconf 90' lang='lat' dir='ltr'>id</span> <span class='ocrx_word' id='word_1_57' title='bbox 1157 1955 1243 2001; x_wconf 86' lang='lat' dir='ltr'>est,</span> <span class='ocrx_word' id='word_1_58' title='bbox 1268 1947 1371 2007; x_wconf 89' lang='lat' dir='ltr'>quia</span> <span class='ocrx_word' id='word_1_59' title='bbox 1395 1949 1486 2007; x_wconf 86' lang='lat' dir='ltr'>spi-</span> 
     </span>
     <span class='ocr_line' id='line_1_14' title="bbox 100 2014 1485 2073; baseline 0.004 -15"><span class='ocrx_word' id='word_1_60' title='bbox 100 2014 205 2059; x_wconf 83' lang='lat' dir='ltr'>ritus</span> <span class='ocrx_word' id='word_1_61' title='bbox 237 2014 405 2059; x_wconf 87' lang='lat' dir='ltr'>donum</span> <span class='ocrx_word' id='word_1_62' title='bbox 434 2021 699 2073; x_wconf 83' lang='lat' dir='ltr'>aeceperunt</span> <span class='ocrx_word' id='word_1_63' title='bbox 719 2022 816 2072; x_wconf 89' lang='lat' dir='ltr'>post</span> <span class='ocrx_word' id='word_1_64' title='bbox 840 2014 930 2072; x_wconf 87' lang='lat' dir='ltr'>ejus</span> <span class='ocrx_word' id='word_1_65' title='bbox 947 2016 1306 2060; x_wconf 84' lang='lat' dir='ltr'>resurrectionem</span> <span class='ocrx_word' id='word_1_66' title='bbox 1331 2036 1340 2063; x_wconf 87' lang='lat'>:</span> <span class='ocrx_word' id='word_1_67' title='bbox 1364 2033 1485 2063; x_wconf 89' lang='lat' dir='ltr'>mor-</span> 
     </span>
     <span class='ocr_line' id='line_1_15' title="bbox 103 2084 1486 2144; baseline 0.003 -15"><span class='ocrx_word' id='word_1_68' title='bbox 103 2092 277 2129; x_wconf 87' lang='lat' dir='ltr'>tuorum</span> <span class='ocrx_word' id='word_1_69' title='bbox 294 2099 398 2129; x_wconf 89' lang='lat' dir='ltr'>vero</span> <span class='ocrx_word' id='word_1_70' title='bbox 420 2084 778 2128; x_wconf 86' lang='lat' dir='ltr'>resurrectionem</span> <span class='ocrx_word' id='word_1_71' title='bbox 799 2092 1027 2140; x_wconf 85' lang='lat' dir='ltr'>memorat,</span> <span class='ocrx_word' id='word_1_72' title='bbox 1039 2084 1140 2144; x_wconf 88' lang='lat' dir='ltr'>quia</span> <span class='ocrx_word' id='word_1_73' title='bbox 1156 2085 1202 2130; x_wconf 90' lang='lat' dir='ltr'>in</span> <span class='ocrx_word' id='word_1_74' title='bbox 1223 2085 1317 2144; x_wconf 88' lang='lat' dir='ltr'>ipso</span> <span class='ocrx_word' id='word_1_75' title='bbox 1335 2102 1486 2133; x_wconf 91' lang='lat' dir='ltr'>omnes</span> 
     </span>
     <span class='ocr_line' id='line_1_16' title="bbox 101 2154 900 2210; baseline -0.003 -10"><span class='ocrx_word' id='word_1_76' title='bbox 101 2155 293 2200; x_wconf 80' lang='lat' dir='ltr'>crucifixi</span> <span class='ocrx_word' id='word_1_77' title='bbox 309 2169 458 2199; x_wconf 91' lang='lat' dir='ltr'>sumus</span> <span class='ocrx_word' id='word_1_78' title='bbox 477 2188 489 2210; x_wconf 89' lang='lat'>,</span> <span class='ocrx_word' id='word_1_79' title='bbox 514 2163 558 2198; x_wconf 88' lang='lat' dir='ltr'>et</span> <span class='ocrx_word' id='word_1_80' title='bbox 575 2154 900 2198; x_wconf 80' lang='lat' dir='ltr'>resurreximus.</span> 
     </span>
    </p>

    <p class='ocr_par' dir='ltr' id='par_1_10' title="bbox 105 2223 1489 2484">
     <span class='ocr_line' id='line_1_17' title="bbox 162 2223 1484 2286; baseline 0.002 -16"><span class='ocrx_word' id='word_1_81' title='bbox 162 2229 220 2270; x_wconf 88' lang='lat'>11.</span> <span class='ocrx_word' id='word_1_82' title='bbox 251 2224 380 2279; x_wconf 92' lang='lat' dir='ltr'>Quod</span> <span class='ocrx_word' id='word_1_83' title='bbox 411 2233 557 2269; x_wconf 90' lang='lat' dir='ltr'>autem</span> <span class='ocrx_word' id='word_1_84' title='bbox 584 2223 720 2268; x_wconf 90' lang='lat' dir='ltr'>dicit:</span> <span class='ocrx_word' id='word_1_85' title='bbox 749 2242 770 2265; x_wconf 90' lang='lat'>«</span> <span class='ocrx_word' id='word_1_86' title='bbox 799 2226 854 2268; x_wconf 93' lang='lat' dir='ltr'>Ut</span> <span class='ocrx_word' id='word_1_87' title='bbox 882 2224 1063 2283; x_wconf 83' lang='lat' dir='ltr'>gratiam</span> <span class='ocrx_word' id='word_1_88' title='bbox 1094 2224 1216 2270; x_wconf 90' lang='lat' dir='ltr'>vobis</span> <span class='ocrx_word' id='word_1_89' title='bbox 1248 2226 1484 2286; x_wconf 80' lang='lat' dir='ltr'>spiritalem</span> 
     </span>
     <span class='ocr_line' id='line_1_18' title="bbox 107 2293 1487 2357; baseline 0.003 -17"><span class='ocrx_word' id='word_1_90' title='bbox 107 2314 128 2340; x_wconf 87' lang='lat'>»</span> <span class='ocrx_word' id='word_1_91' title='bbox 163 2297 414 2357; x_wconf 71' lang='lat' dir='ltr'>impertiar-⁴</span> <span class='ocrx_word' id='word_1_92' title='bbox 437 2315 446 2341; x_wconf 87' lang='lat'>:</span> <span class='ocrx_word' id='word_1_93' title='bbox 471 2314 491 2337; x_wconf 94' lang='lat'>»</span> <span class='ocrx_word' id='word_1_94' title='bbox 522 2294 797 2340; x_wconf 86' lang='lat' dir='ltr'>dilectionem</span> <span class='ocrx_word' id='word_1_95' title='bbox 814 2293 976 2340; x_wconf 88' lang='lat' dir='ltr'>scilicet</span> <span class='ocrx_word' id='word_1_96' title='bbox 1004 2295 1080 2340; x_wconf 85' lang='lat' dir='ltr'>Dei</span> <span class='ocrx_word' id='word_1_97' title='bbox 1098 2330 1110 2350; x_wconf 85' lang='lat'>‚</span> <span class='ocrx_word' id='word_1_98' title='bbox 1137 2305 1180 2340; x_wconf 85' lang='lat' dir='ltr'>et</span> <span class='ocrx_word' id='word_1_99' title='bbox 1206 2297 1411 2356; x_wconf 83' lang='lat' dir='ltr'>proximi,</span> <span class='ocrx_word' id='word_1_100' title='bbox 1438 2309 1487 2345; x_wconf 83' lang='lat' dir='ltr'>ut</span> 
     </span>
     <span class='ocr_line' id='line_1_19' title="bbox 105 2366 1489 2429; baseline 0.003 -16"><span class='ocrx_word' id='word_1_101' title='bbox 105 2383 182 2429; x_wconf 88' lang='lat' dir='ltr'>per</span> <span class='ocrx_word' id='word_1_102' title='bbox 197 2368 451 2414; x_wconf 84' lang='lat' dir='ltr'>charitatem</span> <span class='ocrx_word' id='word_1_103' title='bbox 466 2366 626 2413; x_wconf 85' lang='lat' dir='ltr'>Christi</span> <span class='ocrx_word' id='word_1_104' title='bbox 640 2366 853 2412; x_wconf 79' lang='lat' dir='ltr'>Gentibus</span> <span class='ocrx_word' id='word_1_105' title='bbox 867 2367 913 2412; x_wconf 90' lang='lat' dir='ltr'>in</span> <span class='ocrx_word' id='word_1_106' title='bbox 923 2366 1212 2427; x_wconf 83' lang='lat' dir='ltr'>Evangelium</span> <span class='ocrx_word' id='word_1_107' title='bbox 1226 2370 1389 2416; x_wconf 87' lang='lat' dir='ltr'>vocatis</span> <span class='ocrx_word' id='word_1_108' title='bbox 1405 2371 1489 2416; x_wconf 91' lang='lat' dir='ltr'>mi-</span> 
     </span>
     <span class='ocr_line' id='line_1_20' title="bbox 106 2438 502 2484; baseline -0.008 0"><span class='ocrx_word' id='word_1_109' title='bbox 106 2438 222 2484; x_wconf 89' lang='lat' dir='ltr'>nime</span> <span class='ocrx_word' id='word_1_110' title='bbox 243 2438 502 2484; x_wconf 89' lang='lat' dir='ltr'>inviderent.</span> 
     </span>
    </p>

    <p class='ocr_par' dir='ltr' id='par_1_11' title="bbox 150 2532 1484 2579">
     <span class='ocr_line' id='line_1_21' title="bbox 150 2532 1484 2579; baseline 0.001 -11"><span class='ocrx_word' id='word_1_111' title='bbox 150 2542 158 2559; x_wconf 92' lang='lat'>¹</span> <span class='ocrx_word' id='word_1_112' title='bbox 181 2537 322 2579; x_wconf 79' lang='lat' dir='ltr'>Scriptus</span> <span class='ocrx_word' id='word_1_113' title='bbox 346 2535 474 2568; x_wconf 79' lang='lat' dir='ltr'>cii-citer</span> <span class='ocrx_word' id='word_1_114' title='bbox 488 2534 669 2568; x_wconf 80' lang='lat' dir='ltr'>Christian.</span> <span class='ocrx_word' id='word_1_115' title='bbox 692 2532 767 2575; x_wconf 69' lang='lat'><strong>394.</strong></span> <span class='ocrx_word' id='word_1_116' title='bbox 787 2532 917 2566; x_wconf 81' lang='lat' dir='ltr'>Scilicet</span> <span class='ocrx_word' id='word_1_117' title='bbox 935 2533 1108 2574; x_wconf 77' lang='lat' dir='ltr'>Augustino</span> <span class='ocrx_word' id='word_1_118' title='bbox 1121 2535 1225 2567; x_wconf 84' lang='lat' dir='ltr'>adhuc</span> <span class='ocrx_word' id='word_1_119' title='bbox 1238 2534 1484 2578; x_wconf 76' lang='lat' dir='ltr'>presbytero.-</span> 
     </span>
    </p>
   </div>
   <div class='ocr_carea' id='block_1_9' title="bbox 109 2586 1357 2686">
    <p class='ocr_par' dir='ltr' id='par_1_12' title="bbox 109 2586 1357 2686">
     <span class='ocr_line' id='line_1_22' title="bbox 109 2586 1246 2634; baseline -0.003 -8"><span class='ocrx_word' id='word_1_120' title='bbox 109 2597 122 2614; x_wconf 86' lang='lat'><strong>¹</strong></span> <span class='ocrx_word' id='word_1_121' title='bbox 141 2592 218 2626; x_wconf 82' lang='lat' dir='ltr'>Vide</span> <span class='ocrx_word' id='word_1_122' title='bbox 236 2595 379 2628; x_wconf 78' lang='lat' dir='ltr'>Retract.</span> <span class='ocrx_word' id='word_1_123' title='bbox 398 2591 456 2628; x_wconf 84' lang='lat' dir='ltr'>lib,</span> <span class='ocrx_word' id='word_1_124' title='bbox 475 2602 499 2634; x_wconf 84' lang='grc' dir='ltr'>ι,</span> <span class='ocrx_word' id='word_1_125' title='bbox 517 2600 590 2633; x_wconf 81' lang='lat' dir='ltr'>cap.</span> <span class='ocrx_word' id='word_1_126' title='bbox 613 2590 669 2624; x_wconf 84' lang='lat'>23.</span> <span class='ocrx_word' id='word_1_127' title='bbox 688 2605 730 2614; x_wconf 92' lang='lat'>—</span> <span class='ocrx_word' id='word_1_128' title='bbox 750 2586 764 2614; x_wconf 75' lang='lat'>³</span> <span class='ocrx_word' id='word_1_129' title='bbox 787 2590 882 2623; x_wconf 71' lang='lat' dir='ltr'>nom.</span> <span class='ocrx_word' id='word_1_130' title='bbox 896 2600 920 2631; x_wconf 82' lang='lat' dir='ltr'>i,</span> <span class='ocrx_word' id='word_1_131' title='bbox 939 2588 970 2630; x_wconf 71' lang='grc'>4.</span> <span class='ocrx_word' id='word_1_132' title='bbox 989 2604 1031 2613; x_wconf 83' lang='grc'><strong>-</strong></span> <span class='ocrx_word' id='word_1_133' title='bbox 1054 2587 1071 2619; x_wconf 72' lang='grc'>4</span> <span class='ocrx_word' id='word_1_134' title='bbox 1089 2589 1171 2627; x_wconf 86' lang='lat' dir='ltr'>lbid.</span> <span class='ocrx_word' id='word_1_135' title='bbox 1196 2602 1246 2624; x_wconf 75' lang='grc' dir='ltr'>ιι.</span> 
     </span>
     <span class='ocr_line' id='line_1_23' title="bbox 1320 2647 1357 2686; baseline 0.027 -1"><span class='ocrx_word' id='word_1_136' title='bbox 1320 2647 1357 2686; x_wconf 82' lang='lat'>¹.</span> 
     </span>
    </p>
   </div>
  </div>
 </body>
</html>
