1924 3309
403 319 487 360 554
932 327 1268 358 Annona-mus.

801 474 1058 518 ΑΝΝοΤΑΤῙο
1079 472 1145 529 (3)
1165 485 1263 530 pag.
1291 475 1390 514 270.

459 609 687 662 Quadrant
706 608 799 652 haec
831 607 1016 651 maxime
1037 605 1083 650 in
1111 605 1355 650 Donatistas
1371 639 1382 659 ‚
1409 603 1464 649 ad
1485 620 1594 665 quos
1614 607 1790 663 Augus·-

401 681 519 745 tinus
536 680 581 723 in
605 679 741 739 Epist.
768 697 902 722 Lxxv1
919 713 929 732 ,
955 693 999 721 n.
1036 684 1060 720 2
1084 676 1232 721 scribit
1255 695 1263 721 z
1290 675 1509 738 Alajores
1533 676 1659 720 enim
1684 691 1788 720 ves—

404 753 488 806 tri,
528 753 576 795 in
616 766 816 809 quorum
847 747 1090 810 sacrilega
1128 748 1412 808 praecisione
1443 748 1788 806 perseveratis,

400 821 600 882 quidam
620 822 767 884 gestis
791 817 1159 879 municipalibus
1188 817 1389 863 Codices
1409 827 1603 862 sanctos
1630 827 1674 861 et
1698 818 1792 862 ins-

404 902 645 938 trumenta
671 890 907 937 Ecclesia»
932 887 1321 950 persecutoribus
1356 887 1680 941 tradiderunt,
1701 898 1788 933 etc.

402 963 479 1008 De
503 964 700 1007 crimine
722 960 997 1006 traditionis
1012 997 1022 1016 ‚
1045 959 1104 1004 de
1126 975 1219 1019 quo
1242 960 1336 1018 ipsi
1351 959 1477 1003 inter
1495 959 1669 1022 sejam
1686 974 1794 1004 con-

401 1044 677 1089 senserant,
720 1030 965 1078 inauditos
1001 1030 1368 1076 damnaverunt.
1400 1031 1512 1075 Vide
1536 1031 1674 1090 Epist.
1712 1049 1761 1075 cv
1781 1064 1791 1085 ‚

401 1121 446 1150 n.
473 1113 498 1148 2
517 1141 528 1160 ‚
554 1114 598 1150 et
618 1107 819 1149 Enarrat.
848 1101 960 1147 Psal.
986 1120 1014 1145 x
1032 1136 1044 1157 ‚
1068 1117 1113 1145 n.
1141 1105 1182 1145 4ι

805 1251 1061 1292 ΑΝΝοΤΑΤΙο
1083 1248 1146 1304 (4)
1166 1260 1265 1305 pag.
1293 1250 1393 1290 271.

463 1396 532 1442 Sic
561 1396 643 1455 ipsi
664 1394 844 1455 quidem
867 1393 1068 1438 catholici
1092 1391 1309 1453 episcopi,
1329 1392 1544 1437 honorem
1565 1406 1695 1436 suum
1715 1406 1796 1452 pro

403 1466 678 1513 concilianda
700 1464 905 1510 Ecclesiae
937 1479 1044 1523 pace
1066 1463 1286 1522 deponere
1317 1463 1484 1522 parati,
1521 1462 1721 1507 scribunt
1740 1461 1796 1506 ad

403 1536 712 1583 Marcellinum
744 1534 999 1580 Collationis
1038 1533 1389 1592 Carthaginensis
1425 1548 1525 1577 cum
1563 1531 1796 1577 Donatistis

402 1610 565 1653 habitae
579 1607 864 1665 cognitorem,
880 1606 926 1649 in
941 1604 1122 1665 epistola
1135 1605 1249 1648 inter
1257 1604 1593 1662 Augustinianas
1608 1621 1792 1658 cxxvm,

401 1697 445 1724 n.
474 1686 498 1723 3
527 1699 536 1724 ι
565 1680 648 1723 An
670 1692 782 1722 vero
806 1675 884 1721 ille
908 1675 967 1720 de
989 1675 1122 1720 coelis
1146 1678 1194 1720 in
1215 1673 1433 1720 membra
1457 1673 1676 1719 humana
1697 1672 1797 1719 des-

402 1749 584 1806 cendit,
610 1759 660 1794 ut
682 1747 901 1793 membra
922 1747 1024 1810 ejus
1040 1763 1262 1801 essemus,
1285 1756 1330 1791 et
1347 1762 1450 1802 nos,
1482 1762 1544 1791 ne
1564 1747 1672 1806 ipsa
1695 1745 1797 1808 ejus

402 1820 620 1867 membra
654 1817 843 1864 erudeli
884 1817 1113 1861 divisione
1144 1815 1414 1872 lanientur,
1463 1814 1522 1860 cle
1551 1815 1798 1861 cathedris

401 1889 691 1937 descendere
716 1883 1094 1952 formidamus?
1122 1895 1209 1931 etc.
1251 1885 1390 1931 Nam
1423 1902 1520 1944 qua
1536 1886 1712 1948 fionte
1747 1888 1798 1931 in

386 1965 564 2026 futuro
592 1959 765 2005 soeculo
786 1959 1077 2019 promissum
1103 1974 1134 2002 a
1173 1955 1365 2002 Christo
1393 1956 1693 2016 sperabimus
1716 1955 1796 2002 lio-

400 2049 566 2079 norem
585 2068 594 2083 ‚
633 2033 676 2076 si
703 2031 1036 2076 Christianam
1064 2030 1114 2074 in
1142 2027 1233 2074 lzoc
1262 2027 1436 2075 sceculo
1459 2039 1623 2074 noster·
1643 2028 1797 2074 honor

401 2102 602 2165 impedit
620 2103 853 2147 unitatem
865 2096 892 2143 P

783 2238 1040 2280 ΑΝΝΟΤΔΤΙΟ
1061 2235 1124 2291 (5)
1152 2246 1249 2293 pag.
1277 2237 1376 2278 328.

464 2372 630 2417 Eadem
653 2379 718 2415 est
735 2386 835 2430 quae
860 2367 1038 2413 basilica
1054 2368 1191 2427 major
1213 2368 1475 2425 Carthagine
1496 2402 1507 2424 ‚
1528 2367 1575 2412 in
1594 2383 1680 2428 qua
1698 2383 1798 2415 cor·-

402 2460 508 2503 pora
533 2451 782 2487 sanctarum
804 2449 1047 2497 martyrum
1068 2442 1293 2497 Perpetuae
1315 2446 1358 2481 et
1371 2436 1606 2481 Felicitatis
1629 2437 1796 2497 sepulta
1829 2440 1832 2443 ’

401 2513 553 2558 scribit
579 2513 726 2556 Victor
744 2512 790 2554 in
808 2509 885 2554 lib.
915 2509 969 2553 de
987 2509 1287 2569 persecutione
1310 2507 1562 2552 vandalica.
1579 2510 1681 2552 Haec
1703 2508 1795 2568 ipsa

402 2587 449 2629 in
471 2583 657 2629 concilio
675 2581 1005 2640 Carthaginensi
1020 2600 1053 2625 11
1071 2579 1236 2640 duplici
1259 2580 1436 2624 nomine
1451 2578 1697 2639 appellatur
1718 2580 1794 2623 ba-

402 2655 521 2701 silica
546 2659 762 2716 Perpetua
783 2653 999 2699 Restituta
1025 2671 1033 2698 :
1065 2652 1111 2697 in
1133 2651 1301 2697 caeteris
1330 2651 1535 2710 deinceps
1567 2649 1759 2695 conciliis
1776 2684 1787 2704 ‚
