1924 3309
485 245 540 284 60
917 270 951 298 s.
987 268 1216 306 Aucus-nm
1249 280 1429 312 muscum

482 326 582 366 tur?
603 327 798 389 Namque
818 332 902 379 alio
924 335 1022 384 loco
1045 343 1243 390 eamdem
1276 350 1528 396 Trinitatem
1559 355 1603 399 in
1626 357 1763 403 tribus
1788 375 1866 420 pa·
1903 372 1906 415 j

480 395 608 440 nibus
629 398 958 461 intelligendam
981 426 1085 468 esse,
1107 417 1371 474 apertissime
1392 423 1535 468 docet.
1560 427 1642 471 Sed
1662 429 1754 474 haec
1775 447 1866 477 ver-

478 463 635 511 borum
658 478 957 533 consonantia,
978 481 1065 525 sive
1086 490 1351 545 provenerit,
1375 492 1464 537 sive
1487 498 1654 554 provisa
1676 501 1730 545 sit
1745 536 1756 556 ,
1776 518 1864 549 non

476 539 732 594 pugnaciter
763 546 978 601 agendum
1009 561 1096 606 est,
1134 564 1183 599 ut
1217 559 1255 601 ci
1285 561 1471 622 quisque
1493 570 1763 626 consentiat,
1789 575 1864 618 sed

474 618 689 665 quantum
706 612 1029 675 interpretantis
1052 622 1310 683 elegantiam
1335 631 1528 679 hilaritas
1548 636 1765 686 audientis
1781 642 1862 688 ad-

474 677 623 723 mittit.

543 751 662 794 XIV.
701 752 817 799 Illud
851 772 954 802 sane
984 776 1138 820 magna
1160 766 1402 816 intentione
1425 774 1557 819 animi
1581 781 1862 828 consideran-

468 817 590 874 dum,
608 830 651 865 et
674 824 773 868 totis
796 827 959 874 viribus
982 833 1151 890 pietatis
1169 839 1522 897 amplectendum
1540 849 1639 892 satis
1662 865 1856 911 apparet,

465 891 672 946 quoniam
694 894 728 936 si
752 898 884 952 gratia
903 910 945 944 et
965 916 1047 960 pax
1065 906 1119 949 ad
1141 907 1405 968 implendam
1427 915 1644 963 Trinitatis
1668 936 1854 968 comme-

466 960 753 1007 morationem
771 966 829 1010 sic
852 968 906 1012 ab
930 973 1138 1030 Apostolo
1159 980 1352 1036 ponitur,
1379 999 1428 1027 ac
1445 986 1478 1028 si
1504 988 1714 1045 Spiritum
1735 1008 1859 1038 sanc-

466 1036 559 1072 tum
598 1033 861 1080 nominasset
888 1057 896 1081 ;
922 1039 995 1084 ille
1024 1055 1172 1102 peccat
1210 1049 1254 1092 in
1279 1052 1486 1110 Spiritum
1509 1069 1707 1104 sanctum

463 1097 693 1158 desperans
711 1139 720 1159 ,
749 1106 819 1150 vel
840 1108 1022 1156 irridens
1046 1126 1176 1176 atque
1194 1131 1476 1170 contemnens
1497 1130 1853 1186 praedicationem

462 1171 607 1225 gratiae
643 1188 718 1230 per
749 1191 880 1235 quam
919 1194 1094 1239 peccata
1128 1187 1386 1249 diluuntur,
1422 1205 1464 1240 et
1487 1200 1599 1256 pacis
1622 1216 1699 1260 per
1721 1220 1852 1264 quam

461 1241 793 1289 reconciliamur
812 1251 900 1293 Deo
919 1286 928 1305 ,
955 1252 1165 1302 detrectat
1190 1276 1313 1317 agere
1336 1266 1639 1322 poenitentiam
1671 1272 1726 1316 de
1747 1290 1852 1333 pec-

459 1309 563 1351 catis
585 1312 686 1367 suis,
703 1324 745 1358 et
765 1316 810 1359 in
834 1334 983 1364 eorum
1003 1323 1134 1384 impia
1153 1338 1283 1388 atque
1305 1335 1525 1380 mortifera
1545 1340 1735 1398 quadam
1753 1359 1852 1389 sua-

456 1377 588 1421 vitate
610 1382 937 1437 perdurandum
970 1390 1050 1434 sibi
1074 1408 1162 1438 esse
1180 1396 1374 1444 decernit
1394 1437 1404 1456 ,
1427 1413 1469 1448 et
1489 1406 1533 1448 in
1556 1408 1686 1464 finem
1712 1428 1849 1473 usque

456 1446 680 1504 perdurat.
708 1454 835 1504 Quod
858 1471 960 1515 ergo
980 1460 1039 1504 ait
1058 1465 1281 1521 Dominus,
1304 1470 1463 1516 dimitti
1487 1475 1671 1532 homini,
1696 1482 1730 1524 si
1757 1499 1846 1527 ver-

455 1516 561 1560 bum
595 1519 749 1565 dixerit
783 1524 986 1572 adversus
1008 1530 1149 1576 filium
1188 1536 1373 1584 hominis
1399 1561 1407 1585 ς
1433 1543 1465 1585 si
1491 1555 1635 1591 autem
1660 1552 1843 1598 verbum

454 1584 609 1632 dixerit
627 1589 829 1638 adversus
855 1598 1060 1655 Spiritum
1078 1614 1294 1662 sanctum,
1321 1625 1408 1654 non
1432 1614 1470 1656 ei
1487 1613 1671 1673 dimitti,
1698 1637 1841 1682 neque

453 1656 521 1700 hic
538 1693 548 1712 ‚
574 1675 717 1721 neque
748 1664 791 1708 in
816 1665 962 1712 futuro
982 1673 1140 1717 saeculo
1157 1710 1166 1728 ,
1193 1677 1266 1720 sed
1298 1695 1419 1724 reum
1443 1699 1532 1728 csse
1561 1697 1615 1730 aet

450 1727 549 1782 cati,
566 1744 653 1773 non
672 1732 939 1791 negligenter
962 1740 1229 1788 audiendum
1249 1756 1312 1791 est
1330 1751 1340 1773 ¹

449 1796 636 1855 aliquem
658 1800 805 1846 latinae
833 1804 996 1865 linguae
1024 1811 1224 1869 ignarum

1620 1691 1710 1734 erni
1735 1708 1838 1751 pec·

1351 1784 1358 1792 .
1378 1753 1705 1804 Constituamus
1723 1764 1839 1808 enim

1242 1852 1252 1871 ,
1290 1834 1389 1863 cum
1413 1822 1488 1867 illo
1513 1829 1716 1874 audiente
1737 1848 1838 1892 pro-

447 1869 671 1914 nuntiatus
694 1872 825 1917 fuerit
844 1876 898 1919 ab
921 1877 1068 1938 aliquo
1093 1885 1275 1942 Spiritus
1297 1900 1484 1947 sanctuS,
1511 1912 1704 1954 quaerere
1726 1904 1834 1962 quid

446 1951 589 1981 rerum
628 1940 896 1998 significetur
924 1950 1006 1991 sub
1040 1951 1121 1996 isto
1152 1955 1418 2011 syllabarum
1442 1977 1547 2007 sono
1574 1986 1582 2009 :
1609 1969 1664 2010 ab
1688 1970 1833 2030 aliquo

442 2015 586 2050 autem
624 2009 854 2069 deceptore
890 2016 958 2060 vel
988 2019 1157 2065 irrisore
1195 2026 1330 2083 impio
1369 2032 1620 2088 responderi
1662 2037 1830 2099 aliquid

442 2075 588 2133 aliud,
624 2081 856 2139 quodlibet
890 2085 975 2130 vile
997 2099 1039 2132 et
1062 2092 1278 2150 abjectum
1297 2130 1307 2149 ,
1335 2106 1383 2140 ut
1414 2114 1682 2158 quaerentem
1711 2111 1830 2154 deci-

440 2147 555 2204 piat,
577 2150 702 2194 sicuti
725 2167 747 2195 a
771 2154 926 2200 talibus
949 2158 1040 2201 fieri
1075 2161 1183 2206 solet
1207 2164 1375 2210 ridendi
1399 2172 1533 2226 gratia
1561 2194 1569 2218 :
1596 2175 1720 2221 illum
1745 2197 1826 2224 au-

437 2224 523 2260 tem
544 2233 619 2276 per
636 2221 923 2278 ignorantiam
947 2232 1253 2288 contempsisse
1270 2236 1350 2278 hoc
1370 2252 1544 2296 nomen,
1566 2243 1671 2290 dum
1691 2252 1827 2296 nescit

437 2287 545 2344 quid
568 2289 804 2347 significet,
832 2303 873 2337 et
892 2295 1033 2355 aliqua
1053 2300 1181 2344 ctiam
1202 2302 1244 2345 in
1269 2304 1350 2349 hoc
1369 2311 1559 2356 convicia
1577 2315 1793 2372 jactitasse
1812 2341 1820 2365 :

437 2357 655 2402 neminem
678 2376 766 2405 esse
789 2364 975 2409 arbitror
993 2377 1079 2412 tam
1107 2387 1265 2417 vanum
1286 2385 1327 2418 ct
1352 2377 1731 2443 inconsideratum,
1748 2392 1823 2449 qui

435 2427 553 2471 hunc
576 2429 796 2475 hominem
821 2434 911 2479 ullo
935 2437 1113 2483 crimine
1141 2442 1373 2502 impietatis
1395 2463 1607 2510 aspergat.
1635 2459 1691 2499 At
1713 2474 1820 2504 con-

436 2504 516 2552 tra,
532 2498 565 2541 si
589 2500 719 2544 tacito
737 2504 912 2548 nomine
934 2522 997 2551 res
1014 2509 1103 2567 ipsa
1127 2514 1268 2556 verbis
1286 2517 1562 2578 quibuspoto

1566 2533 1601 2566 st
1626 2527 1677 2570 ad
1698 2544 1820 2587 qua:-

486 2585 492 2598 '
515 2582 916 2625 Manli.r‹11‚3·.›v‚‹·tLuc:v
947 2602 998 2629 xii,
1028 2603 1075 2623 to.

1724 1097 1734 1117 ,
1781 1066 1856 1124 qui
