1924 3309
435 319 518 358 412
871 336 903 361 s.
943 334 1167 362 AUGUSTtM
1203 335 1378 364 EPtsGOPl

435 396 601 442 invenis
633 398 753 458 quod
786 398 942 444 audisti
960 436 970 455 ,
1003 409 1045 444 et
1079 415 1167 444 non
1198 400 1335 459 perdo
1363 402 1483 461 quod
1521 402 1625 446 dixi.
1664 401 1816 447 Videte

435 483 566 528 quam
587 483 688 513 vera
705 469 810 525 sint,
833 490 853 513 «
871 479 914 515 et
935 470 1107 514 laetetur
1128 486 1202 514 cor
1223 472 1514 530 quaerentium
1532 473 1814 518 Dominum.»

434 539 645 584 Dominus
666 540 780 585 enim
803 541 893 600 ipsa
915 540 1163 601 principalis
1178 542 1332 585 veritas
1345 551 1423 586 est.
1443 542 1695 588 Intellectus
1715 559 1818 603 ergo

434 625 614 654 manens
631 611 677 655 in
699 611 830 656 corde
852 626 949 655 meo
972 611 1130 670 migrat
1147 610 1202 656 ad
1223 620 1365 667 tuum,
1383 627 1462 656 nec
1478 613 1636 658 deserit
1653 629 1816 658 meum.

435 683 746 726 Verumtamen
768 697 867 726 cum
890 681 1137 727 intellectus
1159 682 1270 726 inest
1301 682 1421 727 cordi
1444 699 1563 738 meo,
1590 693 1633 728 et
1653 683 1753 729 volo
1771 693 1821 728 ut

434 752 533 795 insit
550 752 678 796 etiam
697 752 817 797 cordi
835 761 927 807 tuo,
943 768 1094 811 quaero
1114 768 1199 813 qua
1218 752 1272 797 ad
1288 762 1330 797 te
1351 762 1539 799 transeat
1561 755 1683 815 quasi
1703 754 1821 799 vehi-

434 822 585 867 culum
613 838 767 867 sonum
786 843 795 879 3
816 833 1037 883 assumpto
1054 824 1177 884 quasi
1191 840 1297 870 sono
1317 860 1328 880 ‚
1357 826 1397 869 ei
1418 825 1598 885 impono
1619 825 1820 870 intellec-

438 903 528 938 tum
545 929 556 948 ,
577 903 617 938 et
639 892 813 953 profero
830 929 841 950 ,
866 903 909 939 et
930 895 1128 954 produco
1144 930 1155 950 ‚
1179 904 1221 939 et
1242 894 1380 941 doceo
1402 905 1445 940 et
1473 912 1561 941 non
1582 896 1749 941 amitto.
1778 897 1820 941 Si

430 965 574 1024 potuit
600 966 683 1010 hoc
716 964 855 1010 facere
881 965 1126 1011 intellectus
1143 974 1280 1011 ”meus
1312 967 1367 1011 de
1400 982 1505 1012 voce
1528 983 1622 1012 mea
1638 969 1671 1011 ¹.
1703 969 1820 1012 Ecce

434 1036 548 1079 enim
585 1037 781 1080 Verbum
806 1037 883 1081 Dei
910 1040 1024 1082 Deus
1050 1037 1166 1097 apud
1199 1041 1336 1082 Deum
1354 1074 1364 1092 ,
1398 1038 1607 1098 sapientia
1629 1038 1706 1081 Dei
1727 1053 1821 1082 ma-

435 1122 541 1150 nens
570 1108 985 1152 incommutabiliter
1022 1108 1139 1167 apud
1175 1112 1369 1164 Patrem,
1404 1117 1452 1152 ut
1479 1108 1733 1168 procederet
1767 1108 1822 1152 ad
1889 1135 1892 1150 λ

435 1194 513 1223 nos
532 1214 542 1232 ,
564 1193 739 1222 carnem
767 1179 891 1238 quasi
913 1194 1068 1223 sonum
1091 1180 1292 1239 quaesivit
1311 1215 1322 1234 ‚
1348 1180 1387 1224 ei
1410 1195 1453 1224 se
1475 1180 1682 1235 inseruit,
1704 1189 1747 1223 et
1767 1181 1823 1223 ad

435 1265 513 1293 nos
542 1250 772 1308 processit,
806 1257 850 1293 et
878 1265 900 1292 a
922 1252 1049 1293 Patre
1072 1265 1161 1293 non
1184 1250 1372 1294 recessit.
1399 1249 1661 1308 intelligite,
1689 1250 1824 1309 sapite

435 1321 541 1375 hoc,
563 1320 683 1380 quod
706 1319 885 1363 audistis
901 1355 911 1375 ‚
938 1329 1152 1380 quantum
1176 1321 1230 1365 sit
1249 1329 1291 1364 et
1316 1320 1446 1380 quale
1469 1321 1654 1379 cogitate
1672 1355 1683 1375 ,
1708 1319 1824 1366 etde

435 1393 526 1435 Deo
547 1391 713 1450 majora
734 1390 904 1435 sentite.
927 1390 1074 1435 Vincit
1097 1391 1169 1435 isse
1188 1406 1363 1436 omnem
1386 1390 1548 1445 lucem,
1574 1391 1708 1436 vincit
1729 1406 1824 1435 om-

436 1477 536 1505 nem
561 1477 733 1515 sonum,
749 1462 886 1506 vincit
903 1476 1079 1506 omnem
1094 1461 1380 1506 intellectum.
1398 1460 1716 1506 Desiderandus
1742 1470 1822 1510 est,

437 1542 480 1577 et
502 1532 557 1577 ad
580 1548 680 1577 eum
696 1533 905 1578 charitate
920 1532 1179 1578 inhiandum
1194 1542 1273 1589 est,
1295 1542 1344 1578 ut
1361 1552 1378 1574 «
1397 1536 1590 1577 Laetetur
1607 1547 1682 1577 cor
1698 1547 1823 1592 quae-

440 1622 459 1645 »
497 1605 686 1649 rentium
710 1606 958 1650 Dominum.
989 1623 1009 1646 »

500 1721 509 1736 ¹
538 1714 615 1746 Cod.
651 1717 736 1747 Cass.
762 1725 806 1755 n,
831 1716 884 1746 sol.
922 1716 1009 1747 132:
1035 1726 1050 1743 (t
1075 1716 1142 1746 Non
1177 1719 1268 1756 puta}v
1301 1714 1439 1746 Verbum
1464 1714 1521 1747 Dei
1552 1714 1593 1744 dr·
1623 1722 1722 1745 carne
1754 1723 1824 1744 sua.

444 1773 528 1803 Fece
543 1794 552 1811 ‚
578 1774 641 1803 etc.
665 1782 680 1798 ι)
