1924 3309
428 316 511 354 536
868 325 901 354 s.
938 326 1167 354 aucum-rm
1201 326 1379 353 muscum

425 391 642 436 masculus
675 407 762 436 non
795 391 989 445 accedit,
1015 401 1163 435 uterus
1186 391 1373 449 Virginis
1404 399 1544 435 tumet
1569 410 1579 435 2
1614 389 1810 449 procedit

427 473 636 522 tanquam
649 478 830 522 sponsus
849 462 904 506 de
926 461 1115 507 thalamo
1132 463 1244 506 suo1.
1266 480 1286 503 «
1306 460 1516 507 Mirabilis
1533 462 1612 506 ista
1631 475 1810 520 genera-

430 552 451 575 »
482 534 558 578 tio.
588 552 607 575 »
632 533 843 578 Mirabilis
866 541 929 577 est
959 532 1177 586 humana,
1203 532 1305 591 quia
1336 532 1428 575 sine
1449 540 1569 590 patre
1595 550 1604 576 :
1636 531 1814 575 mirabi-

427 604 479 648 lis
501 603 597 660 illa,
623 604 725 664 quia
742 604 832 648 sine
862 611 1014 646 matre.
1038 621 1057 643 «
1079 603 1137 645 Ut
1166 602 1256 646 ovis
1279 600 1334 645 ad
1364 601 1678 646 immolandum
1706 601 1816 645 duc-

431 694 451 717 »
487 685 557 719 tus
590 684 680 730 est,
714 684 763 719 ut
796 688 929 731 agnus
952 681 1051 716 ante
1073 687 1174 716 eum
1208 673 1350 733 quise
1373 671 1604 727 tonderet,
1635 672 1694 716 sic
1726 687 1817 717 non

433 765 453 788 »
489 747 658 805 aperuit
681 761 726 790 os
743 760 886 789 suum.
914 747 966 788 In
979 742 1226 788 humilitate
1244 743 1460 803 judicium
1483 745 1575 804 ejus
1595 742 1817 786 sublatum

432 835 452 857 »
489 827 565 860 est.
593 815 926 860 Generationem
949 815 1041 874 ejus
1063 814 1158 874 quis
1180 813 1427 858 enarrabit?
1449 813 1662 866 Quoniam
1687 811 1816 857 tolle-

431 905 452 927 »
488 895 559 930 tur
581 885 635 930 de
657 895 770 929 terra
792 886 879 929 vita
901 886 1006 945 ejus.
1041 903 1060 925 »
1082 884 1458 928 Resurrectionem
1482 885 1571 943 ejus
1593 883 1815 943 praedicat.

432 955 597 1001 Videtis
619 956 721 1015 quia
741 970 841 999 vere
859 955 1070 999 Dominus
1086 955 1237 1014 (quasi
1254 954 1386 1014 possit
1402 954 1509 1014 quid
1527 955 1607 997 nisi
1623 968 1723 998 vere
1738 955 1820 997 Ve-

432 1028 548 1081 ritas,
565 1029 582 1084 )
600 1027 683 1070 hoc
706 1025 880 1069 dicebat
905 1045 913 1070 :
940 1044 960 1067 «
984 1030 1087 1078 Quae
1110 1025 1266 1084 scripta
1288 1033 1388 1069 sunt
1410 1025 1454 1067 in
1478 1027 1590 1081 Lege
1606 1059 1616 1078 ,
1647 1032 1690 1067 et
1718 1026 1821 1067 Pro-

434 1116 454 1138 »
491 1096 631 1156 phetis
649 1131 659 1151 ‚
681 1104 724 1139 et
741 1095 920 1139 Psalmis
951 1095 1005 1138 de
1026 1098 1141 1138 me'2.
1167 1113 1187 1135 η
1214 1095 1325 1148 Quia
1349 1095 1581 1153 oportebat
1601 1094 1821 1138 Christum

432 1167 521 1226 pati
544 1176 587 1210 et
615 1180 838 1224 resurgere
859 1200 869 1219 ,
906 1164 1100 1208 audistis.
1136 1182 1156 1205 »
1179 1167 1235 1208 Et
1264 1179 1486 1223 resurgere
1502 1199 1513 1219 ,
1533 1162 1665 1208 modo
1682 1163 1822 1207 audis-

436 1238 487 1282 tis
519 1256 527 1281 :
557 1254 576 1277 «
602 1235 819 1289 Quoniam
842 1233 1021 1278 tolletur
1055 1233 1109 1277 de
1130 1243 1245 1277 terra
1265 1234 1352 1277 vita
1382 1235 1488 1293 ejus.
1512 1236 1567 1277 Et
1596 1233 1822 1293 praedicari

438 1327 457 1350 ι)
484 1308 528 1350 in
541 1306 718 1351 nomine
736 1307 826 1364 ejus
850 1304 1153 1364 poenitentiam
1169 1313 1211 1347 et
1226 1304 1521 1348 remissionem
1544 1313 1821 1363 peccatorum

438 1398 456 1420 »
493 1393 569 1437 per
589 1392 738 1421 omnes
758 1385 906 1434 gentes
927 1411 937 1429 ‚
963 1375 1173 1434 incipiens
1196 1376 1249 1419 ab
1268 1376 1507 1419 Jerusalem
1527 1376 1542 1400 ⁴
1567 1394 1575 1420 z
1597 1393 1616 1416 »
1641 1375 1823 1420 audietis

436 1447 548 1493 illud
565 1457 608 1491 et
631 1447 684 1490 ab
707 1447 787 1490 isto
810 1446 1052 1505 Propheta3
1088 1461 1177 1489 non
1201 1447 1303 1505 quia
1327 1445 1538 1490 debemus
1562 1447 1825 1506 Prophetam

436 1533 691 1579 praeponere
719 1517 920 1561 Domino.
944 1520 1090 1561 Praeco
1126 1517 1365 1575 praecessit,
1385 1518 1519 1577 judex
1549 1526 1722 1561 secutus
1744 1526 1821 1561 est.

437 1593 533 1635 Non
557 1605 633 1633 sua
650 1624 660 1643 ‚
685 1587 761 1631 sed
778 1587 938 1647 judicis
956 1588 1088 1632 verba
1110 1604 1254 1647 praeco
1276 1587 1448 1632 dicebat
1468 1624 1478 1643 ,
1504 1598 1546 1632 et
1563 1587 1697 1648 judex
1718 1603 1824 1632 con-

438 1675 622 1720 sequens
640 1659 772 1703 verba
796 1673 871 1703 sua
894 1659 940 1701 in
958 1674 1159 1717 praecone
1178 1658 1380 1702 firmavit.
1412 1678 1431 1699 «
1462 1659 1678 1711 Quoniam
1696 1657 1825 1702 tolle-

443 1749 463 1771 »
498 1739 569 1774 tur
585 1730 639 1771 de
657 1737 769 1772 terra
789 1728 876 1772 vita
909 1729 1013 1786 ejus.
1034 1729 1101 1771 Ab
1125 1728 1425 1787 iniquitatibus
1440 1727 1590 1787 populi
1613 1728 1697 1771 mei
1716 1727 1825 1771 duc-

445 1820 463 1842 »
498 1810 568 1844 tus
587 1798 726 1842 estad
748 1806 949 1841 mortem.
980 1815 1000 1836 »
1031 1796 1284 1841 Audiebatis
1305 1798 1437 1841 modo
1466 1797 1684 1842 dicentem
1714 1797 1823 1841 illis:

441 1870 558 1924 Quid
580 1868 701 1912 vobis
728 1867 840 1911 feci?
861 1868 901 1911 Si
935 1868 1159 1911 invenistis
1187 1868 1230 1910 in
1265 1882 1334 1910 me
1357 1878 1610 1926 peccatum,
1641 1868 1821 1926 arguite.

442 1943 500 1983 Et
513 1938 594 1993 illi,
621 1937 882 1993 «Crucifige‚
901 1936 1106 1995 crucifige
1126 1956 1134 1980 ;
1156 1954 1175 1977 »
1199 1946 1246 1979 ut
1265 1938 1480 1995 putabant
1498 1938 1735 1993 hominem,
1763 1947 1827 1982 ta-

448 2024 547 2053 men
580 2008 873 2051 innocentem.
900 2009 1046 2070 -Ergo,
1082 2026 1101 2048 α
1128 2008 1196 2052 Ab
1229 2008 1532 2067 iniquitatibus
1559 2009 1713 2068 populi
1744 2009 1826 2052 mei

446 2099 465 2121 »
501 2078 660 2122 ductus
682 2086 745 2121 est
761 2076 816 2120 ad
840 2086 1038 2121 mortem.
1063 2095 1082 2117 »

501 2151 601 2193 VII.
629 2167 650 2190 «
684 2148 808 2192 Dabo
843 2162 945 2205 crgo
988 2146 1123 2191 malos
1153 2163 1230 2206 pro
1265 2148 1486 2206 sepultura
1522 2150 1627 2209 ejus.
1658 2167 1677 2190 n
1714 2148 1829 2202 Quid

443 2230 507 2266 est
521 2221 629 2275 hoc,
658 2238 678 2261 «
709 2219 832 2263 Dabo
854 2216 989 2262 malos
1006 2233 1084 2277 pro
1103 2218 1324 2277 sepultura
1358 2220 1469 2278 ejus,
1503 2229 1546 2263 et
1572 2220 1727 2264 divites
1751 2235 1829 2279 pro

447 2311 467 2333 »
487 2300 628 2335 morte
647 2291 738 2350 ejus
758 2292 772 2315 ⁵
787 2291 804 2333 ἱ)
820 2307 840 2330 »
865 2289 1003 2334 Malos
1021 2298 1198 2348 propter
1223 2288 1508 2349 sepulturam,
1533 2289 1686 2334 divites
1703 2306 1831 2350 prop-

449 2372 510 2407 ter
541 2370 741 2405 mortem.
786 2379 805 2401 «
842 2359 969 2403 Dives
997 2358 1069 2402 ille
1109 2360 1164 2404 ab
1208 2361 1468 2404 Arimathaea
1506 2362 1688 2419 Joseph,
1730 2377 1829 2405 cum

449 2452 468 2474 »
506 2432 716 2476 Dominus
740 2430 950 2489 penderet
978 2430 1024 2473 in
1061 2445 1189 2474 cruce
1207 2465 1217 2483 ‚
1249 2431 1426 2474 intravit
1463 2430 1517 2474 ad
1545 2429 1758 2485 Pilatum,
1789 2440 1831 2474 et

450 2521 470 2544 »
506 2502 630 2561 petiit
652 2516 808 2560 corpus
831 2502 949 2560 ejus:
976 2501 1207 2545 obsecutus
1229 2510 1313 2555 est,
1340 2510 1390 2545 ut
1415 2500 1614 2559 sepeliret
1630 2503 1662 2544 ὃ.
1690 2519 1710 2542 »
1738 2502 1831 2545 Dati

498 2607 504 2619 ¹
527 2599 606 2630 Psal.
630 2598 826 2636 xv111‚6.-—
843 2606 856 2620 ³
872 2600 949 2629 Luc.
970 2608 1054 2631 ww,
1071 2596 1122 2639 41.
1144 2615 1184 2619 —--
1199 2596 1310 2628 ⁷¹1bm.
1333 2597 1385 2638 (16.
1408 2615 1441 2619 -
1462 2597 1475 2626 4
1497 2598 1574 2629 lbitl.
1597 2596 1649 2639 47.
1672 2615 1712 2619 —
1730 2597 1826 2630 5Isai'.

451 2668 516 2694 ΜΠ,
531 2668 562 2697 q.
583 2673 622 2678 -—
642 2655 656 2675 s*
675 2656 785 2687 Manli,
807 2667 903 2688 xxvn.
920 2656 971 2696 537,
