1867 3320
353 342 494 373 suano
523 344 688 387 xxvm,
723 350 776 377 DE
808 349 941 380 νεικεῖ]
976 341 1000 380 3
1032 352 1185 385 psum
1215 360 1297 388 ειν.
1426 351 1506 392 411

137 410 303 456 lectum
324 425 469 455 amare
491 410 716 457 debemus.
744 420 882 462 Sonus
903 426 968 462 est
989 420 1110 479 quasi
1131 436 1299 482 corp11S‚
1317 426 1512 473 intellec-

137 492 207 527 tus
228 491 293 526 est
313 482 436 543 quasi
459 483 644 528 animus.
674 486 757 530 Sed
781 502 910 532 sonus
935 504 1036 534 mox
1058 500 1108 534 ut
1127 507 1271 537 aurem
1292 511 1512 554 percusse-

135 553 208 608 rit,
228 568 465 613 auremque
485 553 692 613 tetigerit,
718 558 884 613 transit,
902 574 982 604 nec
1001 570 1241 606 revocatur.
1264 567 1350 610 Nec
1372 568 1512 613 adhuc

134 633 275 670 sonat.
292 627 358 669 Ita
375 624 490 668 enim
508 623 690 683 syllabae
710 628 945 686 praeeundo
963 639 1006 675 et
1023 631 1242 691 sequendo
1259 637 1509 693 succedunt,

134 705 186 740 ut
207 696 398 740 secunda
420 711 510 741 non
535 705 676 752 sonet,
702 698 782 741 nisi
804 700 942 757 prima
963 703 1186 747 transierit.
1208 706 1512 752 Verumtamen

134 766 194 812 sic
217 766 441 827 quomodo
458 766 682 827 quoddam
707 769 1001 815 transitorium
1021 787 1227 832 magnum
1244 775 1376 820 habet
1392 778 1514 823 mira-

133 837 299 884 culum.
315 840 430 883 Ecce
443 839 558 883 enim
577 839 610 883 si
625 839 748 883 vobis
764 842 1052 887 esurientibus
1064 860 1219 904 panem
1234 862 1509 906 apponerem,

132 924 223 953 non
238 910 484 968 perveniret
498 909 552 955 ad
570 910 778 969 singulos,
800 921 938 957 totum
952 913 1195 961 divideretis
1212 919 1332 962 vobis
1345 922 1375 974 ¹,
1393 929 1512 965 tanto

132 981 278 1025 minus
304 980 524 1026 haberetis
549 1001 558 1027 ε
583 982 718 1027 modo
741 992 885 1028 autem
911 1000 1148 1030 sermonem
1167 989 1338 1047 profero
1362 992 1510 1047 verbi,

132 1052 246 1096 inter
280 1066 358 1097 vos
398 1052 587 1111 syllabas
621 1069 712 1098 non
746 1053 936 1099 dividitis
954 1090 964 1111 ,
988 1071 1067 1101 nec
1100 1058 1248 1102 secatis
1276 1074 1512 1105 sermonem

131 1137 309 1179 meum,
338 1132 388 1167 ut
411 1123 520 1168 alius
553 1122 680 1168 tollat
710 1124 837 1169 istam
869 1135 1061 1184 partem,
1097 1127 1204 1173 alius
1225 1129 1367 1185 illam,
1393 1140 1434 1175 et
1455 1133 1512 1176 sie

130 1193 383 1238 minutatim
402 1202 445 1237 et
461 1193 757 1254 particulatim
779 1195 834 1239 ad
852 1195 1040 1260 singulos
1061 1213 1255 1258 quosque
1275 1199 1395 1259 quod
1416 1202 1511 1247 dico

129 1264 356 1324 perveniat
377 1283 387 1311 :
419 1264 494 1310 sed
518 1274 662 1310 totum
692 1264 816 1310 audit
849 1282 961 1311 unus
978 1302 989 1322 ,
1028 1277 1168 1312 totum
1191 1270 1370 1315 audiunt
1392 1270 1480 1317 duo
1497 1308 1507 1327 ‚

130 1344 273 1380 totum
303 1335 494 1380 audiunt
526 1335 674 1396 plures
691 1371 702 1392 ‚
728 1345 771 1381 et
793 1346 1011 1397 quotquot
1034 1340 1229 1384 venerint
1257 1349 1398 1386 totum
1432 1359 1510 1387 au-

129 1405 258 1452 diunt
276 1428 287 1466 3
304 1416 348 1452 et
362 1408 567 1453 omnibus
587 1408 748 1453 suflicit
763 1443 773 1463 ‚
801 1418 844 1453 et
865 1409 1044 1469 singulis
1066 1411 1280 1471 integrum
1302 1422 1384 1457 est:
1400 1429 1510 1473 prae-

129 1488 309 1538 paratur
327 1478 383 1523 ad
410 1478 680 1524 audiendum
703 1480 818 1524 auris
835 1490 909 1525 tua
928 1516 938 1535 ‚
963 1496 1042 1526 nee
1067 1497 1162 1526 eam
1186 1482 1356 1528 fraudat
1372 1484 1509 1529 vicina

130 1551 245 1594 auris
261 1550 414 1595 aliena.
430 1551 472 1596 Si
494 1552 579 1596 hoc
600 1552 650 1596 fit
671 1551 726 1596 de
747 1552 882 1597 verbo
899 1562 1078 1597 sonante
1099 1554 1206 1614 quid
1225 1556 1274 1599 fit
1295 1555 1349 1599 de
1369 1557 1508 1600 Verbo

128 1622 456 1682 omnipotente?
473 1624 706 1677 Quomodo
722 1624 838 1668 enim
859 1640 941 1669 vox
955 1625 1033 1669 ista
1055 1635 1198 1669 nostra
1219 1626 1392 1670 auribus
1416 1642 1508 1671 om-

128 1692 253 1736 nium
274 1693 547 1738 audientium
575 1693 756 1752 singulis
790 1704 880 1738 tota
903 1704 966 1738 est
987 1706 1029 1738 et
1061 1695 1177 1754 apud
1206 1695 1392 1753 singulos
1420 1706 1507 1741 tota

129 1772 219 1821 est3
244 1779 324 1808 nec
348 1773 412 1809 tot
434 1773 536 1809 sunt
556 1780 664 1809 meae
692 1780 818 1810 voces
841 1775 949 1825 quot
981 1774 1132 1810 vestrae
1155 1782 1305 1822 aures,
1329 1768 1402 1811 sed
1424 1784 1507 1812 una

128 1850 211 1880 vox
233 1833 393 1880 multas
422 1851 546 1880 aures
568 1835 744 1895 implet,
769 1852 858 1881 non
881 1836 1015 1881 divisa
1031 1872 1042 1891 ,
1072 1836 1146 1881 sed
1170 1838 1368 1882 omnibus
1387 1848 1473 1883 tota
1495 1859 1504 1884 :

127 1905 188 1950 sic
209 1905 395 1964 cogitate
412 1906 610 1950 Verbum
634 1907 712 1951 Dei
734 1915 877 1952 totum
896 1907 940 1950 in
962 1906 1082 1951 ecelis
1098 1942 1108 1961 ‚
1136 1916 1272 1951 totum
1298 1909 1341 1951 in
1366 1911 1504 1959 terris,

127 1985 270 2021 totum
293 1977 339 2020 in
356 1977 557 2035 Angelis,
583 1987 727 2023 totum
750 1978 868 2038 apud
898 1981 1088 2032 Patrem,
1112 1987 1251 2021 totum
1273 1978 1387 2037 apud
1411 1980 1507 2022 Vir-

127 2049 273 2108 ginem
290 2083 302 2103 ,
332 2057 474 2093 totum
498 2050 544 2093 in
566 2050 811 2095 aeternitate
829 2086 839 2106 ‚
868 2059 1008 2095 totum
1037 2050 1081 2092 in
1113 2065 1239 2093 carne
1256 2085 1265 2103 ,
1292 2059 1429 2094 totum
1453 2050 1507 2094 ad

126 2117 288 2162 inferos
302 2152 313 2173 ,
332 2133 433 2163 cum
453 2119 644 2165 visitaret
668 2130 810 2165 totum
825 2156 835 2175 ,
857 2130 997 2165 totum
1026 2119 1070 2163 in
1088 2119 1282 2179 paradiso
1298 2155 1308 2174 ,
1329 2136 1417 2180 quo
1438 2121 1504 2165 la-

125 2188 342 2234 latronem
365 2190 600 2235 transtulit.
629 2193 733 2236 Haec
754 2192 841 2237 dixi
859 2190 913 2235 de
934 2206 1053 2235 sono.

185 2264 238 2306 V.
266 2261 380 2315 Quid
406 2263 440 2306 si
463 2262 518 2307 de
535 2262 763 2308 intellectu
794 2262 958 2324 aliquid
988 2262 1127 2306 dicam
1145 2263 1162 2305 Ρ
1179 2271 1343 2321 quanto
1366 2263 1504 2307 minus

127 2341 190 2377 est
217 2348 348 2393 quam
372 2333 569 2378 Verbum
595 2335 704 2378 Dei?
728 2337 837 2379 Ecce
873 2334 983 2377 enim
1015 2347 1167 2376 sonum
1204 2348 1291 2376 non
1322 2349 1473 2377 revoco
1491 2369 1501 2387 ‚

125 2403 200 2448 sed
221 2403 254 2447 si
276 2403 377 2448 volo
399 2405 556 2460 audiri,
577 2404 763 2450 alterum
788 2419 940 2450 sonum
959 2404 1146 2463 protero,
1168 2412 1209 2447 et
1231 2419 1326 2446 cum
1351 2414 1390 2447 vt
1419 2405 1504 2462 ipso

125 2475 355 2531 transierit,
382 2476 556 2536 profero
588 2476 801 2531 alterum,
829 2485 903 2519 aut
926 2474 1144 2517 silentium
1179 2484 1466 2532 consequi-tur
1492 2495 1498 2518 :

125 2545 396 2591 intellectum
418 2563 521 2593 vero
553 2556 596 2592 et
624 2548 798 2607 profero
821 2548 873 2591 ad
906 2556 946 2590 to
964 2582 973 2599 ‚
996 2555 1037 2589 vt
1062 2555 1185 2589 teneo
1209 2545 1320 2603 apud
1342 2561 1429 2600 '¹¹03
1461 2556 1500 2589 vt

189 2647 198 2664 ¹
219 2643 296 2675 Cod.
316 2645 401 2677 Cass.
421 2655 456 2686 n,
476 2644 529 2676 fol.
557 2644 614 2676 132
637 2657 642 2675 :
666 2656 682 2672 «
713 2647 749 2676 lit
773 2647 890 2687 quani«)
919 2643 1019 2685 phu-vs
1048 2642 1174 2676 vsu-lis.
1207 2647 1293 2673 inuito
1326 2654 1420 2672 ιιιιιιιι»
1442 2642 1497 2672 lna*

126 2697 258 2731 heretis.
