1867 3320
214 305 353 333 smum)
386 304 496 341 xxv,
533 307 585 332 DE
618 308 845 338 ratischLo
882 304 930 339 12
963 315 1110 343 PSAle
1142 320 1254 348 xciii.
1331 314 1410 354 385

52 377 200 414 autem
229 369 365 428 gratia
385 369 430 412 in
451 378 596 414 vetere
619 374 890 420 Testamento
920 376 1120 436 figurata,
1147 383 1189 426 in
1210 400 1318 432 novo
1346 404 1415 434 re..

50 438 205 485 velata.
428 448 431 450 ·

110 511 167 553 ΙΙ.
194 508 392 568 Denique
409 511 497 552 Lex
513 508 585 553 illa
598 544 609 565 ,
629 522 803 572 propter
821 530 890 558 eos
904 516 979 574 qui
996 519 1215 564 carnaliter
1232 526 1413 582 sapiunt,

51 587 95 623 et
117 578 217 622 talia
240 578 416 638 praemia
439 590 644 637 quaerunt
666 597 690 625 a
711 586 799 627 Deo
813 618 823 638 ,
849 594 892 628 et
912 596 1087 645 propter
1103 588 1174 632 illa
1192 594 1322 637 Deum
1346 611 1418 640 co-

50 648 139 693 lere
155 649 312 694 volunt
333 664 431 709 quae
449 649 512 693 ibi
527 651 733 709 promissa
751 663 849 698 sunt
860 689 870 709 ,
887 656 1034 701 audire
1047 663 1202 704 meruit
1219 662 1271 705 ab
1285 668 1419 722 Apos-

51 718 141 764 tolo
161 718 314 773 Paulo,
329 718 432 778 quia
446 719 501 762 ad
515 720 764 765 servitutem
785 728 998 780 generat1.
1020 729 1189 779 Quare?
1211 732 1313 783 Quia
1329 749 1422 777 ear-

52 788 207 833 naliter
241 787 498 846 intelligitur
519 804 543 832 a
575 790 752 834 Judaeis.
779 794 885 837 Nam
918 795 1158 853 spiritaliter
1188 799 1420 859 intellecta,

7 895 11 899 .
51 858 340 918 Evangelium
360 869 439 904 est.
467 862 585 918 Ergo
618 860 664 903 in
687 863 933 907 servitutem
964 878 1149 923 generat.
1176 872 1318 922 Quos?
1341 875 1422 926 Qui

52 939 230 989 propter
241 930 356 974 bona
368 939 539 974 terrena
549 933 638 975 Deo
651 933 859 977 serviunt?
864 935 1046 987 Quando
1057 937 1137 982 illis
1153 939 1320 996 adsunt,
1337 959 1423 1001 gra-

52 1001 132 1045 tias
144 1011 280 1059 agunt
293 1022 304 1059 3
319 1001 498 1062 quando
513 1000 687 1057 desunt,
704 1003 1018 1063 blasphemant.
1028 1009 1112 1059 Qui
1129 1011 1240 1053 enim
1253 1023 1424 1071 propter

53 1085 103 1115 ea
125 1073 215 1115 Deo
236 1071 452 1126 serviunt,
478 1086 581 1116 vero
603 1072 733 1116 corde
755 1074 911 1118 servire
933 1090 1021 1119 non
1051 1089 1241 1135 possunt.
1274 1085 1424 1125 Atten-

14 1164 21 1170 *
53 1140 165 1185 dunt
186 1141 301 1185 enim
325 1156 397 1185 eos
419 1141 496 1201 qui
518 1143 610 1185 Deo
627 1151 773 1186 nostro
794 1158 881 1187 non
903 1146 1091 1189 serviunt
1113 1166 1121 1190 ε
1146 1146 1291 1192 vident
1313 1153 1424 1194 enim

53 1224 125 1255 eos
141 1211 302 1255 habere
323 1220 503 1270 propter
529 1211 650 1270 quod
679 1212 758 1271 ipsi
786 1215 874 1257 Deo
902 1215 1117 1272 serviunt,
1150 1226 1191 1260 et
1213 1217 1358 1262 dicunt
1382 1221 1425 1264 in

57 1280 188 1325 corde
214 1296 315 1335 suo,
336 1281 454 1334 Quid
474 1281 580 1325 mihi
602 1281 778 1340 prodest
798 1283 897 1342 quia
920 1287 1007 1328 Deo
1024 1286 1188 1329 servio?
1209 1289 1424 1347 Numquid

14 1399 19 1401 ,
54 1349 197 1395 habeo
221 1360 391 1395 tantum
408 1386 420 1406 ,
461 1359 677 1411 quantum
706 1350 777 1395 ille
810 1353 882 1411 qui
909 1352 1100 1411 quotidie
1127 1354 1390 1414 blasphemat
1408 1361 1424 1400 ἰ’

53 1420 184 1475 Orat,
209 1430 253 1464 et
272 1421 431 1478 esurit3
454 1420 756 1480 blasphemat,
781 1430 822 1464 et
840 1430 991 1464 ructat.
1013 1423 1096 1474 Qui
1119 1424 1172 1466 ad
1190 1425 1263 1467 ista
1288 1436 1425 1468 atten-

0 1508 1 1544 ς
21 1481 33 1532 i
54 1489 133 1545 dit,
158 1491 289 1535 homo
313 1499 400 1549 est,
423 1491 556 1534 homo
590 1500 655 1534 est
676 1490 731 1534 de
755 1493 1023 1535 Testamento
1045 1494 1190 1535 veteri.
1217 1495 1297 1546 Qui
1327 1511 1424 1538 vero

27 1571 37 1604 ῑ
53 1561 98 1605 in
122 1563 397 1606 Testamento
419 1577 534 1606 novo
558 1564 694 1605 Deum
716 1562 838 1616 colit,
863 1577 1017 1606 novam
1040 1563 1327 1607 haereditatem
1351 1565 1424 1607 dc·

26 1620 127 1679 ¹{bet
146 1647 340 1691 sperare,
364 1647 456 1676 non
473 1640 681 1676 veterem.
705 1631 747 1676 Si
770 1647 924 1676 novam
942 1632 1229 1676 haereditatem
1261 1650 1418 1692 speras,

34 1709 42 1760 ιζ
55 1709 213 1747 terram
235 1703 385 1758 transi,
409 1702 527 1748 calca
548 1704 727 1747 vertices
745 1704 973 1758 montium,
1000 1704 1080 1746 hoc
1097 1712 1173 1757 est,
1197 1714 1421 1748 contemne

27 1767 274 1839 ¹*fastigium
287 1773 592 1831 superborum.
613 1772 698 1816 Sed
716 1773 893 1831 quando
913 1774 1215 1830 contempseris
1229 1783 1270 1817 et
1283 1773 1419 1817 calca-

35 1842 163 1888 iveris
181 1878 192 1898 ,
209 1842 385 1887 humilis
406 1852 498 1887 esto
515 1878 526 1897 ,
552 1857 608 1886 ne
625 1841 680 1886 de
695 1841 922 1885 altitudine
941 1844 1080 1886 cadas.
1098 1844 1225 1896 Audi,
1251 1846 1423 1888 Sursum

38 1892 151 1974 ⁵5cor3
173 1912 250 1957 sed
268 1912 322 1957 ad
340 1913 575 1956 Dominum
591 1947 602 1966 ‚
625 1927 713 1956 non
730 1920 878 1955 contra
903 1913 1144 1955 Dominum.
1170 1914 1326 1956 Omnes
1349 1931 1421 1957 su-

40 1985 179 2048 {iperbi
198 1999 369 2029 sursum
389 1998 464 2028 cor
481 1983 660 2038 habent,
684 1982 757 2027 sed
780 1993 927 2027 contra
952 1983 1193 2026 Dominum.
1218 1984 1257 2026 oi
1280 1994 1420 2026 autem

39 2046 119 2115 {ivis
135 2065 185 2100 tu
205 2071 306 2100 vere
339 2070 507 2099 sursum
540 2069 614 2099 cor
655 2054 814 2098 habere
832 2075 842 2110 ·,
877 2054 930 2097 ad
970 2054 1193 2097 Dominum
1228 2055 1348 2096 habe.
1379 2055 1420 2097 si

43 2126 173 2189 ,ienim
200 2126 256 2170 ad
293 2126 526 2170 Dominum
549 2124 751 2168 habueris
780 2139 853 2169 cor
873 2139 1058 2178 sursum,
1092 2124 1178 2182 ipse
1211 2132 1322 2166 tenet
1349 2139 1420 2167 cor

45 2199 205 2282 ÷spinum,
232 2211 287 2240 ne
303 2195 431 2241 cadat
446 2196 492 2239 in
514 2204 687 2239 terram.

48 2290 62 2346 ί
119 2268 199 2310 111.
217 2268 373 2310 Beatus
394 2280 496 2324 ergo
516 2266 581 2309 vir
605 2284 613 2309 :
635 2284 653 2306 «
676 2265 823 2307 beatus
842 2264 970 2307 homo
986 2277 1112 2321 quem
1133 2271 1176 2305 tu
1200 2260 1415 2316 crudit-ris,

0 2377 2 2382 .
47 2350 86 2386 ξύν
118 2337 317 2381 Domine.
347 2355 366 2378 »
394 2340 506 2381 Ecce
528 2336 710 2396 loquor,
735 2350 832 2378 ecce
853 2335 1003 2382 clamo,
1025 2348 1119 2375 ecce
1137 2348 1314 2390 expono.
1339 2335 1419 2385 Qui

0 2427 6 2454 ι
51 2391 131 2485 ,Ῥω
151 2405 368 2451 audiunt?
388 2407 483 2452 Scio
503 2407 577 2466 qui
599 2421 667 2448 me
691 2405 872 2448 audiunt
900 2423 906 2447 :
931 2423 949 2443 «
979 2405 1124 2444 Beatus
1149 2403 1274 2444 boum
1295 2419 1420 2460 quenl

0 2497 9 2526 3
53 2485 91 2532 ,β
122 2485 170 2520 tu
193 2477 417 2532 erudieris,
447 2477 654 2526 Domine-3
679 2494 697 2515 »
716 2476 783 2519 cui
812 2478 917 2517 Deus
940 2473 981 2514 in
1001 2472 1355 2530 ‹·oi·d‹=l‹›qui1ui·‚
1382 2484 1419 2514 vt

0 2595 11 2603 ,
55 2532 241 2616 huando
258 2563 337 2607 ego
363 2557 503 2603 taceo,
532 2548 618 2606 ipse
646 2555 706 2590 est
733 2566 751 2587 α
788 2546 929 2588 beatus
961 2558 1086 2600 quem
1120 2552 1163 2585 tu
1196 2543 1419 2588 erudivi-1³,

113 2637 121 2655 ¹
142 2632 242 2666 Galat.
262 2644 308 2675 iv,
328 2633 382 2675 ²4·

198 2696 345 2728 cxxiv.
704 2692 708 2697 ’
1247 2680 1292 2714 ’-’”·
