1867 3320
377 259 516 287 sunno
547 259 600 298 x,
634 258 688 286 DE
720 259 886 288 summo
916 257 1164 291 sALomoms.
1375 257 1458 296 267

84 336 177 371 tum
196 325 312 370 enim
327 324 505 385 justitiae
532 339 622 369 suae
642 325 848 370 dicebant
868 324 1032 370 venisse
1053 328 1349 385 Evangelium.
1378 333 1461 378 Sed

81 412 173 442 non
202 405 296 440 erat
328 410 503 450 eorum,
539 394 661 455 quod
692 394 938 454 spiritaliter
964 410 1054 440 non
1083 408 1303 443 noverant.
1334 402 1462 454 Quod

82 482 187 527 ergo
223 466 460 512 Christiani
495 466 786 521 vocabantur,
823 465 965 510 alieno
998 465 1175 510 nomine
1207 467 1434 525 gloriantes
1448 508 1458 527 ,

81 547 290 598 tanquam
305 536 379 580 illa
395 536 450 580 de
468 535 559 581 filio
576 551 707 596 quem
730 551 819 582 non
844 536 933 596 ipsa
953 545 1195 596 pepererat,
1212 538 1340 583 etiam
1357 555 1462 586 con-

81 606 261 653 tendere
278 606 529 666 audebant3
554 622 656 651 cum
676 607 757 666 ipsi
774 622 826 651 ex
846 606 1051 666 operibus
1073 608 1196 665 Legis
1218 608 1389 655 excluso
1404 612 1465 655 in-

80 679 261 725 tellectu
287 678 469 739 spiritali
505 688 716 739 tanquam
739 678 793 723 de
824 693 1005 738 corpore
1026 680 1166 739 operis
1192 680 1258 725 sui
1279 682 1464 727 animam

80 751 322 811 ejecerant,
348 759 392 795 et
413 751 714 810 extinguentes
734 750 976 809 prophetiae
997 751 1196 810 spiritum
1218 752 1386 809 vivum,
1412 755 1467 799 ad

79 820 268 866 carnalia
290 836 420 881 opera
442 821 536 866 sine
567 821 655 866 vita
671 855 682 875 ,
707 821 792 865 hoc
813 828 903 875 est,
933 821 1024 865 sine
1045 821 1269 866 intellectu
1288 823 1465 882 spiritali

78 901 378 936 remanserant
396 912 406 948 ς
435 906 536 951 quae
558 890 772 935 Gentibus
793 891 924 935 etiam
946 906 1189 950 supponere
1206 894 1461 952 cupiebant,

78 971 123 1006 et
145 961 201 1006 ab
219 962 277 1006 eis
297 971 506 1022 tanquam
525 962 674 1007 vivum
693 959 832 1004 filium
851 995 862 1016 ,
888 975 1050 1005 nomen
1078 961 1247 1006 auferre
1269 964 1465 1008 christia-

78 1047 202 1077 num.
231 1033 349 1084 Quos
372 1032 431 1076 ita
459 1031 618 1076 refellit
645 1031 878 1091 Apostolus
899 1066 909 1087 ,
932 1041 982 1076 ut
1008 1041 1130 1077 tanto
1151 1033 1294 1077 minus
1317 1034 1371 1078 ad
1395 1049 1466 1079 eos

77 1102 294 1163 pertinere
326 1101 442 1147 dicat
473 1103 653 1161 gratiam
688 1102 992 1156 christianam,
1022 1112 1189 1163 quanto
1217 1105 1350 1162 magis
1373 1120 1467 1149 eam

79 1174 160 1218 sibi
181 1183 393 1233 tanquam
431 1174 623 1218 debitam
661 1173 907 1230 vindicant,
931 1184 974 1218 et
1008 1175 1131 1234 quasi
1150 1176 1248 1235 jure
1284 1191 1465 1235 operum

78 1260 201 1290 suam
231 1260 321 1289 esse
349 1244 606 1304 gloriantur.
639 1264 660 1287 «
686 1246 738 1289 Ei
770 1246 886 1289 enim
921 1246 997 1306 qui
1024 1255 1254 1305 operatur,
1292 1247 1461 1307 inquit,

81 1334 102 1358 »
138 1330 301 1360 merces
327 1330 417 1360 non
447 1315 689 1375 imputatur
715 1315 956 1360 secundum
979 1317 1187 1375 gratiam,
1214 1317 1289 1361 sed
1311 1332 1466 1362 secun-

82 1404 103 1429 »
138 1385 247 1430 dum
269 1385 484 1430 debitum.
511 1387 564 1429 Ei
585 1402 688 1431 vero
710 1388 785 1446 qui
808 1402 896 1432 non
920 1397 1122 1446 operatur
1138 1422 1148 1441 ,
1174 1388 1367 1432 credenti
1389 1404 1465 1432 au-

82 1475 102 1498 »
138 1465 228 1501 tem
257 1457 303 1500 in
331 1471 431 1500 eum
459 1456 536 1516 qui
552 1457 762 1516 justificat
783 1457 966 1516 impium
985 1492 996 1512 ,
1022 1456 1258 1516 deputatur
1277 1459 1383 1502 fides
1412 1458 1465 1502 ad

82 1545 102 1569 »
132 1527 343 1587 justitiam
366 1531 397 1570 1.
431 1545 451 1568 n
488 1529 545 1570 Et
572 1526 671 1571 ideo
706 1526 802 1572 illos
834 1528 962 1571 etiam
1001 1528 1056 1571 ab
1099 1543 1250 1572 eorum
1285 1544 1467 1574 numero

80 1596 297 1653 excludit,
325 1598 403 1657 qui
422 1612 475 1641 ex
503 1597 666 1642 Judaeis
688 1607 804 1642 recte
826 1597 1123 1653 crediderant,
1144 1608 1186 1643 et
1208 1600 1350 1643 vivam
1378 1601 1466 1659 spi-

80 1666 338 1728 ritalemque
362 1668 543 1726 gratiam
561 1668 824 1712 retinebant.
837 1670 953 1721 Quas
972 1668 1173 1728 reliquias
1190 1669 1294 1714 dicit
1318 1670 1468 1729 populi

81 1739 335 1783 Judaeorum
351 1738 487 1783 salvas
510 1738 644 1784 tactas
663 1774 674 1793 ,
699 1754 800 1783 cum
823 1738 1060 1783 multitudo
1078 1740 1176 1784 isset
1195 1740 1239 1783 in
1262 1741 1470 1799 perditio-

81 1811 216 1854 nem?
238 1826 258 1850 «
285 1810 353 1852 Sic
371 1822 474 1865 ergo
497 1818 541 1851 et
565 1810 610 1850 in
631 1810 715 1851 hoc
740 1819 934 1865 tempore
950 1842 961 1860 ,
986 1810 1128 1868 inquit
1145 1844 1156 1862 ,
1182 1810 1374 1869 reliquiae
1395 1826 1472 1870 per

86 1898 107 1923 >›
142 1879 399 1923 electionem
419 1877 567 1936 gratiae
589 1877 717 1921 salvae
737 1876 863 1921 factae
886 1881 1057 1921 sunt2.»
1087 1879 1127 1922 Si
1149 1889 1293 1924 autem
1312 1883 1445 1939 gratia
1459 1918 1469 1936 ,

76 1953 169 2012 jam
189 1965 278 1994 non
307 1964 358 1993 ex
380 1948 586 2008 operibus
605 1967 613 1992 :
641 1947 835 2008 alioquin
853 1949 986 2006 gratia
1006 1950 1095 2008 jam
1121 1965 1209 1994 non
1231 1960 1295 1995 est
1317 1954 1466 2010 gratia.

86 2024 143 2067 Ut
164 2020 227 2065 illi
247 2019 534 2065 excludantur
549 2035 573 2064 a
594 2020 745 2078 gratia,
763 2020 839 2079 qui
859 2029 1066 2080 tanquam
1084 2036 1209 2065 suum
1226 2024 1467 2082 proprium,

82 2092 130 2137 id
164 2101 228 2137 est
244 2126 256 2148 ,
280 2091 486 2150 operibus
519 2091 606 2135 suis
629 2091 829 2135 debitum
856 2100 900 2136 et
933 2090 1085 2136 datum
1112 2094 1335 2152 Evangelii
1360 2110 1471 2154 prae-

83 2164 222 2208 mium
254 2162 479 2208 vindicant
506 2181 515 2207 :
540 2163 663 2223 quasi
689 2162 906 2207 clamante
927 2164 1153 2222 Synagoga
1171 2200 1182 2219 ,
1220 2183 1240 2206 «
1265 2168 1387 2210 Meus
1408 2177 1470 2211 est

88 2252 110 2276 »
143 2234 271 2278 filius.
296 2251 317 2276 »
339 2232 425 2278 Sed
443 2233 762 2293 mentiebatur3
783 2243 1006 2293 acceperat
1023 2235 1138 2278 enim
1162 2250 1261 2280 cum
1283 2246 1326 2281 et
1349 2238 1438 2297 ipsa
1457 2257 1465 2283 :

84 2304 161 2350 sed
177 2321 307 2366 super
329 2320 431 2349 eum
454 2304 672 2350 dormiens
689 2341 699 2361 ‚
725 2305 771 2350 id
792 2315 882 2360 est,
902 2306 1085 2366 superbe
1102 2308 1269 2367 sapiens
1292 2324 1472 2354 necave-

84 2386 164 2422 rat.
188 2378 405 2436 Vigilabat
424 2386 568 2422 autem
585 2379 676 2438 Jam
698 2379 776 2423 ista
800 2387 936 2422 mater
953 2414 964 2432 ,
992 2388 1034 2422 ct
1056 2377 1353 2439 intelligebat,
1380 2397 1467 2426 non

84 2449 245 2493 meritis
264 2449 366 2504 suis,
387 2450 490 2509 quia
511 2451 713 2494 meretrix
735 2460 847 2505 erat,
874 2450 947 2494 sed
971 2451 1105 2507 gratia
1130 2452 1204 2495 Dei
1224 2453 1305 2496 sibi
1328 2452 1466 2497 lilium

83 2533 173 2563 esse
194 2534 447 2564 concessum
465 2555 476 2575 ,
502 2535 611 2580 opus
631 2520 834 2566 videlicet
855 2521 1113 2577 evangelica:
1137 2521 1236 2566 {idei
1256 2558 1267 2574 ,
1285 2522 1403 2582 quod
1424 2524 1467 2567 in

137 2610 145 2626 ¹
167 2607 318 2646 nom.1v,
338 2605 356 2638 3
375 2610 408 2637 et
426 2605 457 2637 Γ».
478 2622 516 2628 -·
533 2612 545 2628 ²
565 2606 612 2637 Id.
632 2605 720 2646 x1,.*'›,
739 2606 771 2638 6.
