1924 3309
477 251 560 290 346
898 264 932 291 ε.
967 261 1196 290 umusnm
1230 262 1410 289 Evtscom

475 337 619 374 catum
637 327 777 372 solum
801 328 856 372 ab
883 327 958 372 illo
979 343 1067 372 non
1089 327 1236 370 habes.
1263 328 1457 386 Excepto
1479 336 1679 386 peccato,
1705 328 1759 372 ab
1780 328 1855 373 illo

472 399 608 453 habes
625 397 841 459 quidquid
859 397 976 442 aliud
999 398 1144 441 habes.

532 472 613 515 ΙΙΙ.
635 472 731 516 Non
749 485 851 528 ergo
869 504 880 523 ,
898 467 1017 528 quod
1038 467 1146 521 dixi,
1167 468 1257 525 ipse
1280 476 1323 511 te
1344 466 1548 523 delectet,
1569 484 1592 512 a
1615 483 1704 529 quo
1721 470 1856 514 habes

470 539 689 602 quidquid
711 550 754 584 te
775 539 976 592 delectat,
998 547 1221 597 peccatum
1239 537 1478 597 intelligas,
1504 548 1547 582 et
1569 538 1685 584 dicas
1710 559 1720 584 ε
1745 543 1856 585 Ecce

471 611 658 656 delectat
680 626 749 655 me
772 619 995 669 peccatum
1012 643 1023 663 ,
1043 608 1260 670 numquid
1281 625 1304 653 a
1327 612 1417 653 Deo
1438 610 1581 654 habeo
1599 614 1858 669 peccatum?

471 682 583 727 Vide
601 682 738 741 primo
754 696 808 725 ne
831 679 942 724 forte
965 696 1054 723 non
1077 690 1120 724 te
1142 679 1329 725 delectet
1350 689 1576 740 peccatum
1595 716 1606 736 ‚
1631 681 1708 726 sed
1739 681 1858 746 aliud

472 762 516 797 te
550 752 758 806 delectet,
791 751 867 795 ubi
902 749 1032 795 facias
1063 759 1308 811 peccatum.
1334 750 1536 796 Amando
1559 767 1662 811 ergo
1685 762 1857 797 creatu-

472 839 563 867 ram
588 822 858 870 inordinate,
878 831 1028 866 contra
1050 837 1179 866 usum
1203 822 1434 866 honestum
1458 857 1469 878 ‚
1494 812 1642 867 centra
1665 822 1857 880 licitum,

470 903 621 938 contra
645 893 778 953 ipsius
790 893 1006 937 Creatoris
1027 892 1168 952 legem
1182 901 1225 937 et
1245 892 1515 937 voluntatem
1533 887 1720 938 amando
1744 909 1862 938 crea-

471 973 614 1008 turam
657 979 825 1023 peccas.
861 966 959 1008 Non
994 963 1136 1023 ipsum
1180 973 1406 1023 peccatum
1446 979 1562 1007 amas
1593 982 1602 1008 :
1639 963 1714 1008 sed
1748 964 1860 1009 male

477 1035 665 1080 amando
689 1034 809 1095 quod
841 1050 978 1089 amas,
1004 1033 1250 1095 illaquearis
1284 1045 1478 1095 peccato.
1513 1037 1666 1080 Eseam
1695 1036 1741 1079 in
1780 1035 1859 1079 reti

479 1106 644 1165 appetis
661 1141 671 1159 ‚
697 1115 740 1148 et
761 1106 955 1149 nesciens
979 1115 1156 1164 peccato
1177 1106 1381 1150 vesceris.-
1401 1105 1605 1166 idemque
1625 1106 1684 1150 sic
1707 1103 1860 1149 defen-

472 1174 552 1219 dis.
583 1176 624 1219 Si
650 1185 875 1234 peccatum
898 1185 961 1219 est
985 1176 1172 1219 multum
1206 1176 1378 1231 hibere,
1404 1192 1539 1237 quare
1560 1177 1712 1220 vinum
1741 1176 1861 1220 insti-

470 1245 555 1289 tuit
576 1246 814 1289 Dominus?
831 1247 871 1289 Si
892 1257 1118 1305 peccatum
1140 1255 1205 1290 est
1226 1263 1382 1290 aurum
1403 1261 1561 1298 amare,
1577 1256 1743 1290 amator
1763 1262 1860 1290 sum

472 1316 589 1370 auri,
613 1332 700 1360 non
720 1317 933 1361 Creatoris
956 1336 964 1361 :
983 1319 1163 1361 Creator
1183 1318 1276 1361 auri
1301 1321 1412 1361 Deus
1434 1327 1525 1375 est3
1546 1332 1681 1377 quare
1698 1318 1861 1366 creavit

471 1388 592 1448 quod
615 1403 758 1431 amare
786 1387 947 1431 malum
978 1389 1075 1431 est?
1101 1389 1168 1432 Sic
1191 1398 1345 1432 caetera
1377 1404 1477 1448 quae
1509 1404 1625 1431 amas
1650 1387 1787 1443 male,
1813 1388 1857 1432 in

472 1459 630 1518 quibus
649 1469 712 1503 est
733 1459 872 1503 omnis
892 1459 1082 1513 luxuria,
1110 1459 1188 1503 ubi
1216 1460 1553 1503 committuntur
1577 1459 1710 1503 multa
1735 1459 1860 1518 flagi-

472 1530 528 1573 tia
557 1549 565 1574 :
591 1530 784 1584 attende,
810 1518 990 1590 inspice,
1017 1529 1239 1574 considera
1259 1565 1270 1583 ,
1291 1531 1392 1590 quia
1415 1531 1554 1574 omnis
1570 1540 1765 1574 creatura
1787 1531 1862 1574 Dei

472 1602 587 1645 bona
606 1611 684 1655 est,
711 1612 753 1646 et
771 1601 859 1646 illic
883 1612 1108 1661 peccatum
1133 1618 1221 1645 non
1243 1611 1327 1656 est,
1355 1602 1436 1645 nisi
1459 1603 1558 1662 quia
1576 1602 1688 1646 male
1711 1603 1856 1646 uteris.
1922 1602 1924 1608 ⁸

473 1675 567 1716 Hoc
590 1687 691 1730 ergo
714 1673 831 1723 audi,
857 1689 883 1716 ο
902 1673 1048 1717 homo.
1079 1673 1189 1716 Dicis
1212 1692 1220 1716 ε
1243 1677 1383 1725 Quare
1405 1675 1518 1716 Deus
1536 1673 1723 1717 instituit
1739 1673 1860 1734 quod

473 1758 541 1786 me
565 1758 708 1787 amare
740 1742 977 1802 prohibet?
1007 1745 1101 1787 Non
1128 1743 1219 1801 ipse
1254 1742 1500 1786 institueret
1518 1777 1529 1797 ‚
1566 1754 1609 1788 et
1641 1759 1729 1787 non
1752 1753 1861 1788 esset

473 1815 593 1874 quod
621 1830 701 1873 ego
723 1829 912 1858 amarem
932 1835 943 1871 3
964 1829 1052 1857 non
1074 1814 1318 1857 institueret
1339 1823 1582 1857 creaturam
1602 1849 1613 1868 ‚
1637 1830 1767 1874 quam
1791 1829 1860 1858 me

468 1885 597 1946 jubet
615 1900 703 1928 non
727 1900 898 1941 amarer,
923 1894 966 1927 et
984 1900 1072 1927 non
1095 1894 1203 1927 esset
1228 1883 1349 1942 quod
1367 1898 1555 1927 amarem
1575 1904 1585 1940 3
1610 1893 1653 1928 et
1674 1884 1860 1930 amando

472 1953 715 1998 damnarer.
744 1956 786 1999 Si
808 1970 957 1999 vocem
983 1955 1145 1998 habere
1172 1964 1315 2014 posset
1345 1954 1434 2013 ipsa
1465 1965 1661 1998 creatura
1679 1990 1689 2009 ,
1729 1971 1860 2014 quam

472 2026 583 2071 male
606 2042 737 2080 amas,
762 2028 864 2087 quia
886 2041 966 2070 nec
983 2036 1025 2070 te
1047 2042 1185 2081 amas,
1212 2025 1491 2085 responderet
1513 2026 1593 2069 tibi
1615 2045 1624 2070 ι
1644 2025 1790 2071 Nolles
1811 2035 1861 2072 ut

472 2097 633 2142 faceret
660 2113 729 2142 me
755 2101 865 2141 Deus
882 2133 892 2152 ‚
918 2112 974 2141 ne
1003 2107 1112 2141 esset
1134 2097 1253 2156 quod
1277 2112 1442 2140 amares
1463 2117 1474 2151 3
1495 2112 1612 2140 nunc
1634 2112 1738 2156 ergo
1761 2096 1858 2141 vide

471 2185 602 2231 quam
633 2170 807 2230 iniquus
827 2169 881 2212 sis
896 2204 906 2223 ,
932 2178 975 2212 et
996 2168 1039 2212 in
1062 2169 1160 2227 ipsis
1180 2168 1324 2212 verbis
1353 2168 1438 2212 tuis
1461 2167 1753 2229 iniquissimus
1778 2167 1859 2212 de·

471 2241 752 2300 prebendaris
775 2260 782 2284 z
811 2239 943 2284 velles
965 2248 1015 2283 ut
1038 2243 1151 2283 Deus
1174 2237 1333 2283 faceret
1351 2247 1394 2282 te
1410 2275 1421 2294 ,
1456 2241 1530 2300 qui
1554 2249 1616 2283 est
1638 2254 1768 2298 super
1784 2249 1853 2294 te,

474 2321 516 2355 et
538 2310 674 2355 nolles
694 2310 852 2354 faceret
874 2309 993 2354 aliud
1026 2310 1206 2354 bonum.
1232 2309 1358 2363 Quod
1381 2310 1460 2353 tibi
1483 2310 1587 2354 fecit
1611 2312 1722 2354 Deus
1738 2345 1749 2365 ‚
1778 2309 1858 2354 bo-

473 2398 578 2426 num
613 2391 705 2425 est:
731 2380 806 2424 sed
830 2381 910 2424 alia
944 2390 1046 2424 sunt
1079 2395 1235 2438 magna
1274 2381 1386 2423 bona
1404 2416 1414 2434 ‚
1442 2380 1521 2424 alia
1547 2396 1676 2440 parva
1714 2380 1855 2431 bona;

476 2452 553 2496 alia
577 2454 792 2495 terrestria
813 2451 926 2496 bona
943 2486 953 2506 ‚
975 2449 1053 2494 alia
1077 2450 1313 2510 spiritualia
1338 2451 1449 2494 bona
1467 2485 1477 2505 ‚
1501 2449 1580 2494 alia
1605 2449 1857 2509 temporalia

474 2522 590 2565 bona
617 2541 625 2566 :
651 2523 793 2565 omnia
820 2531 965 2566 tamen
998 2522 1112 2565 bona
1129 2556 1139 2575 ‚
1168 2521 1270 2581 quia
1296 2521 1437 2565 bonus
1461 2520 1563 2565 fecit
1585 2520 1717 2564 bona.
1755 2519 1858 2564 Ideo

475 2594 663 2653 quodam
683 2594 726 2637 in
748 2593 844 2639 loeo
868 2594 1188 2653 Scripturarum
1212 2592 1458 2638 divinarum
1475 2592 1635 2637 dieitur
1655 2611 1663 2636 :
1695 2611 1715 2634 «
1734 2589 1854 2636 Ordi-
