<?xml version="1.0" encoding="UTF-8"?>
<!DOCTYPE html PUBLIC "-//W3C//DTD XHTML 1.0 Transitional//EN"
    "http://www.w3.org/TR/xhtml1/DTD/xhtml1-transitional.dtd">
<html xmlns="http://www.w3.org/1999/xhtml" xml:lang="en" lang="en">
 <head>
  <title>
</title>
<meta http-equiv="Content-Type" content="text/html;charset=utf-8" />
  <meta name='ocr-system' content='tesseract 3.04.00' />
  <meta name='ocr-capabilities' content='ocr_page ocr_carea ocr_par ocr_line ocrx_word'/>
</head>
<body>
  <div class='ocr_page' id='page_1' title='image "./operaomniaaccura17auguuoft_0515.png"; bbox 0 0 1867 3320; ppageno 0'>
   <div class='ocr_carea' id='block_1_1' title="bbox 266 259 1434 304">
    <p class='ocr_par' dir='ltr' id='par_1_1' title="bbox 266 259 1434 304">
     <span class='ocr_line' id='line_1_1' title="bbox 266 259 1434 304; baseline 0.014 -16"><span class='ocrx_word' id='word_1_1' title='bbox 266 260 405 288; x_wconf 62' lang='lat' dir='ltr'><strong>suno</strong></span> <span class='ocrx_word' id='word_1_2' title='bbox 435 259 621 300; x_wconf 82' lang='lat' dir='ltr'><strong>xxxvm,</strong></span> <span class='ocrx_word' id='word_1_3' title='bbox 656 261 710 289; x_wconf 68' lang='lat' dir='ltr'><strong>nn</strong></span> <span class='ocrx_word' id='word_1_4' title='bbox 743 261 888 293; x_wconf 68' lang='lat' dir='ltr'><strong>venais</strong></span> <span class='ocrx_word' id='word_1_5' title='bbox 921 268 1228 300; x_wconf 75' lang='lat' dir='ltr'><strong>ECCLESIASTICI.</strong></span> <span class='ocrx_word' id='word_1_6' title='bbox 1352 263 1434 304; x_wconf 79' lang='lat'><strong>495</strong></span> 
     </span>
    </p>
   </div>
   <div class='ocr_carea' id='block_1_2' title="bbox 62 324 1438 727">
    <p class='ocr_par' dir='ltr' id='par_1_2' title="bbox 62 324 1438 727">
     <span class='ocr_line' id='line_1_2' title="bbox 64 324 1433 398; baseline 0.015 -32"><span class='ocrx_word' id='word_1_7' title='bbox 64 324 202 368; x_wconf 83' lang='lat' dir='ltr'><strong>Istum</strong></span> <span class='ocrx_word' id='word_1_8' title='bbox 226 325 411 385; x_wconf 86' lang='lat' dir='ltr'>accipies</span> <span class='ocrx_word' id='word_1_9' title='bbox 432 325 641 371; x_wconf 84' lang='lat' dir='ltr'><strong>fructum.</strong></span> <span class='ocrx_word' id='word_1_10' title='bbox 669 331 790 373; x_wconf 89' lang='lat' dir='ltr'><strong>Tunc</strong></span> <span class='ocrx_word' id='word_1_11' title='bbox 811 331 892 375; x_wconf 88' lang='lat' dir='ltr'><strong>erit</strong></span> <span class='ocrx_word' id='word_1_12' title='bbox 919 348 1005 378; x_wconf 85' lang='lat' dir='ltr'><strong>una</strong></span> <span class='ocrx_word' id='word_1_13' title='bbox 1021 334 1092 380; x_wconf 91' lang='lat' dir='ltr'><strong>illa</strong></span> <span class='ocrx_word' id='word_1_14' title='bbox 1113 353 1244 396; x_wconf 91' lang='lat' dir='ltr'><strong>quam</strong></span> <span class='ocrx_word' id='word_1_15' title='bbox 1258 340 1402 398; x_wconf 83' lang='lat' dir='ltr'><strong>petisti</strong></span> <span class='ocrx_word' id='word_1_16' title='bbox 1422 359 1433 386; x_wconf 69' lang='grc' dir='ltr'>ε</span> 
     </span>
     <span class='ocr_line' id='line_1_3' title="bbox 66 395 1437 461; baseline 0.013 -24"><span class='ocrx_word' id='word_1_17' title='bbox 66 411 90 436; x_wconf 81' lang='grc' dir='ltr'><strong><em>α</em></strong></span> <span class='ocrx_word' id='word_1_18' title='bbox 122 396 262 439; x_wconf 87' lang='lat' dir='ltr'><strong>Unam</strong></span> <span class='ocrx_word' id='word_1_19' title='bbox 279 395 383 454; x_wconf 87' lang='lat' dir='ltr'><strong>petii</strong></span> <span class='ocrx_word' id='word_1_20' title='bbox 403 412 428 440; x_wconf 86' lang='lat' dir='ltr'><strong>a</strong></span> <span class='ocrx_word' id='word_1_21' title='bbox 446 398 631 442; x_wconf 90' lang='lat' dir='ltr'><strong>Domino</strong></span> <span class='ocrx_word' id='word_1_22' title='bbox 647 432 659 453; x_wconf 90' lang='lat'>‚</span> <span class='ocrx_word' id='word_1_23' title='bbox 683 398 796 444; x_wconf 92' lang='lat' dir='ltr'><strong>hanc</strong></span> <span class='ocrx_word' id='word_1_24' title='bbox 817 402 1049 461; x_wconf 86' lang='lat' dir='ltr'>requiram,</span> <span class='ocrx_word' id='word_1_25' title='bbox 1073 415 1123 451; x_wconf 94' lang='lat' dir='ltr'><strong>ut</strong></span> <span class='ocrx_word' id='word_1_26' title='bbox 1141 407 1377 454; x_wconf 86' lang='lat' dir='ltr'><strong>inhabitem</strong></span> <span class='ocrx_word' id='word_1_27' title='bbox 1391 411 1437 454; x_wconf 88' lang='lat' dir='ltr'><strong>in</strong></span> 
     </span>
     <span class='ocr_line' id='line_1_4' title="bbox 65 463 1438 537; baseline 0.013 -31"><span class='ocrx_word' id='word_1_28' title='bbox 65 483 88 506; x_wconf 66' lang='lat' dir='ltr'><strong>n</strong></span> <span class='ocrx_word' id='word_1_29' title='bbox 121 463 254 510; x_wconf 89' lang='lat' dir='ltr'><strong>domo</strong></span> <span class='ocrx_word' id='word_1_30' title='bbox 274 466 448 510; x_wconf 86' lang='lat' dir='ltr'>Domini</span> <span class='ocrx_word' id='word_1_31' title='bbox 466 482 545 526; x_wconf 90' lang='lat' dir='ltr'><strong>per</strong></span> <span class='ocrx_word' id='word_1_32' title='bbox 568 482 718 512; x_wconf 89' lang='lat' dir='ltr'><strong>omnes</strong></span> <span class='ocrx_word' id='word_1_33' title='bbox 741 468 831 514; x_wconf 89' lang='lat' dir='ltr'><strong>dies</strong></span> <span class='ocrx_word' id='word_1_34' title='bbox 849 471 950 515; x_wconf 87' lang='lat' dir='ltr'><strong>vitae</strong></span> <span class='ocrx_word' id='word_1_35' title='bbox 972 477 1120 518; x_wconf 85' lang='lat' dir='ltr'><strong>meae².</strong></span> <span class='ocrx_word' id='word_1_36' title='bbox 1140 494 1159 517; x_wconf 91' lang='lat'>»</span> <span class='ocrx_word' id='word_1_37' title='bbox 1179 479 1234 521; x_wconf 88' lang='lat' dir='ltr'><strong>Et</strong></span> <span class='ocrx_word' id='word_1_38' title='bbox 1251 479 1358 537; x_wconf 89' lang='lat' dir='ltr'><strong>quid</strong></span> <span class='ocrx_word' id='word_1_39' title='bbox 1376 479 1438 524; x_wconf 89' lang='lat' dir='ltr'><strong>ibi</strong></span> 
     </span>
     <span class='ocr_line' id='line_1_5' title="bbox 62 533 1438 597; baseline 0.01 -17"><span class='ocrx_word' id='word_1_40' title='bbox 62 533 222 581; x_wconf 76' lang='lat' dir='ltr'><strong>facies?</strong></span> <span class='ocrx_word' id='word_1_41' title='bbox 247 554 266 577; x_wconf 73' lang='grc' dir='ltr'><em>α</em></span> <span class='ocrx_word' id='word_1_42' title='bbox 289 538 348 582; x_wconf 88' lang='lat' dir='ltr'><strong>Ut</strong></span> <span class='ocrx_word' id='word_1_43' title='bbox 364 537 637 597; x_wconf 88' lang='lat' dir='ltr'><strong>contempler</strong></span> <span class='ocrx_word' id='word_1_44' title='bbox 654 538 989 587; x_wconf 84' lang='lat' dir='ltr'><strong>delectationem</strong></span> <span class='ocrx_word' id='word_1_45' title='bbox 1013 545 1197 590; x_wconf 87' lang='lat' dir='ltr'>Domini.</span> <span class='ocrx_word' id='word_1_46' title='bbox 1219 550 1275 592; x_wconf 91' lang='lat' dir='ltr'><strong>Et</strong></span> <span class='ocrx_word' id='word_1_47' title='bbox 1288 547 1438 594; x_wconf 86' lang='lat' dir='ltr'><strong>laude-</strong></span> 
     </span>
     <span class='ocr_line' id='line_1_6' title="bbox 64 607 1437 674; baseline 0.011 -25"><span class='ocrx_word' id='word_1_48' title='bbox 64 623 87 649; x_wconf 77' lang='lat'><strong>»</strong></span> <span class='ocrx_word' id='word_1_49' title='bbox 118 607 251 651; x_wconf 87' lang='lat' dir='ltr'><strong>turin</strong></span> <span class='ocrx_word' id='word_1_50' title='bbox 263 607 400 668; x_wconf 86' lang='lat' dir='ltr'><strong>portis</strong></span> <span class='ocrx_word' id='word_1_51' title='bbox 417 608 483 653; x_wconf 84' lang='lat' dir='ltr'><strong>vir</strong></span> <span class='ocrx_word' id='word_1_52' title='bbox 495 608 602 668; x_wconf 86' lang='lat' dir='ltr'><strong>ejus.</strong></span> <span class='ocrx_word' id='word_1_53' title='bbox 617 610 739 653; x_wconf 87' lang='lat' dir='ltr'><strong>Beati</strong></span> <span class='ocrx_word' id='word_1_54' title='bbox 751 611 827 670; x_wconf 93' lang='lat' dir='ltr'><strong>qui</strong></span> <span class='ocrx_word' id='word_1_55' title='bbox 843 612 1043 659; x_wconf 85' lang='lat' dir='ltr'><strong>habitant</strong></span> <span class='ocrx_word' id='word_1_56' title='bbox 1057 614 1104 659; x_wconf 91' lang='lat' dir='ltr'><strong>in</strong></span> <span class='ocrx_word' id='word_1_57' title='bbox 1121 614 1251 662; x_wconf 91' lang='lat' dir='ltr'><strong>domo</strong></span> <span class='ocrx_word' id='word_1_58' title='bbox 1269 627 1341 663; x_wconf 91' lang='lat' dir='ltr'><strong>tua</strong></span> <span class='ocrx_word' id='word_1_59' title='bbox 1355 653 1368 674; x_wconf 91' lang='lat'>‚</span> <span class='ocrx_word' id='word_1_60' title='bbox 1390 619 1437 664; x_wconf 87' lang='lat' dir='ltr'><strong>in</strong></span> 
     </span>
     <span class='ocr_line' id='line_1_7' title="bbox 64 676 988 727; baseline 0.006 -8"><span class='ocrx_word' id='word_1_61' title='bbox 64 694 86 719; x_wconf 88' lang='lat'><strong>»</strong></span> <span class='ocrx_word' id='word_1_62' title='bbox 119 676 280 723; x_wconf 83' lang='lat' dir='ltr'><strong>saecula</strong></span> <span class='ocrx_word' id='word_1_63' title='bbox 305 677 567 725; x_wconf 70' lang='lat' dir='ltr'><strong>saeculorum</strong></span> <span class='ocrx_word' id='word_1_64' title='bbox 592 677 834 726; x_wconf 89' lang='lat' dir='ltr'><strong>laudabunt</strong></span> <span class='ocrx_word' id='word_1_65' title='bbox 856 690 900 727; x_wconf 85' lang='lat' dir='ltr'><strong>te</strong></span> <span class='ocrx_word' id='word_1_66' title='bbox 913 683 945 727; x_wconf 85' lang='lat'><strong>².</strong></span> <span class='ocrx_word' id='word_1_67' title='bbox 966 701 988 725; x_wconf 79' lang='lat'><strong>»</strong></span> 
     </span>
    </p>
   </div>
   <div class='ocr_carea' id='block_1_3' title="bbox 61 843 662 865">
    <p class='ocr_par' dir='ltr' id='par_1_3' title="bbox 61 843 662 865">
     <span class='ocr_line' id='line_1_8' title="bbox 61 843 662 865; baseline 0 2455"><span class='ocrx_word' id='word_1_68' title='bbox 61 843 662 865; x_wconf 95' lang='lat' dir='ltr'><strong> </strong></span> 
     </span>
    </p>
   </div>
   <div class='ocr_carea' id='block_1_4' title="bbox 664 849 1365 871">
    <p class='ocr_par' dir='ltr' id='par_1_4' title="bbox 664 849 1365 871">
     <span class='ocr_line' id='line_1_9' title="bbox 664 849 1365 871; baseline 0 2449"><span class='ocrx_word' id='word_1_69' title='bbox 664 849 1365 871; x_wconf 95' lang='lat' dir='ltr'><strong> </strong></span> 
     </span>
    </p>
   </div>
   <div class='ocr_carea' id='block_1_5' title="bbox 1368 855 1437 871">
    <p class='ocr_par' dir='ltr' id='par_1_5' title="bbox 1368 855 1437 871">
     <span class='ocr_line' id='line_1_10' title="bbox 1368 855 1437 871; baseline 0 0"><span class='ocrx_word' id='word_1_70' title='bbox 1368 855 1437 871; x_wconf 64' lang='lat' dir='ltr'><strong>ww</strong></span> 
     </span>
    </p>
   </div>
   <div class='ocr_carea' id='block_1_6' title="bbox 454 986 1026 1040">
    <p class='ocr_par' dir='ltr' id='par_1_6' title="bbox 454 986 1026 1040">
     <span class='ocr_line' id='line_1_11' title="bbox 454 986 1026 1040; baseline 0.002 -7"><span class='ocrx_word' id='word_1_71' title='bbox 454 986 685 1034; x_wconf 87' lang='lat' dir='ltr'>SERMO</span> <span class='ocrx_word' id='word_1_72' title='bbox 733 989 975 1040; x_wconf 85' lang='lat' dir='ltr'><strong>XXXVIII</strong></span> <span class='ocrx_word' id='word_1_73' title='bbox 993 993 1026 1035; x_wconf 80' lang='lat'><strong>³.</strong></span> 
     </span>
    </p>
   </div>
   <div class='ocr_carea' id='block_1_7' title="bbox 53 1145 1435 1283">
    <p class='ocr_par' dir='ltr' id='par_1_7' title="bbox 53 1145 1435 1283">
     <span class='ocr_line' id='line_1_12' title="bbox 53 1145 1435 1209; baseline 0.004 -18"><span class='ocrx_word' id='word_1_74' title='bbox 53 1148 116 1192; x_wconf 88' lang='lat' dir='ltr'><strong>De</strong></span> <span class='ocrx_word' id='word_1_75' title='bbox 131 1145 274 1192; x_wconf 89' lang='lat' dir='ltr'><strong>verbis</strong></span> <span class='ocrx_word' id='word_1_76' title='bbox 290 1146 634 1209; x_wconf 51' lang='lat' dir='ltr'><strong>Ecclesiastici‘n</strong></span> <span class='ocrx_word' id='word_1_77' title='bbox 651 1168 661 1195; x_wconf 73' lang='grc' dir='ltr'>ε</span> <span class='ocrx_word' id='word_1_78' title='bbox 686 1147 805 1207; x_wconf 73' lang='lat' dir='ltr'><em>Fili,</em></span> <span class='ocrx_word' id='word_1_79' title='bbox 833 1147 1158 1204; x_wconf 73' lang='lat' dir='ltr'><strong>accedensacl</strong></span> <span class='ocrx_word' id='word_1_80' title='bbox 1169 1153 1435 1196; x_wconf 74' lang='lat' dir='ltr'><strong>servitutem</strong></span> 
     </span>
     <span class='ocr_line' id='line_1_13' title="bbox 112 1217 1434 1283; baseline 0.004 -21"><span class='ocrx_word' id='word_1_81' title='bbox 112 1217 232 1274; x_wconf 79' lang='lat' dir='ltr'><strong>Dei,</strong></span> <span class='ocrx_word' id='word_1_82' title='bbox 261 1228 358 1264; x_wconf 81' lang='lat' dir='ltr'><strong>etc..</strong></span> <span class='ocrx_word' id='word_1_83' title='bbox 381 1222 439 1265; x_wconf 85' lang='lat' dir='ltr'><strong>Et</strong></span> <span class='ocrx_word' id='word_1_84' title='bbox 458 1219 514 1264; x_wconf 85' lang='lat' dir='ltr'><strong>de</strong></span> <span class='ocrx_word' id='word_1_85' title='bbox 542 1222 684 1266; x_wconf 84' lang='lat' dir='ltr'><strong>verbis</strong></span> <span class='ocrx_word' id='word_1_86' title='bbox 717 1222 875 1266; x_wconf 86' lang='lat' dir='ltr'><strong>Psalmi</strong></span> <span class='ocrx_word' id='word_1_87' title='bbox 899 1241 1072 1267; x_wconf 81' lang='lat' dir='ltr'><strong>xxxviu</strong></span> <span class='ocrx_word' id='word_1_88' title='bbox 1100 1242 1108 1268; x_wconf 92' lang='lat'>:</span> <span class='ocrx_word' id='word_1_89' title='bbox 1142 1223 1434 1283; x_wconf 74' lang='lat' dir='ltr'><em>Quanquam</em></span> 
     </span>
    </p>
   </div>
   <div class='ocr_carea' id='block_1_8' title="bbox 111 1288 1433 1406">
    <p class='ocr_par' dir='ltr' id='par_1_8' title="bbox 111 1288 1433 1406">
     <span class='ocr_line' id='line_1_14' title="bbox 111 1288 1433 1352; baseline 0.005 -20"><span class='ocrx_word' id='word_1_90' title='bbox 111 1289 161 1333; x_wconf 86' lang='lat' dir='ltr'><strong>in</strong></span> <span class='ocrx_word' id='word_1_91' title='bbox 177 1290 389 1352; x_wconf 79' lang='lat' dir='ltr'><strong>imagine</strong></span> <span class='ocrx_word' id='word_1_92' title='bbox 405 1288 626 1337; x_wconf 78' lang='lat' dir='ltr'><strong>ambalat</strong></span> <span class='ocrx_word' id='word_1_93' title='bbox 640 1288 801 1348; x_wconf 76' lang='lat' dir='ltr'><strong>homo,</strong></span> <span class='ocrx_word' id='word_1_94' title='bbox 821 1301 910 1338; x_wconf 82' lang='lat' dir='ltr'><strong>etc.</strong></span> <span class='ocrx_word' id='word_1_95' title='bbox 928 1296 989 1338; x_wconf 91' lang='lat' dir='ltr'><strong>De</strong></span> <span class='ocrx_word' id='word_1_96' title='bbox 1006 1294 1273 1339; x_wconf 86' lang='lat' dir='ltr'><strong>continentia</strong></span> <span class='ocrx_word' id='word_1_97' title='bbox 1291 1304 1334 1339; x_wconf 91' lang='lat' dir='ltr'><strong>et</strong></span> <span class='ocrx_word' id='word_1_98' title='bbox 1347 1310 1433 1339; x_wconf 89' lang='lat' dir='ltr'>sus-</span> 
     </span>
     <span class='ocr_line' id='line_1_15' title="bbox 112 1360 311 1406; baseline 0.015 -3"><span class='ocrx_word' id='word_1_99' title='bbox 112 1360 311 1406; x_wconf 80' lang='lat' dir='ltr'><strong>tinentia.</strong></span> 
     </span>
    </p>
   </div>
   <div class='ocr_carea' id='block_1_9' title="bbox 0 1519 1433 2570">
    <p class='ocr_par' dir='ltr' id='par_1_9' title="bbox 0 1519 1433 2570">
     <span class='ocr_line' id='line_1_16' title="bbox 112 1519 1432 1580; baseline 0.002 -18"><span class='ocrx_word' id='word_1_100' title='bbox 112 1519 149 1562; x_wconf 90' lang='lat' dir='ltr'><strong>I.</strong></span> <span class='ocrx_word' id='word_1_101' title='bbox 170 1520 267 1563; x_wconf 82' lang='lat' dir='ltr'><strong>Duo</strong></span> <span class='ocrx_word' id='word_1_102' title='bbox 283 1527 385 1564; x_wconf 87' lang='lat' dir='ltr'><strong>sunt</strong></span> <span class='ocrx_word' id='word_1_103' title='bbox 399 1553 411 1574; x_wconf 84' lang='lat'>‚</span> <span class='ocrx_word' id='word_1_104' title='bbox 426 1519 586 1579; x_wconf 83' lang='lat' dir='ltr'><strong>quaein</strong></span> <span class='ocrx_word' id='word_1_105' title='bbox 609 1519 691 1563; x_wconf 90' lang='lat' dir='ltr'><strong>hac</strong></span> <span class='ocrx_word' id='word_1_106' title='bbox 706 1520 792 1564; x_wconf 88' lang='lat' dir='ltr'><strong>vita</strong></span> <span class='ocrx_word' id='word_1_107' title='bbox 811 1519 947 1565; x_wconf 88' lang='lat' dir='ltr'><strong>veluti</strong></span> <span class='ocrx_word' id='word_1_108' title='bbox 962 1519 1174 1565; x_wconf 86' lang='lat' dir='ltr'><strong>laboriosa</strong></span> <span class='ocrx_word' id='word_1_109' title='bbox 1190 1520 1313 1565; x_wconf 88' lang='lat' dir='ltr'><strong>nobis</strong></span> <span class='ocrx_word' id='word_1_110' title='bbox 1326 1536 1432 1580; x_wconf 84' lang='lat' dir='ltr'><strong>prae-</strong></span> 
     </span>
     <span class='ocr_line' id='line_1_17' title="bbox 51 1587 1431 1647; baseline 0.002 -14"><span class='ocrx_word' id='word_1_111' title='bbox 51 1587 297 1647; x_wconf 84' lang='lat' dir='ltr'><strong>cipiuntur,</strong></span> <span class='ocrx_word' id='word_1_112' title='bbox 322 1589 547 1634; x_wconf 87' lang='lat' dir='ltr'><strong>continere</strong></span> <span class='ocrx_word' id='word_1_113' title='bbox 573 1598 619 1634; x_wconf 89' lang='lat' dir='ltr'><strong>et</strong></span> <span class='ocrx_word' id='word_1_114' title='bbox 648 1589 873 1634; x_wconf 87' lang='lat' dir='ltr'><strong>sustinere.</strong></span> <span class='ocrx_word' id='word_1_115' title='bbox 905 1590 1119 1634; x_wconf 80' lang='lat' dir='ltr'><strong>Jubemur</strong></span> <span class='ocrx_word' id='word_1_116' title='bbox 1148 1591 1261 1634; x_wconf 90' lang='lat' dir='ltr'><strong>enim</strong></span> <span class='ocrx_word' id='word_1_117' title='bbox 1290 1592 1431 1636; x_wconf 86' lang='lat' dir='ltr'><strong>conti-</strong></span> 
     </span>
     <span class='ocr_line' id='line_1_18' title="bbox 50 1659 1431 1721; baseline 0.001 -18"><span class='ocrx_word' id='word_1_118' title='bbox 50 1674 155 1704; x_wconf 87' lang='lat' dir='ltr'><strong>nere</strong></span> <span class='ocrx_word' id='word_1_119' title='bbox 173 1659 230 1704; x_wconf 91' lang='lat' dir='ltr'><strong>ab</strong></span> <span class='ocrx_word' id='word_1_120' title='bbox 243 1660 310 1704; x_wconf 89' lang='lat' dir='ltr'><strong>his</strong></span> <span class='ocrx_word' id='word_1_121' title='bbox 329 1676 430 1721; x_wconf 81' lang='lat' dir='ltr'><strong>quae</strong></span> <span class='ocrx_word' id='word_1_122' title='bbox 443 1660 489 1704; x_wconf 91' lang='lat' dir='ltr'><strong>in</strong></span> <span class='ocrx_word' id='word_1_123' title='bbox 500 1660 585 1705; x_wconf 92' lang='lat' dir='ltr'><strong>hoc</strong></span> <span class='ocrx_word' id='word_1_124' title='bbox 602 1659 770 1705; x_wconf 91' lang='lat' dir='ltr'><strong>mundo</strong></span> <span class='ocrx_word' id='word_1_125' title='bbox 782 1660 989 1704; x_wconf 83' lang='lat' dir='ltr'><strong>dicuntur</strong></span> <span class='ocrx_word' id='word_1_126' title='bbox 1002 1661 1118 1705; x_wconf 85' lang='lat' dir='ltr'><strong>bona</strong></span> <span class='ocrx_word' id='word_1_127' title='bbox 1131 1696 1148 1716; x_wconf 90' lang='lat'><em>,</em></span> <span class='ocrx_word' id='word_1_128' title='bbox 1164 1671 1207 1705; x_wconf 86' lang='lat' dir='ltr'><strong>et</strong></span> <span class='ocrx_word' id='word_1_129' title='bbox 1221 1662 1431 1706; x_wconf 85' lang='lat' dir='ltr'><strong>sustinere</strong></span> 
     </span>
     <span class='ocr_line' id='line_1_19' title="bbox 50 1730 1428 1791; baseline 0.001 -17"><span class='ocrx_word' id='word_1_130' title='bbox 50 1745 101 1775; x_wconf 87' lang='lat' dir='ltr'><strong>ea</strong></span> <span class='ocrx_word' id='word_1_131' title='bbox 128 1746 229 1791; x_wconf 86' lang='lat' dir='ltr'><strong>quae</strong></span> <span class='ocrx_word' id='word_1_132' title='bbox 254 1731 299 1776; x_wconf 91' lang='lat' dir='ltr'><strong>in</strong></span> <span class='ocrx_word' id='word_1_133' title='bbox 329 1732 412 1777; x_wconf 90' lang='lat' dir='ltr'><strong>hoc</strong></span> <span class='ocrx_word' id='word_1_134' title='bbox 438 1731 605 1777; x_wconf 88' lang='lat' dir='ltr'><strong>mundo</strong></span> <span class='ocrx_word' id='word_1_135' title='bbox 632 1730 861 1776; x_wconf 88' lang='lat' dir='ltr'><strong>abundant</strong></span> <span class='ocrx_word' id='word_1_136' title='bbox 887 1731 1016 1775; x_wconf 88' lang='lat' dir='ltr'><strong>mala.</strong></span> <span class='ocrx_word' id='word_1_137' title='bbox 1038 1731 1114 1776; x_wconf 92' lang='lat' dir='ltr'><strong>llla</strong></span> <span class='ocrx_word' id='word_1_138' title='bbox 1142 1733 1428 1787; x_wconf 79' lang='lat' dir='ltr'><strong>continentia,</strong></span> 
     </span>
     <span class='ocr_line' id='line_1_20' title="bbox 51 1800 1432 1861; baseline 0 -15"><span class='ocrx_word' id='word_1_139' title='bbox 51 1800 131 1846; x_wconf 83' lang='lat' dir='ltr'><strong>ista</strong></span> <span class='ocrx_word' id='word_1_140' title='bbox 147 1801 402 1846; x_wconf 84' lang='lat' dir='ltr'><strong>sustinentia</strong></span> <span class='ocrx_word' id='word_1_141' title='bbox 419 1811 618 1847; x_wconf 86' lang='lat' dir='ltr'><strong>vocatur.</strong></span> <span class='ocrx_word' id='word_1_142' title='bbox 636 1805 745 1846; x_wconf 79' lang='lat' dir='ltr'><strong>Duae</strong></span> <span class='ocrx_word' id='word_1_143' title='bbox 771 1801 952 1845; x_wconf 84' lang='lat' dir='ltr'><strong>virtutes</strong></span> <span class='ocrx_word' id='word_1_144' title='bbox 977 1817 1076 1861; x_wconf 84' lang='lat' dir='ltr'><strong>quae</strong></span> <span class='ocrx_word' id='word_1_145' title='bbox 1103 1802 1315 1846; x_wconf 84' lang='lat' dir='ltr'><strong>mundant</strong></span> <span class='ocrx_word' id='word_1_146' title='bbox 1338 1803 1432 1846; x_wconf 88' lang='lat' dir='ltr'><strong>ani-</strong></span> 
     </span>
     <span class='ocr_line' id='line_1_21' title="bbox 0 1870 1432 1931; baseline 0 -15"><span class='ocrx_word' id='word_1_147' title='bbox 0 1897 1 1900; x_wconf 62' lang='lat'><em>=</em></span> <span class='ocrx_word' id='word_1_148' title='bbox 51 1885 191 1927; x_wconf 88' lang='lat' dir='ltr'><strong>mam,</strong></span> <span class='ocrx_word' id='word_1_149' title='bbox 214 1880 258 1916; x_wconf 88' lang='lat' dir='ltr'><strong>et</strong></span> <span class='ocrx_word' id='word_1_150' title='bbox 277 1886 480 1931; x_wconf 84' lang='lat' dir='ltr'><strong>capacem</strong></span> <span class='ocrx_word' id='word_1_151' title='bbox 502 1870 944 1915; x_wconf 84' lang='lat' dir='ltr'><strong>faciuntDivinitatis.</strong></span> <span class='ocrx_word' id='word_1_152' title='bbox 970 1874 1019 1915; x_wconf 87' lang='lat' dir='ltr'><strong>In</strong></span> <span class='ocrx_word' id='word_1_153' title='bbox 1044 1871 1262 1916; x_wconf 81' lang='lat' dir='ltr'><strong>frenandis</strong></span> <span class='ocrx_word' id='word_1_154' title='bbox 1286 1872 1432 1916; x_wconf 87' lang='lat' dir='ltr'><strong>libidi-</strong></span> 
     </span>
     <span class='ocr_line' id='line_1_22' title="bbox 50 1940 1433 2002; baseline 0.001 -17"><span class='ocrx_word' id='word_1_155' title='bbox 50 1942 181 1986; x_wconf 87' lang='lat' dir='ltr'><strong>nibus</strong></span> <span class='ocrx_word' id='word_1_156' title='bbox 200 1950 244 1986; x_wconf 85' lang='lat' dir='ltr'><strong>et</strong></span> <span class='ocrx_word' id='word_1_157' title='bbox 256 1940 514 1990; x_wconf 75' lang='lat' dir='ltr'><strong>,coercendis</strong></span> <span class='ocrx_word' id='word_1_158' title='bbox 539 1940 839 1999; x_wconf 89' lang='lat' dir='ltr'><strong>voluptatibus</strong></span> <span class='ocrx_word' id='word_1_159' title='bbox 856 1975 869 1996; x_wconf 93' lang='lat'>,</span> <span class='ocrx_word' id='word_1_160' title='bbox 896 1956 950 1985; x_wconf 87' lang='lat' dir='ltr'><strong>ne</strong></span> <span class='ocrx_word' id='word_1_161' title='bbox 979 1941 1156 1986; x_wconf 83' lang='lat' dir='ltr'><strong>seducat</strong></span> <span class='ocrx_word' id='word_1_162' title='bbox 1182 1942 1301 2002; x_wconf 85' lang='lat' dir='ltr'><strong>quod</strong></span> <span class='ocrx_word' id='word_1_163' title='bbox 1322 1942 1433 1986; x_wconf 87' lang='lat' dir='ltr'><strong>male</strong></span> 
     </span>
     <span class='ocr_line' id='line_1_23' title="bbox 51 2010 1432 2072; baseline -0.001 -15"><span class='ocrx_word' id='word_1_164' title='bbox 51 2011 299 2067; x_wconf 84' lang='lat' dir='ltr'><strong>blanditur,</strong></span> <span class='ocrx_word' id='word_1_165' title='bbox 318 2021 363 2057; x_wconf 86' lang='lat' dir='ltr'><strong>et</strong></span> <span class='ocrx_word' id='word_1_166' title='bbox 384 2020 561 2057; x_wconf 84' lang='lat' dir='ltr'><strong>enervet</strong></span> <span class='ocrx_word' id='word_1_167' title='bbox 579 2010 700 2072; x_wconf 87' lang='lat' dir='ltr'><strong>quod</strong></span> <span class='ocrx_word' id='word_1_168' title='bbox 727 2025 979 2071; x_wconf 85' lang='lat' dir='ltr'><strong>prosperum</strong></span> <span class='ocrx_word' id='word_1_169' title='bbox 999 2011 1158 2057; x_wconf 84' lang='lat' dir='ltr'><strong>dicitur</strong></span> <span class='ocrx_word' id='word_1_170' title='bbox 1173 2013 1432 2072; x_wconf 50' lang='lat' dir='ltr'><strong>„continen-</strong></span> 
     </span>
     <span class='ocr_line' id='line_1_24' title="bbox 52 2081 1431 2143; baseline -0.001 -15"><span class='ocrx_word' id='word_1_171' title='bbox 52 2083 112 2128; x_wconf 85' lang='lat' dir='ltr'><strong>tia</strong></span> <span class='ocrx_word' id='word_1_172' title='bbox 127 2083 254 2128; x_wconf 84' lang='lat' dir='ltr'><strong>nobis</strong></span> <span class='ocrx_word' id='word_1_173' title='bbox 269 2097 378 2143; x_wconf 83' lang='lat' dir='ltr'><strong>opus</strong></span> <span class='ocrx_word' id='word_1_174' title='bbox 395 2092 482 2128; x_wconf 89' lang='lat' dir='ltr'><strong>est:</strong></span> <span class='ocrx_word' id='word_1_175' title='bbox 499 2098 588 2127; x_wconf 86' lang='lat' dir='ltr'><strong>non</strong></span> <span class='ocrx_word' id='word_1_176' title='bbox 604 2081 780 2127; x_wconf 87' lang='lat' dir='ltr'><strong>credere</strong></span> <span class='ocrx_word' id='word_1_177' title='bbox 798 2081 993 2127; x_wconf 81' lang='lat' dir='ltr'><strong>felicitati</strong></span> <span class='ocrx_word' id='word_1_178' title='bbox 1015 2092 1216 2137; x_wconf 65' lang='lat' dir='ltr'><strong>terrenae,</strong></span> <span class='ocrx_word' id='word_1_179' title='bbox 1233 2092 1275 2126; x_wconf 80' lang='lat' dir='ltr'><strong>et</strong></span> <span class='ocrx_word' id='word_1_180' title='bbox 1297 2098 1431 2142; x_wconf 78' lang='lat' dir='ltr'><strong>usque</strong></span> 
     </span>
     <span class='ocr_line' id='line_1_25' title="bbox 54 2152 1432 2215; baseline -0.002 -15"><span class='ocrx_word' id='word_1_181' title='bbox 54 2153 110 2200; x_wconf 89' lang='lat' dir='ltr'><strong>ad</strong></span> <span class='ocrx_word' id='word_1_182' title='bbox 136 2154 270 2200; x_wconf 88' lang='lat' dir='ltr'><strong>finem</strong></span> <span class='ocrx_word' id='word_1_183' title='bbox 295 2169 490 2215; x_wconf 83' lang='lat' dir='ltr'><strong>quaerere</strong></span> <span class='ocrx_word' id='word_1_184' title='bbox 515 2152 789 2208; x_wconf 82' lang='lat' dir='ltr'><strong>felicitatem,</strong></span> <span class='ocrx_word' id='word_1_185' title='bbox 816 2169 915 2212; x_wconf 83' lang='lat' dir='ltr'><strong>quae</strong></span> <span class='ocrx_word' id='word_1_186' title='bbox 938 2169 1024 2197; x_wconf 88' lang='lat' dir='ltr'><strong>non</strong></span> <span class='ocrx_word' id='word_1_187' title='bbox 1049 2154 1179 2197; x_wconf 84' lang='lat' dir='ltr'><strong>habet</strong></span> <span class='ocrx_word' id='word_1_188' title='bbox 1202 2154 1347 2197; x_wconf 80' lang='lat' dir='ltr'><strong>linem.</strong></span> <span class='ocrx_word' id='word_1_189' title='bbox 1379 2155 1432 2197; x_wconf 86' lang='lat' dir='ltr'><strong>Ut</strong></span> 
     </span>
     <span class='ocr_line' id='line_1_26' title="bbox 52 2223 1431 2279; baseline -0.002 -9"><span class='ocrx_word' id='word_1_190' title='bbox 52 2234 200 2271; x_wconf 86' lang='lat' dir='ltr'><strong>autem</strong></span> <span class='ocrx_word' id='word_1_191' title='bbox 218 2234 283 2271; x_wconf 87' lang='lat' dir='ltr'><strong>est</strong></span> <span class='ocrx_word' id='word_1_192' title='bbox 303 2225 587 2271; x_wconf 80' lang='lat' dir='ltr'><strong>continentiae</strong></span> <span class='ocrx_word' id='word_1_193' title='bbox 603 2259 615 2279; x_wconf 90' lang='lat'>‚</span> <span class='ocrx_word' id='word_1_194' title='bbox 640 2223 835 2269; x_wconf 81' lang='lat' dir='ltr'><strong>felicitati</strong></span> <span class='ocrx_word' id='word_1_195' title='bbox 858 2223 1011 2268; x_wconf 88' lang='lat' dir='ltr'><strong>mundi</strong></span> <span class='ocrx_word' id='word_1_196' title='bbox 1030 2239 1118 2268; x_wconf 93' lang='lat' dir='ltr'><strong>non</strong></span> <span class='ocrx_word' id='word_1_197' title='bbox 1136 2224 1309 2268; x_wconf 81' lang='lat' dir='ltr'><strong>eredere</strong></span> <span class='ocrx_word' id='word_1_198' title='bbox 1333 2243 1350 2270; x_wconf 66' lang='lat' dir='ltr'><em>z</em></span> <span class='ocrx_word' id='word_1_199' title='bbox 1373 2224 1431 2267; x_wconf 84' lang='lat' dir='ltr'><strong>ita</strong></span> 
     </span>
     <span class='ocr_line' id='line_1_27' title="bbox 52 2295 1430 2352; baseline -0.004 -10"><span class='ocrx_word' id='word_1_200' title='bbox 52 2298 320 2342; x_wconf 78' lang='lat' dir='ltr'><strong>sustinentiae</strong></span> <span class='ocrx_word' id='word_1_201' title='bbox 344 2306 409 2342; x_wconf 90' lang='lat' dir='ltr'><strong>est</strong></span> <span class='ocrx_word' id='word_1_202' title='bbox 426 2332 436 2352; x_wconf 89' lang='lat'>‚</span> <span class='ocrx_word' id='word_1_203' title='bbox 460 2296 702 2340; x_wconf 84' lang='lat' dir='ltr'><strong>infelicitati</strong></span> <span class='ocrx_word' id='word_1_204' title='bbox 729 2295 882 2340; x_wconf 89' lang='lat' dir='ltr'><strong>mundi</strong></span> <span class='ocrx_word' id='word_1_205' title='bbox 911 2309 997 2338; x_wconf 90' lang='lat' dir='ltr'><strong>non</strong></span> <span class='ocrx_word' id='word_1_206' title='bbox 1023 2295 1189 2339; x_wconf 82' lang='lat' dir='ltr'><strong>cedere.</strong></span> <span class='ocrx_word' id='word_1_207' title='bbox 1210 2295 1306 2338; x_wconf 79' lang='lat' dir='ltr'><strong>Sive</strong></span> <span class='ocrx_word' id='word_1_208' title='bbox 1328 2309 1430 2352; x_wconf 79' lang='lat' dir='ltr'><strong>ergo</strong></span> 
     </span>
     <span class='ocr_line' id='line_1_28' title="bbox 51 2366 1430 2425; baseline -0.003 -12"><span class='ocrx_word' id='word_1_209' title='bbox 51 2369 98 2413; x_wconf 84' lang='lat' dir='ltr'><strong>in</strong></span> <span class='ocrx_word' id='word_1_210' title='bbox 123 2369 345 2414; x_wconf 86' lang='lat' dir='ltr'><strong>affluentia</strong></span> <span class='ocrx_word' id='word_1_211' title='bbox 378 2383 523 2422; x_wconf 81' lang='lat' dir='ltr'><strong>rerum</strong></span> <span class='ocrx_word' id='word_1_212' title='bbox 549 2368 706 2423; x_wconf 83' lang='lat' dir='ltr'><strong>simus,</strong></span> <span class='ocrx_word' id='word_1_213' title='bbox 721 2368 810 2412; x_wconf 91' lang='lat' dir='ltr'><strong>sive</strong></span> <span class='ocrx_word' id='word_1_214' title='bbox 833 2367 874 2410; x_wconf 90' lang='lat' dir='ltr'><strong>in</strong></span> <span class='ocrx_word' id='word_1_215' title='bbox 900 2367 1095 2424; x_wconf 81' lang='lat' dir='ltr'><strong>angustia</strong></span> <span class='ocrx_word' id='word_1_216' title='bbox 1111 2401 1124 2419; x_wconf 83' lang='lat'><em>‚</em></span> <span class='ocrx_word' id='word_1_217' title='bbox 1143 2366 1430 2425; x_wconf 82' lang='lat' dir='ltr'><strong>expectandus</strong></span> 
     </span>
     <span class='ocr_line' id='line_1_29' title="bbox 52 2435 1430 2499; baseline -0.004 -14"><span class='ocrx_word' id='word_1_218' title='bbox 52 2447 117 2484; x_wconf 76' lang='lat' dir='ltr'><strong>est</strong></span> <span class='ocrx_word' id='word_1_219' title='bbox 140 2439 350 2484; x_wconf 88' lang='lat' dir='ltr'><strong>Dominus</strong></span> <span class='ocrx_word' id='word_1_220' title='bbox 365 2458 377 2497; x_wconf 75' lang='lat'>3</span> <span class='ocrx_word' id='word_1_221' title='bbox 393 2439 469 2499; x_wconf 86' lang='lat' dir='ltr'><strong>qui</strong></span> <span class='ocrx_word' id='word_1_222' title='bbox 484 2447 527 2483; x_wconf 86' lang='lat' dir='ltr'><strong>et</strong></span> <span class='ocrx_word' id='word_1_223' title='bbox 548 2437 668 2498; x_wconf 88' lang='lat' dir='ltr'><strong>quod</strong></span> <span class='ocrx_word' id='word_1_224' title='bbox 688 2453 786 2483; x_wconf 80' lang='lat' dir='ltr'><strong>vere</strong></span> <span class='ocrx_word' id='word_1_225' title='bbox 801 2437 966 2481; x_wconf 87' lang='lat' dir='ltr'><strong>bonum</strong></span> <span class='ocrx_word' id='word_1_226' title='bbox 991 2445 1034 2480; x_wconf 85' lang='lat' dir='ltr'><strong>et</strong></span> <span class='ocrx_word' id='word_1_227' title='bbox 1047 2451 1177 2481; x_wconf 80' lang='lat' dir='ltr'><strong>suave</strong></span> <span class='ocrx_word' id='word_1_228' title='bbox 1193 2447 1254 2480; x_wconf 84' lang='lat' dir='ltr'><strong>est</strong></span> <span class='ocrx_word' id='word_1_229' title='bbox 1272 2435 1374 2493; x_wconf 86' lang='lat' dir='ltr'><strong>det,</strong></span> <span class='ocrx_word' id='word_1_230' title='bbox 1388 2445 1430 2480; x_wconf 82' lang='lat' dir='ltr'><strong>et</strong></span> 
     </span>
     <span class='ocr_line' id='line_1_30' title="bbox 52 2507 950 2570; baseline -0.004 -15"><span class='ocrx_word' id='word_1_231' title='bbox 52 2509 174 2570; x_wconf 89' lang='lat' dir='ltr'><strong>quod</strong></span> <span class='ocrx_word' id='word_1_232' title='bbox 194 2524 294 2555; x_wconf 84' lang='lat' dir='ltr'><strong>vere</strong></span> <span class='ocrx_word' id='word_1_233' title='bbox 315 2510 478 2554; x_wconf 88' lang='lat' dir='ltr'><strong>malum</strong></span> <span class='ocrx_word' id='word_1_234' title='bbox 501 2518 565 2554; x_wconf 90' lang='lat' dir='ltr'><strong>est</strong></span> <span class='ocrx_word' id='word_1_235' title='bbox 587 2518 751 2554; x_wconf 84' lang='lat' dir='ltr'><strong>avertat</strong></span> <span class='ocrx_word' id='word_1_236' title='bbox 769 2524 792 2552; x_wconf 91' lang='lat' dir='ltr'><strong>a</strong></span> <span class='ocrx_word' id='word_1_237' title='bbox 810 2507 950 2552; x_wconf 88' lang='lat' dir='ltr'><strong>nobis.</strong></span> 
     </span>
    </p>
   </div>
   <div class='ocr_carea' id='block_1_10' title="bbox 100 2600 1261 2647">
    <p class='ocr_par' dir='ltr' id='par_1_10' title="bbox 100 2600 1261 2647">
     <span class='ocr_line' id='line_1_31' title="bbox 100 2600 1261 2647; baseline -0.005 -8"><span class='ocrx_word' id='word_1_238' title='bbox 100 2611 112 2630; x_wconf 82' lang='lat'>¹</span> <span class='ocrx_word' id='word_1_239' title='bbox 130 2604 213 2639; x_wconf 66' lang='lat' dir='ltr'><strong>vni.</strong></span> <span class='ocrx_word' id='word_1_240' title='bbox 239 2614 329 2647; x_wconf 70' lang='lat' dir='ltr'><strong>xxvi,</strong></span> <span class='ocrx_word' id='word_1_241' title='bbox 349 2603 381 2647; x_wconf 72' lang='lat'><strong>4.</strong></span> <span class='ocrx_word' id='word_1_242' title='bbox 406 2620 446 2628; x_wconf 89' lang='lat'>-</span> <span class='ocrx_word' id='word_1_243' title='bbox 467 2611 480 2629; x_wconf 70' lang='lat'><strong><em>³</em></strong></span> <span class='ocrx_word' id='word_1_244' title='bbox 498 2605 545 2638; x_wconf 81' lang='lat' dir='ltr'><strong>td.</strong></span> <span class='ocrx_word' id='word_1_245' title='bbox 565 2613 700 2646; x_wconf 64' lang='lat' dir='ltr'><strong>utam,</strong></span> <span class='ocrx_word' id='word_1_246' title='bbox 718 2604 750 2636; x_wconf 81' lang='lat'><strong>5.</strong></span> <span class='ocrx_word' id='word_1_247' title='bbox 769 2617 810 2626; x_wconf 91' lang='lat'><strong>—-</strong></span> <span class='ocrx_word' id='word_1_248' title='bbox 831 2601 843 2626; x_wconf 80' lang='lat'>¹</span> <span class='ocrx_word' id='word_1_249' title='bbox 861 2601 945 2635; x_wconf 72' lang='lat' dir='ltr'><strong>nin·</strong></span> <span class='ocrx_word' id='word_1_250' title='bbox 960 2601 1000 2634; x_wconf 77' lang='lat' dir='ltr'><strong>do</strong></span> <span class='ocrx_word' id='word_1_251' title='bbox 1012 2602 1168 2643; x_wconf 71' lang='lat' dir='ltr'><strong>Tempore</strong></span> <span class='ocrx_word' id='word_1_252' title='bbox 1186 2600 1261 2642; x_wconf 62' lang='lat'><strong>²4⁵.</strong></span> 
     </span>
    </p>
   </div>
  </div>
 </body>
</html>
