1924 3309
442 283 525 322 190
874 292 907 320 s.
944 290 1174 322 Aucusnm
1207 293 1391 322 Emscon

437 369 525 404 tem
548 360 692 414 Isaac,
708 358 818 404 dixit
839 357 895 403 ad
915 359 1031 404 Esaii
1057 378 1066 404 :
1097 378 1118 402 «
1145 360 1250 413 Quis
1273 375 1378 420 ergo
1406 367 1590 405 venatus
1625 367 1690 403 est
1717 357 1824 403 mihi

441 448 463 472 »
497 429 798 485 venationem,
832 439 875 475 et
903 429 1052 474 intulit
1084 429 1224 475 mihi?
1253 431 1509 475 benedictus
1545 430 1614 474 sit.
1640 431 1826 474 Factum

442 519 462 542 »
496 508 561 545 est
606 510 752 545 autem
783 509 833 544 ut
869 500 1036 545 audivit
1076 500 1191 544 Esaii
1229 501 1362 545 verba
1399 504 1515 545 Isaac
1549 500 1684 560 patris
1728 500 1793 544 sui
1811 533 1823 555 ,

442 590 461 612 »
497 570 751 616 exclamavit
771 586 879 616 voce
900 585 1056 628 magna
1073 604 1084 625 ,
1105 579 1149 614 et
1178 569 1286 616 dixit
1312 590 1322 617 :
1355 570 1544 615 Benedic
1574 579 1619 615 et
1644 585 1716 614 me
1745 585 1828 630 pa-

442 660 463 683 »
497 650 578 685 ter.
604 644 661 686 Et
689 641 797 685 dixit
816 640 879 685 illi
901 659 909 685 :
935 640 1067 684 Venit
1088 639 1222 685 frater
1242 650 1345 686 tuus
1362 656 1463 686 cum
1480 639 1585 686 dolo
1603 675 1614 697 ‚
1638 649 1683 686 et
1704 654 1829 685 acce-

446 730 467 754 »
504 712 568 771 pit
590 712 938 756 benedictionem
960 712 1123 755 tuam¹.
1152 728 1173 752 »

500 784 714 827 XXVIII.
745 801 765 824 «
791 784 848 826 Et
875 781 981 825 dixit
1003 781 1116 825 Esaii
1134 816 1145 837 ‚
1165 799 1185 823 «
1213 784 1335 826 Juste
1358 791 1563 827 vocatum
1583 790 1646 827 est
1667 795 1830 826 nomen

445 870 466 894 »
505 853 597 912 ejus
618 852 754 897 Jacob
768 855 800 895 2.
819 869 840 893 »
855 851 1157 912 Supplantatio
1177 852 1292 896 enim
1313 862 1494 898 vocatur
1513 855 1539 897 J
1543 851 1733 897 acob.Et
1748 866 1829 896 nec

446 923 539 982 ipsa
574 922 868 983 supplantatio
891 923 1029 967 inanis
1058 932 1121 967 est
1141 942 1150 968 ι
1176 923 1279 983 quia
1298 924 1437 982 figura
1459 923 1688 984 accipitur,
1713 936 1829 983 quo-

446 993 579 1038 modo
601 992 743 1038 dolus.
779 995 880 1039 Non
908 994 1022 1037 enim
1039 994 1131 1054 jam
1158 1003 1249 1038 erat
1269 1003 1399 1039 tanta.
1413 994 1576 1039 malitia
1597 995 1643 1037 in
1666 994 1800 1038 tratre
1814 1027 1826 1048 ‚

444 1073 494 1108 ut
515 1063 648 1109 vellet
668 1062 947 1123 supplantare
969 1063 1147 1108 fratrem
1165 1080 1309 1109 suum.
1329 1068 1451 1109 Tunc
1469 1066 1585 1109 enim
1607 1064 1748 1108 dictus
1768 1071 1832 1108 est

441 1133 767 1194 supplantator,
804 1134 983 1194 quando
1014 1149 1150 1178 manu
1176 1133 1320 1179 fratris
1342 1135 1409 1180 sui
1430 1135 1642 1179 nascentis
1673 1133 1832 1194 pedem

442 1206 584 1250 tenuit
605 1224 614 1250 :
635 1214 741 1249 tunc
762 1205 1063 1264 supplantator
1088 1214 1152 1249 est
1175 1205 1335 1250 dictus.
1358 1205 1663 1266 Supplantatio
1685 1213 1832 1248 autem

443 1275 706 1330 carnalium,
745 1275 833 1320 vita
870 1274 1129 1334 spiritalium
1161 1285 1239 1320 est.
1263 1278 1426 1320 Omnes
1460 1276 1577 1319 enim
1609 1273 1828 1329 carnaleS‚

444 1361 545 1391 cum
567 1346 613 1390 in
647 1344 840 1390 Ecclesia
859 1345 1057 1389 invident
1078 1345 1342 1405 spiritalibus
1358 1381 1369 1401 ‚
1394 1345 1734 1405 supplantantur
1753 1380 1764 1401 ‚
1789 1352 1833 1388 et

442 1417 557 1460 fiunt
598 1416 777 1475 pejores.
823 1415 939 1459 Audi
973 1416 1235 1474 Apostolum
1277 1417 1360 1461 hoc
1400 1417 1544 1476 ipsum
1580 1416 1798 1461 dicentem
1819 1449 1831 1470 ‚

444 1487 628 1531 maxime
664 1487 768 1546 quia
798 1486 861 1530 ibi
897 1486 1256 1531 commemoravit
1274 1487 1454 1531 odorem
1470 1522 1483 1543 ‚
1507 1503 1640 1547 quem
1661 1487 1733 1531 hic
1755 1502 1834 1531 ex-

444 1557 599 1617 pressit
633 1560 752 1602 Isaac
771 1592 782 1612 ,
805 1557 953 1600 dicens
981 1576 989 1601 :
1014 1575 1035 1599 «
1057 1560 1171 1601 Ecce
1196 1557 1304 1601 odor
1331 1557 1409 1600 filii
1436 1558 1522 1600 mei
1541 1589 1553 1610 ‚
1589 1555 1700 1600 sicut
1728 1555 1836 1600 odor

448 1646 468 1669 ³)
504 1627 596 1686 agri
618 1627 760 1685 pleni,
784 1642 916 1685 quem
940 1626 1161 1670 benedixit
1183 1627 1466 1669 Dominu53.»
1481 1624 1554 1669 Ait
1570 1640 1674 1684 ergo
1691 1627 1834 1684 Apos-

449 1697 582 1751 tolus,
606 1696 926 1741 Christi'bonus
943 1695 1052 1739 odor
1071 1710 1218 1738 sumus
1235 1695 1281 1738 in
1298 1695 1418 1738 omni
1438 1694 1537 1739 loco
1556 1714 1566 1739 :
1584 1704 1628 1739 et
1647 1694 1830 1755 adjecit:

452 1787 472 1810 «
507 1766 611 1812 Aliis
629 1765 806 1825 quidem
829 1765 939 1810 odor
959 1765 1082 1819 vitae,
1108 1764 1154 1808 in
1177 1765 1306 1809 vitam
1331 1785 1341 1822 3
1361 1764 1452 1808 aliis
1473 1764 1581 1809 odor
1598 1765 1748 1809 mortis
1762 1798 1773 1820 ,
1790 1765 1835 1809 in

451 1856 470 1879 »
507 1846 695 1881 mortem
711 1837 727 1861 4
753 1855 762 1881 ε
791 1854 811 1878 »
836 1845 880 1880 et
899 1836 954 1879 ad
976 1836 1070 1879 haec
1093 1835 1189 1894 quis
1210 1835 1424 1879 idoneus?
1447 1834 1492 1880 id
1514 1844 1578 1880 est
1596 1871 1608 1891 ,
1635 1844 1686 1879 ut
1702 1835 1835 1880 intel-

450 1908 572 1966 ligat,
589 1908 814 1967 quomodo
835 1907 944 1951 odor
967 1906 1116 1950 mortis
1139 1922 1286 1950 sumus
1308 1908 1354 1950 in
1375 1915 1560 1950 mortem
1582 1907 1832 1962 hominum,

453 1978 575 2022 nulla
598 1987 743 2022 nostra
765 1977 908 2036 culpa.
930 1976 1172 2021 Ambulant
1194 1977 1354 2020 etenim
1371 1976 1460 2021 vias
1479 1992 1575 2021 suas
1596 1977 1805 2036 spiritales
1821 2011 1832 2032 ‚

454 2048 564 2091 nihil
587 2047 707 2092 aliud
729 2056 892 2092 norunt
912 2062 1043 2106 quam
1071 2046 1183 2090 bene
1207 2047 1351 2092 vivere
1376 2062 1388 2090 :
1413 2054 1457 2090 et
1479 2047 1556 2106 qui
1581 2047 1837 2091 innocenter

454 2120 702 2164 viventibus
731 2118 928 2163 invident
944 2152 955 2172 ‚
996 2117 1163 2161 faciunt
1189 2127 1364 2176 peccata
1399 2118 1541 2175 gravia
1559 2152 1570 2173 ‚
1600 2117 1719 2162 unde
1740 2117 1837 2162 illos

456 2190 610 2249 puniat
633 2192 746 2234 Deus
771 2208 781 2233 2
807 2198 850 2232 et
871 2189 920 2231 fit
941 2188 998 2231 eis
1019 2187 1093 2231 ille
1122 2188 1230 2231 odor
1258 2189 1303 2230 in
1325 2196 1508 2231 mortem
1529 2223 1540 2243 ‚
1565 2188 1641 2248 qui
1661 2197 1726 2232 est
1746 2187 1837 2232 aliis

455 2260 565 2305 odor
598 2259 653 2305 ad
675 2260 824 2304 vitam.
850 2261 959 2304 Nam
992 2259 1082 2317 ipse
1105 2258 1313 2302 Dominus
1346 2258 1464 2317 prius
1485 2257 1625 2303 factus
1647 2268 1711 2303 est
1728 2258 1838 2303 odor

454 2330 598 2374 bonus
620 2329 674 2373 ad
696 2331 829 2373 vitam
849 2327 1128 2373 credentibus
1145 2362 1156 2382 ,
1191 2337 1235 2372 et
1270 2327 1378 2372 odor
1409 2327 1547 2373 malus
1576 2329 1631 2373 ad
1653 2337 1837 2373 mortem

454 2400 830 2460 persequentibus.
857 2400 967 2453 Quia
985 2399 1099 2442 enim
1122 2397 1249 2442 multi
1270 2398 1333 2441 illi
1355 2399 1648 2454 crediderant,
1674 2398 1838 2444 invide-

457 2480 560 2516 runt
597 2473 620 2514 J
627 2469 768 2526 udaei,
809 2480 853 2514 et
876 2470 1072 2514 fecerunt
1093 2477 1263 2513 tantum
1287 2469 1423 2513 scelus
1445 2469 1685 2514 occidendo
1704 2469 1835 2514 inno-

457 2549 628 2585 centem
645 2575 656 2597 ,
692 2549 890 2585 sanctum
923 2548 1170 2585 sanctorum
1192 2558 1200 2584 :
1225 2538 1346 2599 quod
1367 2539 1401 2583 si
1422 2555 1512 2585 non
1532 2539 1725 2584 facerent
1744 2573 1755 2595 ‚
1781 2539 1836 2584 ad

508 2632 518 2650 ¹
542 2629 621 2660 Gen.
647 2637 750 2669 xxvu,
771 2626 827 2667 33,
846 2629 913 2660 etc.
932 2642 974 2650 —
993 2632 1006 2650 ²
1026 2625 1107 2659 Ibid.
1125 2624 1177 2659 36.
1198 2641 1239 2649 -
1264 2623 1277 2649 3
1294 2624 1376 2659 lbid·
1395 2634 1450 2667 27.
1469 2641 1511 2650 —
1533 2622 1551 2656 4
1568 2627 1671 2660 acor.
1691 2635 1729 2668 11,
1750 2624 1802 2658 ι6.
