1867 3320
398 311 535 338 stanno
567 311 626 337 1v.
664 311 716 337 m:
747 307 868 337 neon
901 309 952 336 m
984 308 1102 338 Este.
1357 303 1440 340 189

125 377 287 420 XXVI.
321 393 342 417 «
363 375 581 420 Odoratus
599 385 662 421 est
677 375 934 420 vestimenta
955 376 1046 435 ejus
1061 409 1072 429 ,
1098 383 1142 418 et
1162 374 1271 419 dixit
1295 394 1303 420 :
1330 379 1442 421 Ecce

63 464 93 488 —»
126 446 234 491 odor
254 444 331 490 filii
368 445 453 490 mei
474 480 485 500 ,
509 445 620 491 sicut
641 444 749 490 odor
771 446 860 505 agri
895 444 1038 505 pleni,
1064 459 1197 504 quern
1225 445 1444 490 benedixit

73 535 93 558 »
127 516 334 561 Dominus
354 517 387 559 ¹.
415 534 435 557 »
462 519 575 574 Ager
594 516 695 571 iste,
723 514 916 561 Ecclesia
937 525 1014 560 est.
1042 515 1280 560 Probemus
1300 550 1310 569 ‚
1343 517 1445 575 quia

70 601 169 645 ager
203 595 268 630 est
294 584 502 630 Ecclesia.
529 586 646 630 Audi
677 585 936 645 Apostolum
969 585 1185 629 dicentem
1210 584 1411 629 fidelibus
1434 605 1442 630 ι

69 655 146 700 Dei
176 655 440 715 agricultura
476 655 575 700 estis
592 691 603 711 ,
634 655 712 701 Dei
748 654 976 700 aedificatio
1006 656 1103 700 estis
1118 657 1150 699 ².
1175 657 1272 700 Non
1305 655 1446 700 solum

68 741 168 785 ager
198 735 263 771 est
283 725 475 771 Ecclesia
490 761 501 781 ‚
525 725 602 771 sed
623 735 666 771 et
688 726 874 786 agricola
897 729 1024 771 Deus.
1054 725 1171 771 Audi
1197 727 1337 786 ipsum
1357 729 1447 770 Do-

68 798 237 842 minum
257 816 266 842 :
291 817 312 840 «
335 800 430 856 Ego
462 813 558 842 sum
582 797 706 853 vitis,
731 813 807 842 vos
841 806 1055 842 sarmenta
1075 832 1086 853 ‚
1111 807 1154 842 et
1176 801 1304 842 Pater
1324 812 1448 841 meus

71 886 92 909 »
129 867 314 926 agricola
334 869 438 912 est3.
466 886 485 909 »
508 870 560 911 In
575 868 659 913 hoc
681 882 782 926 ergo
804 883 907 927 agro
924 868 1125 913 laborans
1143 869 1384 928 operarius,
1406 877 1448 912 et

68 953 244 998 sperans
265 936 510 982 mercedem
527 939 847 997 sempiternam,
870 939 960 997 ipse
982 938 1215 998 Apostolus
1237 938 1347 983 nihil
1366 938 1448 982 sibi

68 1017 240 1067 arrogat
257 1042 269 1063 ,
293 1008 374 1052 nisi
402 1017 618 1068 quantum
650 1008 776 1053 decet
797 1009 1058 1069 operarium.
1083 1028 1104 1051 «
1126 1012 1218 1067 Ego
1236 1043 1248 1063 ‚
1273 1009 1446 1068 inquit,

6 1100 8 1122 ;
70 1095 91 1119 »
126 1077 335 1137 plantavi,
352 1076 509 1137 Apollo
535 1078 686 1137 rigavit
702 1113 713 1134 ,
738 1078 814 1123 sed
837 1081 949 1123 Deus
970 1079 1289 1124 incrementum
1307 1077 1444 1122 dedit.

6 1149 7 1152 ’
74 1168 91 1190 »
128 1151 282 1210 Itaque
299 1163 442 1209 neque
464 1149 539 1209 qui
560 1149 728 1209 plantat
750 1159 814 1194 est
833 1150 996 1210 aliquid
1012 1185 1023 1205 ,
1044 1166 1186 1211 neque
1215 1151 1290 1211 qui
1320 1150 1447 1208 rigat,

72 1235 93 1260 »
126 1219 202 1263 sed
223 1219 300 1279 qui
332 1219 649 1264 incrementum
671 1219 746 1264 dat
774 1223 888 1264 Deus
905 1222 937 1264 4.
965 1239 985 1261 »
1011 1220 1244 1273 Quomodo
1265 1220 1450 1264 servavit

69 1289 375 1345 humilitatem,
400 1299 451 1334 ut
467 1291 522 1334 ad
543 1291 680 1335 Jacob
702 1291 952 1350 pertineret,
973 1300 1023 1335 ut
1044 1290 1098 1335 ad
1115 1292 1256 1350 ipsum
1276 1306 1445 1349 agrum,

68 1359 114 1403 id
135 1369 226 1416 est,
257 1359 490 1405 Ecclesiam
506 1396 517 1415 ‚
550 1376 605 1404 ne
630 1362 844 1405 amitteret
865 1359 1019 1405 stolam
1035 1395 1047 1415 ‚
1077 1362 1200 1420 cujus
1228 1360 1337 1405 odor
1359 1370 1452 1405 erat

67 1429 179 1474 sicut
195 1430 304 1476 odor
322 1431 409 1489 agri
427 1431 562 1490 pleni,
587 1440 630 1476 et
650 1430 849 1475 transiret
865 1429 921 1474 ad
937 1430 1185 1489 superbiam
1205 1431 1336 1485 Esaii,
1357 1446 1451 1475 car-

68 1499 224 1545 naliter
241 1500 485 1560 intelligens
500 1509 543 1545 et
559 1501 699 1559 typho
716 1500 897 1560 plenus?
910 1500 1010 1545 Olet
1023 1516 1125 1560 ergo
1143 1516 1244 1560 ager
1262 1500 1316 1544 de
1334 1509 1451 1545 veste

68 1569 145 1613 filii
171 1588 180 1614 :
217 1571 293 1614 sed
324 1585 413 1614 non
447 1586 547 1628 ager
583 1570 656 1614 ille
689 1586 739 1615 ex
774 1586 818 1615 se
846 1569 1009 1631 aliquid
1032 1580 1121 1626 est,
1145 1570 1244 1616 ideo
1267 1570 1447 1631 adjecit.

72 1658 92 1681 «
127 1654 257 1699 quem
276 1639 496 1684 benedixit
512 1641 735 1684 Dominus.
751 1643 807 1685 Et
823 1641 946 1685 dabit
960 1642 1037 1687 tibi
1056 1642 1265 1686 Dominus
1282 1641 1336 1685 de
1357 1657 1452 1686 rore

72 1728 93 1751 n
127 1709 227 1755 coeli
243 1709 469 1755 desursum
487 1745 498 1765 ,
519 1719 562 1754 et
584 1709 639 1754 ab
664 1710 864 1754 ubertate
887 1719 1033 1764 terrae,
1059 1720 1101 1754 et
1122 1711 1451 1755 multitudinem

72 1797 92 1821 »
126 1779 334 1824 frumenti
355 1788 398 1824 et
414 1780 503 1824 vini
530 1799 539 1825 :
565 1788 609 1824 et
629 1780 813 1824 servient
835 1779 915 1823 tibi
938 1781 1098 1825 Gentes
1112 1815 1123 1836 ,
1148 1789 1191 1824 et
1213 1781 1294 1825 eris
1317 1781 1452 1826 domi-

72 1868 91 1891 »
126 1865 208 1894 nus
230 1849 373 1895 fratris
394 1851 474 1906 tui,
500 1860 543 1895 et
564 1850 811 1895 adorabunt
835 1859 876 1894 te
894 1849 970 1893 filii
993 1852 1128 1910 patris
1150 1851 1230 1896 tui.
1256 1853 1341 1905 Qui
1359 1867 1452 1895 ma-

71 1938 92 1961 »
127 1919 322 1964 ledixerit
358 1929 398 1964 te
414 1954 424 1974 ,
468 1918 724 1964 maledictus
762 1920 869 1975 erit3
907 1929 951 1963 et
989 1922 1064 1980 qui
1084 1920 1353 1966 benedixerit
1380 1931 1421 1966 te
1438 1957 1448 1977 ,

73 2009 92 2032 »
128 1990 380 2037 benedictus
403 1990 527 2035 erit⁵.
556 2010 575 2031 »
603 1993 705 2036 Haec
725 1989 972 2034 benedictio
1004 1992 1141 2035 Jacob
1170 2010 1178 2036 ε
1204 1992 1343 2037 sinon
1374 1994 1454 2036 be-

69 2060 342 2106 nediceretur
363 2070 405 2105 et
425 2061 539 2105 Esaii
557 2096 568 2116 ‚
598 2061 717 2105 nulla
740 2069 850 2106 esset
866 2062 1051 2121 quaestio
1080 2081 1087 2105 :
1113 2061 1389 2106 benedicitur
1411 2071 1454 2106 et

70 2130 158 2190 ipsc
177 2167 188 2186 ‚
221 2132 295 2176 sed
318 2147 406 2176 non
427 2131 518 2190 ipsa
540 2131 844 2177 benedictione
863 2152 873 2188 3
911 2147 990 2176 nec
1025 2141 1170 2176 tamen
1192 2133 1247 2176 ab
1271 2133 1351 2177 hac
1375 2148 1453 2192 pe-

70 2202 185 2247 nitus
208 2202 362 2246 aliena.

130 2275 311 2317 xxvn.
334 2272 571 2318 Audiamus
590 2288 692 2332 ergo
714 2273 937 2334 quomodo
955 2273 1224 2318 benedicitur
1243 2275 1354 2318 Esaii
1375 2295 1386 2330 3
1411 2283 1450 2318 et

72 2342 294 2387 videamus
316 2343 422 2402 quid
446 2343 613 2387 intersit
637 2344 749 2388 inter
770 2343 980 2402 spiritales
1016 2343 1217 2387 Ecclesiae
1249 2343 1358 2388 filios
1376 2379 1386 2397 ‚
1412 2353 1454 2386 et

73 2414 290 2470 carnales3
334 2414 444 2457 inter
477 2428 548 2458 eos
588 2415 662 2474 qui
700 2414 946 2473 spiritaliter
979 2414 1156 2470 vivunt,
1193 2424 1235 2458 et
1269 2430 1340 2459 eos
1377 2414 1452 2474 qui

72 2499 239 2544 semper
264 2485 505 2529 carnalibus
537 2486 704 2544 gaudiis
741 2485 1028 2529 delectantur.
1068 2486 1349 2546 Respondi-us
1371 2502 1451 2529 au·-

121 2586 127 2602 ¹
152 2584 230 2613 Gen.
253 2592 357 2622 xxvii,
376 2590 429 2622 ¹27.
452 2599 492 2605 --
512 2583 818 2624 ²1Cor.1u,9.—
847 2580 858 2603 ³
883 2583 973 2612 Juan.
997 2594 1021 2622 ι,
1044 2582 1072 2613 .’3.
1089 2599 1123 2605 -
1147 2582 1160 2611 ·'·
1187 2594 1194 2613 ι
1215 2585 1284 2613 Cor.
1309 2593 1354 2619 ιιι,
1374 2581 1449 2622 (ists.

75 2650 115 2658 ·-
133 2633 146 2658 ⁵
162 2639 240 2669 Gen.
261 2648 356 2678 xxvii,
376 2640 431 2678 2⁸,
453 2647 505 2679 29.
