1924 3309
465 262 548 300 110
894 265 928 294 s.
965 264 1195 294 Aucusrml
1228 266 1410 294 Enscom

458 337 529 381 hic
551 333 926 392 subdistinguatur
941 367 952 387 ,
977 341 1020 376 et
1036 331 1346 385 subaudiatur,
1376 349 1397 372 «
1420 345 1497 383 vos
1518 343 1657 373 unum
1680 329 1780 374 estis
1800 329 1847 375 in
1891 343 1892 346 ’

461 425 483 449 »
517 406 690 452 Christo
712 407 842 459 Jesu‚
871 422 890 445 n
933 419 981 447 ac
1003 401 1161 446 deinde
1193 400 1433 453 inferatur,
1463 419 1483 443 «
1509 404 1624 458 Ergo
1658 399 1847 446 Abrahae
1890 433 1892 438 -

464 497 484 521 «
516 492 664 522 semen
694 476 838 520 estis¹.
864 494 884 516 »
910 484 960 518 ut
976 474 1055 518 iste
1082 489 1255 528 sensus,
1280 475 1444 517 Omnes
1477 487 1579 531 ergo
1608 487 1685 516 vos
1708 487 1848 518 unum

461 549 559 593 estis
580 549 626 591 in
645 547 818 592 Christo
840 549 942 590 Jesu
959 580 969 599 ,
994 545 1028 588 si
1062 553 1207 588 autem
1231 560 1306 588 vos
1325 559 1464 587 unum
1487 544 1586 588 estis
1608 544 1654 588 in
1675 543 1849 589 Christo
1892 569 1894 575 >

462 622 588 674 Jesu,
608 634 683 663 vos
704 633 806 676 ergo
836 615 1024 661 Abrabae
1045 631 1192 659 semen
1210 615 1325 660 estis.
1350 615 1556 673 Superius
1577 614 1695 659 enim
1721 613 1847 658 dixe-

461 698 527 733 rat
553 708 562 734 :
587 708 606 731 «
632 691 729 733 Non
751 687 882 741 dicit,
908 689 964 730 Et
986 685 1246 739 seminibus,
1270 694 1479 744 tanquam
1500 684 1546 728 in
1573 683 1752 741 multis3
1774 684 1852 730 sed

463 777 484 801 »
519 768 728 819 tanquam
748 757 794 801 in
816 771 906 800 uno
923 790 934 811 ‚
955 758 1013 800 Et
1034 755 1187 798 semini
1209 764 1286 798 tuo
1301 790 1312 808 ‚
1337 754 1458 814 quod
1479 762 1543 798 est
1563 753 1760 798 Christus
1771 757 1804 797 ².
1824 771 1846 796 »

462 830 544 875 Hic
578 844 681 887 ergo
711 826 904 872 ostendit
934 841 1071 870 unum
1106 841 1255 870 semen
1281 826 1527 879 Christum,
1563 839 1653 869 non
1678 832 1851 869 tantum

461 900 604 958 ipsum
626 899 911 943 mediatorem
938 895 1272 955 intelligendum
1294 911 1409 951 esse,
1434 910 1586 939 verum
1609 895 1736 939 etiam
1762 897 1850 940 Ec·-

462 970 634 1015 clesiam
647 1004 658 1024 ‚
677 970 802 1029 cujus
817 967 890 1011 ille
909 967 1100 1026 corporis
1123 975 1252 1026 caput
1271 976 1333 1010 est
1350 986 1359 1010 ε
1380 975 1430 1010 ut
1451 981 1600 1010 omnes
1616 965 1661 1008 in
1678 965 1850 1010 Christo
1894 980 1896 992 ·

463 1055 601 1083 unum
639 1039 725 1083 sint
743 1073 754 1093 ‚
778 1047 821 1082 et
843 1037 1017 1096 capiant
1038 1037 1279 1081 secundum
1312 1036 1640 1095 promissionem
1662 1035 1851 1079 haeredi-

461 1118 595 1155 tatem
620 1126 695 1169 per
716 1108 869 1162 fidem,
890 1108 936 1151 in
955 1124 1086 1168 quam
1110 1108 1343 1152 conclusus
1364 1116 1477 1161 erat,
1500 1107 1544 1150 id
1566 1115 1645 1160 est,
1665 1107 1710 1150 in
1727 1107 1850 1166 cujus

463 1180 699 1224 adventum
720 1190 929 1239 tanquam
961 1180 1043 1222 sub
1072 1180 1337 1238 praedagogo
1357 1178 1682 1223 custodiebatur
1709 1192 1850 1236 popu·
1891 1206 1896 1213 ·

462 1250 530 1295 lus
551 1266 690 1310 usque
711 1249 767 1294 ad
788 1251 926 1294 aetatis
946 1250 1288 1308 oportunitatem
1306 1284 1318 1303 ‚
1337 1266 1422 1309 qua
1440 1252 1486 1292 in
1501 1249 1528 1292 li
1538 1249 1747 1292 bertatem
1776 1241 1854 1293 vo*—

462 1321 591 1366 candi
612 1331 733 1366 erant
747 1357 762 1377 ,
788 1322 864 1381 qui
886 1322 931 1365 in
953 1320 1106 1366 eodem
1129 1321 1298 1380 populo
1321 1319 1562 1365 secundum
1582 1319 1852 1379 propositum

462 1393 605 1437 vocati
638 1402 741 1437 sunt
758 1427 770 1448 ‚
796 1392 842 1436 id
866 1401 956 1448 est,
982 1392 1059 1451 qui
1080 1391 1126 1435 in
1152 1390 1225 1435 illa
1248 1405 1346 1435 area
1376 1391 1650 1435 frumentum
1685 1389 1852 1435 inventi

463 1473 581 1508 sunt.

522 1534 689 1578 XXIX.
715 1531 784 1577 Ad
806 1533 889 1577 hoc
906 1532 1022 1575 enim
1045 1531 1246 1591 adjungit
1261 1565 1272 1585 ‚
1301 1550 1321 1572 «
1346 1531 1453 1575 Dico
1477 1539 1623 1575 autem
1639 1565 1651 1585 ‚
1677 1533 1853 1584 Quanto
1896 1540 1898 1555 ¹

468 1621 489 1646 »
523 1612 718 1661 tempore
740 1603 876 1645 haeres
897 1601 1104 1660 parvulus
1122 1610 1211 1654 est,
1237 1600 1346 1644 nihil
1370 1600 1519 1644 differt
1541 1615 1565 1643 a
1586 1615 1726 1655 serve,
1751 1616 1853 1646 cum
1896 1646 1899 1663 Ι,

468 1691 488 1715 »
523 1674 578 1717 sit
600 1672 803 1716 dominus
826 1672 1021 1715 omnium
1041 1692 1052 1728 3
1076 1670 1150 1713 sed
1173 1671 1255 1714 sub
1279 1670 1637 1728 procuratoribus
1665 1680 1709 1715 et
1730 1680 1853 1716 acto-

469 1762 489 1785 »
524 1744 646 1787 ribus
667 1752 731 1786 est
753 1757 892 1801 usque
927 1742 982 1784 ad
1004 1740 1268 1799 praefinitum
1292 1749 1462 1798 tempus
1493 1757 1516 1785 a
1545 1749 1665 1799 patre
1697 1760 1707 1786 z
1731 1741 1790 1785 sic
1810 1749 1854 1785 et
1896 1747 1899 1776 ἒ

469 1832 491 1855 »
524 1829 602 1858 nos
623 1828 724 1857 cum
748 1827 935 1855 essemus
958 1810 1148 1870 parvuli,
1183 1811 1263 1854 sub
1301 1811 1525 1855 elementis
1546 1812 1676 1871 hujus
1699 1811 1854 1855 mundi
1897 1813 1902 1834 '⁸

470 1902 492 1926 »
527 1900 696 1928 eramus
716 1883 948 1927 servientes
962 1883 994 1925 ³.
1016 1900 1036 1922 »
1059 1881 1202 1934 Quaeri
1217 1890 1364 1925 autem
1384 1892 1523 1940 potest
1542 1882 1765 1942 quomodo
1787 1897 1855 1927 se·-
1898 1879 1899 1883 ¹

468 1957 663 2000 cundum
696 1955 809 1998 hanc
843 1952 1169 1996 similitudinem
1191 1952 1271 1996 sub
1294 1952 1519 1998 elementis
1541 1954 1672 2013 hujus
1696 1952 1854 1998 mundi

468 2025 632 2069 fuerint
655 2023 827 2079 Judaei3
859 2038 959 2067 cum
981 2022 1064 2066 illis
1082 2038 1157 2081 per
1185 2026 1344 2080 Legem
1362 2057 1374 2077 ,
1399 2039 1531 2082 quam
1564 2033 1850 2082 acceperunt,

471 2112 581 2140 unus
604 2099 717 2139 Deus
740 2094 815 2153 qui
836 2093 942 2137 fecit
954 2091 1116 2136 coelum
1135 2101 1179 2135 et
1201 2101 1377 2145 terram,
1397 2092 1609 2137 colendus
1631 2108 1855 2138 commen·
1922 2085 1924 2127 ἶ

471 2166 661 2210 daretur.
700 2164 787 2209 Sed
809 2171 951 2222 potest
985 2176 1073 2205 esse
1107 2160 1214 2204 alius
1244 2161 1382 2205 exitus
1416 2162 1595 2221 capituli
1629 2163 1782 2223 hujus,
1807 2171 1857 2207 ut
1897 2211 1899 2216 ¹

471 2253 573 2282 cum
601 2234 798 2295 superius
816 2237 974 2291 Legem
998 2231 1311 2291 praedagogum
1334 2232 1486 2277 fecerit
1502 2268 1514 2286 ,
1550 2234 1634 2278 sub
1655 2250 1745 2294 quo
1766 2243 1858 2280 erat
1896 2290 1898 2296 y
1923 2248 1924 2254 ¹

472 2306 544 2350 ille
577 2306 768 2365 populus
805 2304 1060 2350 Judaeorum
1077 2304 1092 2328 ⁴
1119 2322 1128 2348 :
1152 2318 1270 2347 nunc
1292 2313 1592 2361 procuratores
1618 2314 1661 2349 et
1693 2314 1857 2350 actores
1896 2326 1899 2333 ⁴

473 2376 588 2421 dicat
609 2375 823 2419 elementa
844 2374 1014 2429 mundi,
1035 2374 1117 2417 sub
1141 2374 1302 2432 quibus
1325 2374 1571 2419 serviebant
1592 2377 1750 2420 Gentes
1775 2393 1786 2421 z
1806 2384 1857 2419 ut
1898 2395 1899 2398 ¹

473 2447 586 2491 filius
603 2446 676 2491 ille
696 2446 901 2506 parvulus
916 2481 928 2501 ‚
952 2444 992 2489 id
1015 2454 1078 2489 est
1095 2444 1282 2504 populus
1304 2455 1481 2504 propter
1501 2462 1632 2490 unam
1651 2447 1781 2490 fidem
1801 2446 1858 2491 ad

475 2533 613 2562 unum
636 2533 783 2562 semen
799 2516 988 2562 Abrahae
1010 2516 1228 2576 pertinens
1245 2549 1256 2571 ‚
1277 2516 1483 2575 quoniam
1504 2516 1618 2562 etde
1633 2516 1798 2562 Judaeis
1815 2525 1857 2561 et
1894 2559 1896 2565 .

522 2609 530 2626 ¹
552 2602 655 2637 Galat.
678 2613 726 2645 ιιι,
744 2610 800 2645 29.
825 2618 867 2626 -
887 2601 998 2637 ²1bid.
1020 2600 1072 2636 16.
1087 2615 1130 2624 —
1150 2598 1223 2634 31d.
1240 2611 1288 2642 ιν,
1310 2600 1380 2634 ι-3.
1406 2613 1449 2625 —-
1463 2598 1538 2634 sold.
1557 2611 1606 2643 ιιι,
1621 2600 1677 2644 24.
1895 2581 1897 2586 ¹
