1924 3309
455 243 510 281 82
875 251 909 281 S.
945 251 1177 283 Aucus'nm
1209 255 1391 283 131>1scoi³1

450 326 628 378 propter
646 321 788 363 Deum
808 327 940 380 atque
961 319 1252 380 Evangelium
1268 319 1388 380 quod
1410 319 1658 374 annuntiat,
1689 333 1839 378 super-

449 389 535 434 biae
555 389 703 449 ipsius,
719 406 851 451 quam
870 391 1006 436 errori
1028 392 1119 451 ejus
1141 391 1211 436 cui
1234 406 1434 451 perverse
1456 390 1611 450 placet,
1639 390 1838 434 tribuen—

448 459 556 505 dum
578 469 656 506 est.
696 464 782 506 Iste
817 462 967 522 itaque
987 476 1137 506 sensus
1174 470 1269 517 est,
1305 461 1439 506 Modo
1461 476 1564 520 ergo
1587 460 1839 505 hominibus

449 531 612 578 suadeo
627 568 639 589 ‚
664 548 719 578 an
737 535 860 578 Deo?
885 541 961 577 aut
981 533 1084 594 quia
1105 532 1358 577 hominibus
1376 531 1560 587 suadeo,
1584 547 1734 592 quaero
1755 532 1839 576 ho-

449 603 641 649 minibus
662 605 834 665 placere
848 605 866 646 ‘2
882 604 925 650 Si
948 604 1092 649 adhuc
1115 603 1366 649 hominibus
1384 618 1625 663 quaererem
1647 602 1835 662 placere,

450 674 612 719 Christi
633 691 781 721 servus
810 690 900 720 non
921 690 1072 720 essem.
1099 678 1123 720 J
1128 675 1234 720 ubet
1254 675 1371 719 enim
1395 673 1469 718 ille
1495 674 1626 719 servis
1647 673 1733 718 suis
1751 708 1762 729 ,
1790 682 1841 718 ut

449 744 616 791 discant
638 747 693 791 ab
710 747 803 807 ipso
821 747 945 791 mites
973 762 1063 791 esse
1086 756 1129 791 et
1150 746 1336 790 humiles
1366 745 1536 790 corde1.
1565 744 1695 799 Quod
1717 743 1840 790 nullo

447 815 580 862 modo
601 827 760 877 potest,
785 818 863 879 qui
883 826 1063 878 propter
1084 833 1129 861 se
1150 817 1309 877 ipsum,
1329 817 1375 861 id
1396 825 1460 861 est
1479 851 1490 871 ,
1516 825 1695 876 propter
1715 830 1840 860 suam

450 887 571 946 quasi
593 888 807 947 privatam
845 897 889 933 ct
922 888 1143 948 propriam
1171 887 1353 946 gloriam
1385 887 1557 946 placere
1590 886 1840 931 hominibus

447 958 619 1017 quaerit.
642 960 755 1004 Dicit
781 968 928 1004 autem
951 968 995 1004 et
1016 959 1119 1004 alibi
1142 979 1151 1005 2
1178 958 1443 1004 Hominibus
1464 958 1698 1002 suademus
1713 993 1724 1013 ,
1749 961 1839 1002 Deo

445 1037 591 1073 autem
604 1029 866 1074 manifestati
881 1046 1032 1075 sumus
1042 1032 1074 1086 ²,
1091 1040 1141 1075 ut
1157 1030 1375 1088 intelligas
1396 1029 1517 1091 quod
1529 1030 1601 1074 hic
1615 1030 1695 1074 ait:
1715 1048 1734 1071 «
1748 1031 1840 1074 Ho-

450 1116 470 1140 »
505 1100 697 1145 minibus
714 1101 876 1146 suadeo
898 1118 953 1147 an
976 1103 1102 1147 Deo?
1127 1120 1147 1144 »
1169 1118 1260 1147 non
1281 1100 1435 1162 utique
1458 1105 1570 1157 Deo,
1598 1100 1674 1145 sed
1695 1100 1840 1145 homi-

445 1169 575 1214 nibus
610 1171 900 1217 suadendum.
933 1175 1032 1218 Non
1059 1188 1162 1232 ergo
1193 1182 1391 1228 moveat,
1426 1171 1548 1232 quod
1570 1171 1673 1215 alibi
1694 1171 1802 1215 dixit
1825 1189 1834 1216 :

451 1257 472 1282 «
489 1240 611 1286 Sicut
624 1251 667 1286 et
684 1258 765 1302 ego
784 1242 989 1288 omnibus
1008 1259 1084 1303 per
1101 1244 1247 1288 omnia
1262 1242 1484 1302 placeo3.»
1498 1241 1679 1286 Addidit
1700 1243 1837 1286 enim:

451 1329 471 1352 «
495 1313 593 1356 Non
616 1329 817 1372 quaerens
839 1315 961 1374 quod
981 1315 1088 1358 mihi
1111 1314 1291 1374 prodest
1308 1349 1318 1369 ,
1353 1313 1427 1358 sed
1450 1312 1571 1374 quod
1592 1312 1741 1357 multis
1757 1347 1768 1368 ,
1790 1321 1842 1357 ut

450 1399 471 1423 »
495 1381 600 1426 salvi
617 1383 770 1427 fiant.»
786 1384 904 1429 Nulli
920 1394 1066 1428 autem
1089 1384 1280 1444 prodest,
1306 1393 1356 1428 ut
1377 1383 1519 1428 salvus
1542 1384 1632 1438 fiat,
1660 1384 1694 1427 si
1708 1385 1840 1428 homo

445 1451 484 1494 ei
506 1461 685 1511 propter
707 1468 751 1497 se
776 1454 918 1512 ipsum
942 1453 1111 1513 placeat
1133 1474 1142 1499 ;
1173 1455 1251 1514 qui
1273 1470 1362 1498 non
1381 1454 1524 1514 placet
1542 1453 1729 1509 utiliter,
1757 1453 1840 1498 nisi

445 1537 546 1566 cum
568 1533 745 1584 propter
764 1528 902 1569 Deum
923 1525 1087 1584 placet,
1106 1525 1152 1569 id
1172 1534 1235 1570 est
1252 1561 1262 1581 ,
1289 1535 1339 1570 ut
1361 1529 1476 1570 Deus
1493 1525 1661 1586 placeat
1683 1534 1726 1569 et
1742 1525 1839 1584 glo-

443 1593 637 1638 rificetur
652 1630 663 1650 ,
684 1610 785 1640 cum
810 1595 926 1640 dona
947 1597 1039 1656 ejus
1061 1595 1351 1641 attenduntur
1369 1597 1415 1639 in
1439 1597 1618 1639 homine
1634 1630 1645 1650 ,
1667 1603 1742 1639 aut
1762 1610 1841 1654 per

443 1665 731 1710 ministerium
761 1667 950 1710 hominis
972 1668 1248 1726 accipiuntur
1271 1685 1280 1711 ε
1307 1681 1412 1710 cum
1440 1675 1590 1710 autem
1622 1666 1682 1711 sic
1704 1667 1838 1711 homo

444 1735 611 1795 placet,
635 1752 725 1781 non
740 1737 831 1796 jam
853 1737 986 1781 homo
1002 1770 1013 1791 ,
1036 1735 1112 1781 sed
1133 1740 1246 1781 Deus
1269 1736 1426 1796 placet.
1461 1739 1706 1798 Utrumque
1730 1752 1831 1796 ergo

447 1815 564 1850 recte
596 1805 682 1850 dici
717 1814 887 1867 potest,
919 1815 962 1850 et
993 1821 1073 1866 ego
1110 1806 1283 1867 placeo,
1321 1816 1364 1851 et
1385 1823 1475 1851 non
1497 1822 1576 1866 ego
1598 1807 1764 1867 placeo.
1794 1807 1837 1852 Si

448 1877 565 1922 enim
588 1877 698 1923 adsit
725 1878 866 1923 bonus
895 1877 1161 1934 intellector,
1200 1878 1384 1939 piusque
1414 1879 1635 1938 pulsator,
1671 1879 1838 1939 patebit

448 1957 687 2010 utrumque
703 1984 715 2006 ,
752 1959 796 1995 et
831 1948 953 1994 nulla
989 1950 1102 1994 inter
1138 1965 1183 1995 se
1222 1950 1514 2010 repugnantia
1552 1949 1735 2011 repellet
1768 1950 1841 1995 in-

452 2029 655 2065 trantem.

507 2094 585 2136 VI.
615 2111 635 2135 «
659 2094 823 2137 Notum
846 2091 962 2135 enim
981 2091 1105 2136 vobis
1125 2089 1262 2146 facio,
1298 2091 1454 2136 fratres
1474 2126 1485 2147 ,
1515 2092 1805 2152 Evangelium
1821 2127 1833 2149 ,

451 2181 471 2204 »
507 2163 629 2223 quod
651 2162 992 2222 evangelizatum
1014 2172 1078 2207 est
1099 2179 1123 2207 a
1145 2178 1238 2219 me,
1272 2162 1374 2223 quia
1397 2179 1487 2208 non
1508 2173 1572 2208 est
1592 2163 1837 2209 secundum

450 2251 470 2275 »
504 2235 744 2280 hominem.
759 2238 911 2296 Neque
932 2235 1048 2279 enim
1067 2221 1147 2294 ego
1171 2236 1227 2279 ab
1249 2235 1429 2280 homine
1451 2236 1598 2296 accepi
1615 2235 1742 2289 illud,
1762 2251 1840 2281 ne-

450 2322 469 2345 »
505 2321 591 2365 que
609 2306 714 2361 dici,
740 2305 816 2350 sed
837 2321 914 2365 per
930 2305 1239 2351 revelationem
1255 2308 1359 2350 Jesu
1381 2306 1585 2351 Christi4.
1601 2325 1621 2348 »
1635 2309 1839 2367 Evange-

447 2373 557 2420 lium
595 2377 715 2437 quod
753 2376 994 2422 seeundum
1029 2378 1251 2421 hominem
1292 2386 1355 2421 est
1370 2412 1381 2432 ,
1422 2376 1702 2422 mendacium
1740 2386 1804 2422 est
1825 2395 1835 2423 ε

456 2465 476 2488 «
510 2448 661 2492 Omnis
683 2449 800 2493 enim
818 2450 951 2494 homo
979 2449 1166 2494 mendax
1181 2451 1195 2475 ⁵
1219 2468 1227 2494 :
1255 2467 1275 2491 »
1297 2448 1399 2508 quia
1417 2449 1633 2510 quidquid
1649 2449 1839 2495 veritatis

517 2552 525 2567 ¹
553 2545 677 2578 Matth.
702 2557 751 2586 xi,
783 2555 837 2588 29.
866 2563 908 2569 -
928 2553 941 2569 ²
959 2555 979 2579 2
996 2547 1070 2580 Cor.
1088 2557 1127 2589 v,
1150 2557 1203 2579 11.
1222 2562 1264 2570 -
1286 2544 1299 2570 3
1328 2557 1341 2579 1
1367 2547 1441 2580 Cor.
1460 2558 1493 2590 x,
1518 2546 1570 2581 33.
1590 2546 1663 2576 -4
1694 2545 1796 2581 Galat.
1814 2556 1838 2589 1,

455 2610 507 2642 11,
535 2610 584 2634 12.
609 2599 680 2625 —5
705 2601 785 2635 Psal.
801 2613 845 2645 xi,
865 2613 916 2638 ιι.
