1924 3309
434 252 518 293 250
869 262 902 292 s.
939 262 1168 292 Aueusnm
1201 265 1380 293 El‘IscoPI

432 339 482 375 ut
497 329 562 375 vir
583 328 714 384 dicat,
739 332 836 376 Non
863 345 1054 390 possum.
1081 329 1210 383 Quod
1233 340 1374 389 potest
1401 330 1607 386 foemina,
1632 331 1697 376 vir
1724 347 1813 377 non

431 401 606 460 potest?
626 398 743 453 Quid
762 400 900 453 enim‚
925 399 999 444 illa
1025 414 1200 444 carnem
1220 415 1309 445 non
1339 402 1514 460 portat?
1538 401 1660 445 Prior
1682 417 1706 445 a
1724 416 1816 446 ser-

431 479 562 530 pente
584 469 765 529 decepta
786 479 864 514 est.
889 471 1027 515 Castae
1050 484 1204 513 uxores
1227 479 1378 515 vestrae
1400 470 1639 515 ostendunt
1659 471 1784 516 vobis
1799 507 1811 528 ‚

431 541 524 586 fieri
538 556 663 601 posse
674 542 795 601 quod
810 557 899 586 non
919 540 1050 585 vultis
1066 539 1224 596 facere,
1241 549 1285 584 et
1299 541 1440 585 dicitis
1456 542 1549 585 fieri
1568 557 1657 586 non
1671 557 1812 601 posse.

433 613 517 657 Sed
545 611 659 656 forte
691 611 808 656 dices
827 646 838 666 ‚
877 611 977 654 ideo
1005 609 1126 654 illam
1157 610 1324 656 facilius
1359 610 1501 655 facere
1537 627 1676 671 posse,
1715 614 1817 672 quia

429 681 568 726 multa
591 680 655 725 illi
673 680 870 726 custodia
889 689 973 735 est,
998 679 1104 738 legis
1124 690 1395 740 praeceptum
1409 715 1421 736 ,
1441 680 1667 740 diligentia
1687 682 1818 727 mari-

428 752 548 807 talis,
573 761 711 796 terror
732 752 860 795 etiam
882 750 1029 808 legum
1049 750 1353 810 publicarum3
1377 760 1439 795 est
1462 751 1591 795 etiam
1608 767 1817 797 verecun—

429 822 513 867 diae
536 832 579 867 et
600 822 778 882 pudoris
799 820 915 866 illius
937 836 1146 880 magnum
1171 822 1509 867 munimentum.
1534 822 1689 868 Multae
1712 839 1816 868 cus-

429 892 561 936 todiae
594 892 763 936 faciunt
784 890 1011 935 foeminam
1044 893 1272 937 castiorem
1287 927 1298 948 ,
1331 893 1475 937 virum
1497 902 1663 938 castum
1685 892 1817 937 faciat

429 964 520 1022 ipsa
540 962 734 1007 virilitas,
760 964 868 1008 Nam
885 962 983 1006 ideo
1004 962 1176 1006 mulieri
1198 965 1336 1024 major
1352 963 1548 1008 custodia
1566 999 1577 1020 ‚
1598 964 1700 1024 quia
1719 979 1815 1008 ma-

422 1034 492 1092 jor
508 1032 749 1077 infirmitas.
764 1032 843 1076 Illa
858 1032 1075 1077 erubescit
1086 1033 1196 1088 viro,
1212 1043 1257 1078 tu
1272 1049 1362 1078 non
1376 1034 1593 1079 erubescis
1610 1034 1784 1080 Christo
1797 1036 1816 1076 ‘.?

430 1106 496 1147 Tu
528 1102 726 1158 liberior,
762 1103 863 1163 quia
887 1101 1072 1148 fortior:
1111 1105 1211 1164 quia
1249 1103 1376 1149 facile
1409 1105 1568 1160 vincis,
1594 1105 1694 1150 ideo
1736 1105 1816 1149 tibi

427 1174 679 1218 commissus
708 1188 766 1217 es.
796 1175 934 1233 Super
971 1174 1089 1218 illam
1122 1185 1165 1219 et
1197 1174 1422 1233 diligentia
1457 1176 1558 1231 viri,
1595 1185 1640 1219 et
1679 1185 1817 1220 terror

426 1243 597 1302 legum,
622 1252 666 1287 et
694 1244 967 1289 consuetudo
997 1259 1191 1300 morum,
1219 1255 1262 1289 et
1283 1245 1547 1290 verecundia
1572 1246 1710 1305 major
1736 1264 1745 1290 :
1773 1255 1817 1290 et

426 1317 541 1358 Deus
562 1328 691 1372 super
712 1323 781 1368 te,
822 1322 994 1358 tantum
1017 1318 1146 1359 Deus..
1183 1316 1357 1360 Iuvenis
1389 1316 1505 1359 enim
1537 1314 1662 1360 facile
1694 1331 1817 1375 pares

424 1385 560 1440 viros,
586 1385 747 1444 quibus
768 1400 858 1429 non
892 1385 1042 1429 timeas
1075 1386 1355 1442 erubescere,
1387 1388 1488 1446 quia
1511 1385 1678 1431 faciunt
1704 1386 1816 1431 illud

425 1454 568 1499 multi.
601 1457 658 1498 Et
690 1463 811 1499 tanta
840 1464 904 1498 est
933 1456 1188 1514 perversitas
1222 1456 1388 1514 generis
1421 1456 1629 1511 humani,
1660 1465 1711 1500 ut
1734 1456 1815 1500 ali·-

424 1525 603 1584 quando
620 1523 909 1568 metuendum
926 1524 980 1569 sit
996 1540 1051 1568 ne
1074 1534 1216 1569 castus
1234 1526 1462 1570 erubescat
1485 1527 1597 1569 inter
1619 1525 1814 1585 impudi-

426 1610 513 1639 cos.
548 1594 652 1639 Ideo
686 1610 777 1639 non
814 1610 931 1639 cesso
971 1605 1148 1654 tangere
1191 1596 1388 1655 quintam
1423 1596 1549 1640 istam
1583 1595 1813 1654 chordam,

424 1674 604 1724 propter
623 1666 760 1723 ipsam
782 1680 1029 1724 perversam
1047 1664 1408 1709 consuetudinem
1432 1674 1475 1709 et
1495 1666 1642 1710 labem
1665 1667 1810 1721 totius,

425 1745 476 1780 ut
497 1736 612 1790 dixi,
651 1737 818 1794 generis
839 1736 1036 1780 humani.
1066 1736 1109 1781 Si
1131 1737 1227 1795 quis
1250 1737 1362 1780 inter
1382 1752 1458 1781 vos
1473 1736 1605 1782 faciat
1627 1737 1814 1782 homici-

425 1806 569 1860 dium,
589 1805 710 1864 quod
732 1815 897 1850 avertat
920 1809 1032 1849 Deus
1048 1840 1058 1859 ‚
1084 1806 1247 1863 pellere
1268 1806 1395 1849 illum
1417 1806 1548 1850 vultis
1570 1807 1625 1849 de
1643 1808 1781 1865 patria
1800 1842 1811 1862 ‚

426 1884 468 1919 ct
490 1875 721 1929 continuo,
748 1875 780 1918 si
805 1874 897 1917 ficri
918 1882 1084 1932 potest,
1110 1873 1355 1917 excludere.
1384 1876 1427 1918 Si
1448 1875 1544 1934 quis
1566 1873 1696 1930 faciat
1716 1876 1812 1920 fur-

425 1955 541 2000 tum,
565 1944 715 1989 odistis
735 1943 884 1998 illum,
909 1958 989 1987 nec
1006 1943 1154 1988 videre
1173 1943 1320 1987 vultis.
1345 1944 1387 1988 Si
1405 1945 1501 2004 quis
1519 1944 1635 1989 dicat
1654 1945 1813 1991 falsum

426 2016 720 2060 testimonium
737 2049 748 2070 ‚
781 2014 1119 2070 abominamini,
1145 2029 1224 2058 nec
1260 2014 1382 2059 vobis
1402 2016 1536 2060 homo
1558 2015 1746 2062 videtur.
1770 2017 1811 2061 Si

425 2088 520 2147 quis
543 2086 821 2145 concupiscat
839 2085 997 2130 allenas
1020 2101 1102 2140 res,
1123 2095 1271 2145 raptor
1288 2095 1331 2130 et
1350 2086 1535 2145 injustus
1556 2087 1808 2146 deputatur.

428 2157 470 2202 Si
492 2158 588 2216 quis
609 2156 833 2202 volutatur
855 2170 957 2200 cum
978 2155 1143 2200 ancillis
1165 2156 1251 2200 suis
1269 2191 1280 2211 ,
1306 2166 1497 2212 amatur,
1518 2156 1679 2202 blande
1699 2159 1811 2202 acci-

425 2230 543 2287 pitur
558 2264 569 2283 ,
595 2236 912 2272 convertuntur
933 2226 1114 2271 vulnera
1130 2228 1174 2270 in
1185 2228 1298 2286 joca.
1322 2229 1364 2272 Si
1379 2229 1475 2287 quis
1497 2237 1642 2273 autem
1660 2229 1812 2274 existat

425 2299 502 2357 qui
521 2298 636 2342 dicat
658 2313 702 2343 se
719 2307 903 2353 castum,
924 2297 1170 2341 nonfacere
1188 2297 1470 2353 adulterium,
1487 2308 1643 2343 notum
1664 2309 1809 2344 autem

426 2369 480 2412 sit
501 2367 620 2428 quod
642 2384 731 2412 non
752 2368 909 2426 faciat3
933 2367 1145 2412 erubescit
1180 2368 1384 2412 accedere
1413 2369 1469 2413 ad
1500 2369 1596 2414 illos
1626 2385 1715 2414 non
1744 2371 1829 2414 sui·

424 2438 583 2482 similes
600 2472 611 2493 ,
637 2453 691 2482 ne
713 2438 924 2483 insultent
943 2474 954 2494 ,
990 2453 1044 2482 ne
1066 2438 1301 2492 irrideant,
1339 2454 1393 2483 ne
1416 2440 1562 2484 dicant
1593 2455 1683 2485 non
1717 2455 1806 2484 esse

423 2509 580 2552 virum.
606 2508 675 2553 Ad
702 2509 785 2553 hoc
815 2509 988 2569 delapsa
1021 2518 1084 2554 est
1121 2509 1311 2553 humana
1343 2510 1623 2569 perversitas,
1660 2520 1710 2554 ut
1742 2511 1806 2556 vir

424 2579 638 2624 habeatur
658 2580 797 2625 victus
815 2596 839 2625 a
860 2580 1043 2625 libidine
1059 2615 1069 2635 ,
1090 2589 1133 2625 et
1153 2581 1218 2626 vir
1246 2596 1334 2626 non
1356 2582 1570 2626 habeatur
1590 2581 1729 2627 victor
1748 2581 1802 2625 li—

1895 1178 1901 1490 —--.--—..—-„
1890 386 1899 1168 ww.-

1886 0 1916 252 q

1909 254 1917 292 3,

1910 316 1917 367 J
