1867 3320
350 252 555 280 EPlSTOLAE
587 252 642 279 AD
674 252 861 280 GALA'rAs
894 255 1129 283 EXPOSITlo.
1384 248 1432 285 8¹1

58 320 171 364 libus
201 319 257 363 ad
278 317 466 363 carnalia
495 327 701 363 revocant
727 317 1014 363 intentionem
1037 320 1322 365 credentium.
1351 322 1440 367 Illis

56 390 171 434 enim
209 389 264 433 ad
285 389 362 432 ista
384 388 597 433 conversis
617 423 627 443 ,
661 397 808 432 manet
829 388 1115 446 Evangelium
1144 405 1234 434 non
1255 406 1439 436 conver-

56 475 166 504 sum.
201 461 258 503 Et
292 458 391 503 ideo
426 474 526 503 eum
555 458 754 514 dixisset,
786 477 805 500 «
830 459 1142 503 conturbantes
1170 474 1272 514 vos,
1305 478 1325 501 n
1350 477 1440 506 non

56 529 181 584 dixit,
207 538 250 573 et
271 538 573 573 convertentes
588 564 599 583 ,
635 528 710 573 sed
728 564 738 583 ,
770 541 795 571 ἰ(
815 528 1039 584 volentes,
1066 529 1209 590 inquit
1224 565 1234 585 ,
1259 546 1441 575 conver—

59 619 78 642 »
113 609 202 644 tere
224 599 512 659 Evangelium
534 599 710 663 Christi.
739 599 823 645 Sed
839 600 940 644 licet
962 616 1054 654 nOS,
1076 609 1151 644 aut
1177 601 1369 659 Angelus
1387 601 1442 644 de

59 690 79 713 »
113 670 227 716 coelo
254 671 377 715 vobis
401 669 758 728 evangelizaverit
780 680 937 730 praeter
959 687 1091 731 quam
1113 671 1233 731 quod
1257 687 1444 730 evange-

58 761 78 784 »
113 741 333 787 lizavimus
364 742 515 796 vobis,
552 743 782 786 anathema
813 743 915 786 sitl.
946 761 965 783 »
1001 744 1166 787 Veritas
1195 752 1372 802 propter
1400 758 1444 787 se

56 812 190 871 ipsam
213 811 431 870 diligenda
458 820 543 866 est,
571 827 659 856 non
694 821 871 872 propter
894 813 1138 868 hominem,
1165 823 1240 857 aut
1267 823 1444 874 propter

56 883 272 942 Angelum
291 918 301 938 ,
327 898 404 942 per
424 897 557 943 quem
581 882 882 926 annuntiatur.
916 884 1002 936 Qui
1024 884 1138 927 enim
1162 894 1340 943 propter
1363 901 1442 929 an—

55 953 324 997 nuntiatores
346 952 488 1012 diligit
510 967 604 996 eam
623 987 634 1008 ,
667 961 811 1012 potest
833 953 961 996 etiam
985 953 1209 998 mendacia
1234 954 1412 1014 diligere
1429 991 1441 1010 ‚

55 1022 89 1067 si
111 1039 196 1082 qua
220 1023 330 1067 forte
352 1024 431 1083 ipsi
460 1039 535 1067 sua
552 1023 831 1082 protulerint.
870 1043 889 1065 «
918 1024 1039 1068 Sicut
1061 1024 1338 1083 praediximus
1357 1062 1366 1080 ‚
1400 1035 1445 1070 et

59 1112 77 1134 »
113 1109 230 1138 nunc
246 1095 405 1138 iterum
427 1094 549 1151 dico,
569 1094 602 1138 si
630 1094 726 1154 quis
747 1095 870 1139 vobis
892 1094 1266 1154 evangelizaverit,
1289 1106 1445 1155 praeter

59 1180 78 1203 »
113 1179 245 1224 quam
276 1163 397 1224 quod
431 1164 652 1223 accepistis
670 1198 681 1219 ,
707 1165 937 1208 anathema
960 1165 1058 1209 sit‘2.
1087 1185 1105 1206 »
1139 1169 1228 1209 Aut
1255 1182 1445 1226 praesens

55 1234 139 1278 hoc
161 1234 444 1294 praedixerat,
472 1244 547 1279 aut
582 1236 682 1295 quia
719 1236 890 1279 iteravit
919 1235 1040 1295 quod
1062 1236 1190 1291 dixit,
1217 1247 1445 1297 propterea

55 1304 193 1349 voluit
215 1304 380 1360 dicere,
410 1325 430 1347 «
467 1306 586 1350 Sicut
611 1305 902 1365 praediximus.
934 1325 952 1346 »
977 1309 1139 1350 Tamen
1161 1307 1252 1366 ipsa
1275 1309 1447 1353 iteratio

54 1374 337 1420 saluberrime
374 1376 663 1420 intentionem
696 1384 844 1419 movet
867 1374 921 1418 ad
945 1376 1194 1421 firmitatem
1229 1377 1445 1422 retinendi

55 1459 148 1488 eam
168 1479 178 1500 ,
203 1461 303 1505 quae
320 1446 379 1489 sie
402 1444 760 1499 commendatur,
787 1443 934 1488 fidem.

113 1518 165 1559 V.
187 1535 207 1558 «
228 1516 361 1560 Modo
383 1531 486 1575 ergo
508 1515 760 1560 hominibus
778 1514 956 1569 suadeo,
976 1529 1031 1558 an
1055 1518 1176 1560 Deo?
1198 1526 1273 1561 aut
1295 1534 1446 1577 quaero

57 1603 77 1625 »
113 1586 364 1628 hominibus
405 1586 610 1643 placere?
649 1586 691 1629 Si
731 1584 875 1629 adhue
912 1586 1164 1629 hominibus
1199 1587 1442 1646 placerem,

57 1673 77 1695 »
112 1654 272 1699 Christi
306 1669 453 1698 servus
482 1670 571 1698 non
600 1658 779 1697 essem³.
809 1673 827 1695 »
855 1658 992 1698 Nemo
1025 1659 1112 1699 Deo
1141 1658 1314 1710 suadet,
1342 1659 1446 1717 quia

57 1725 283 1769 manifesta
307 1734 408 1768 sunt
428 1724 491 1768 illi
523 1725 667 1768 omnia
692 1743 699 1767 :
733 1723 808 1767 sed
834 1724 1082 1768 hominibus
1106 1725 1177 1768 ille
1215 1727 1324 1770 bene
1346 1743 1447 1771 sua-

56 1795 154 1851 det,
175 1796 357 1856 quinon
380 1811 424 1839 se
446 1795 529 1839 illis
553 1794 723 1854 placere
742 1794 858 1849 vult,
884 1794 958 1838 scd
978 1794 1113 1854 ipsam
1138 1812 1269 1856 quam
1292 1800 1446 1843 suadet

55 1866 295 1910 veritatem.
321 1866 405 1918 Qui
422 1866 536 1908 enim
555 1865 698 1923 placet
719 1864 971 1908 hominibus
985 1900 995 1919 ,
1023 1881 1109 1909 non
1129 1868 1183 1909 ab
1207 1868 1306 1926 ipsis
1324 1884 1441 1913 suam

57 1936 235 1994 gloriam
259 1951 483 1996 (luterens,
506 1936 579 1978 sed
607 1936 710 1990 Dei,
741 1944 789 1978 ut
809 1934 914 1978 salvi
939 1936 1066 1990 fiant,
1089 1940 1279 1997 nonjam
1306 1941 1446 1984 homi-

58 2007 212 2060 nibus,
238 2006 313 2049 sed
337 2009 423 2049 Deo
447 2005 588 2064 placet
611 2024 618 2048 :
640 2014 715 2048 aut
742 2013 857 2048 certe
875 2006 963 2064 jam
991 2022 1089 2049 cum
1115 2016 1155 2049 et
1182 2011 1270 2053 Deo
1305 2011 1446 2068 placet

58 2076 184 2121 simul
204 2085 247 2120 et
270 2076 519 2119 hominibus
540 2111 550 2129 ,
572 2090 660 2118 non
685 2076 836 2135 utique
861 2075 1112 2119 hominibus
1136 2077 1290 2135 placet.
1314 2081 1444 2124 Aliud

60 2156 123 2191 est
156 2147 269 2190 enim
297 2147 464 2205 plaeere
489 2145 738 2189 hominibus
757 2180 767 2199 ,
794 2144 910 2188 aliud
935 2154 977 2189 et
1003 2149 1087 2190 Deo
1111 2156 1152 2189 et
1178 2149 1441 2194 homiuibus.

64 2220 170 2261 Item
210 2218 285 2276 qui
316 2217 565 2261 homiuibus
590 2226 764 2276 propter
796 2217 1018 2260 veritatem
1060 2217 1224 2276 placet,
1252 2236 1337 2263 uon
1356 2223 1445 2280 jam

62 2287 150 2346 ipse
182 2286 294 2343 illis,
331 2287 406 2331 sed
444 2287 598 2331 veritas
631 2286 788 2346 placet.
818 2305 836 2327 «
866 2286 1082 2330 Placerem
1108 2306 1126 2327 »
1159 2299 1302 2333 autem
1341 2292 1447 2336 dim

61 2367 276 2418 quantum
295 2357 339 2401 in
357 2373 401 2400 sc
418 2358 507 2414 ipso
525 2365 586 2400 cst
601 2392 611 2410 ,
637 2366 852 2417 quantum
876 2357 929 2400 ad
952 2358 1042 2416 ejus
1059 2358 1329 2404 voluntatem
1351 2364 1447 2406 atti-

62 2437 133 2472 net
153 2447 161 2472 :
187 2429 282 2472 acsi
299 2429 477 2482 diceret,
496 2428 664 2487 placere
683 2427 852 2472 vellem.
868 2431 962 2472 Non
986 2430 1100 2472 enim
1119 2431 1152 2473 si
1178 2432 1258 2476 hoc
1282 2449 1332 2477 eo
1359 2450 1445 2477 nou

63 2509 216 2557 agente
248 2500 417 2559 placeat
443 2500 597 2555 alicui,
634 2501 754 2559 quasi
792 2509 968 2558 propter
1001 2516 1044 2543 se
1081 2501 1217 2561 ipsum
1241 2539 1250 2557 ‚
1292 2514 1333 2549 et
1359 2521 1445 2549 nou

112 2584 238 2618 'Calah
260 2586 329 2627 1‚8.
352 2602 392 2608 —-
413 2591 424 2608 ²
446 2584 526 2617 lbid.
542 2595 575 2626 9.
593 2583 664 2608 —3
689 2585 768 2616 lbid.
798 2596 847 2616 ιο.

251 2650 407 2680 CXXIV.
1293 2647 1316 2681 (ἰ
