1924 3309
477 252 496 289 1
506 252 528 289 8
905 261 938 287 s.
974 258 1201 286 anensium
1234 258 1414 285 Er1scor1

471 321 546 366 sed
559 321 594 364 si
614 320 673 364 eis
690 319 745 364 ad
762 321 1028 379 peccandum
1047 337 1136 365 non
1154 322 1396 365 obediatur.
1409 317 1537 372 Quod
1555 316 1767 374 contingit
1782 316 1849 361 his

470 392 546 451 qui
566 390 648 435 sub
671 393 783 448 Lege
809 392 1033 436 constituti
1060 400 1183 446 sunt,
1218 390 1416 435 nondum
1444 389 1526 432 sub
1556 387 1704 444 gratia.
1740 389 1850 432 Nam

468 460 549 504 sub
563 463 675 518 Lege
691 461 939 516 constituti,
955 476 1044 505 non
1068 460 1208 504 solum
1226 467 1540 519 repugnantem
1563 457 1726 506 habent
1740 471 1850 500 con-

467 531 801 589 cupiscentiam,
818 530 894 575 sed
909 531 1038 575 etiam
1058 530 1216 589 captivi
1228 530 1453 574 ducuntur
1466 562 1477 584 ,
1501 541 1602 572 cum
1623 527 1851 585 obtempe-
1884 586 1889 588 ἰ

467 609 622 659 perant
654 600 708 645 ei.
739 603 837 648 Non
863 610 1009 646 autem
1040 600 1255 660 contingit
1287 601 1354 645 his
1383 599 1461 660 qui
1490 606 1637 643 mente
1659 597 1852 643 serviunt

471 670 575 727 Legi
595 671 686 714 Dei.

527 741 731 783 XLVIII.
751 738 880 791 Quod
894 747 1039 783 autem
1053 738 1112 783 ait
1128 756 1138 784 :
1156 756 1176 780 «
1196 737 1327 791 Quod
1342 738 1458 782 enim
1477 735 1744 797 impossibile
1761 744 1853 780 erat

473 824 495 849 »
529 808 656 866 Legi,
688 809 734 851 in
765 824 854 868 quo
874 809 1176 853 infirmabatur
1207 823 1286 868 per
1311 823 1513 863 carnem,
1549 810 1664 851 Deus
1690 805 1852 850 Filium

473 894 494 918 »
529 892 656 921 suum
677 878 791 922 misit
807 878 853 921 in
874 878 1158 923 similitudine
1175 879 1316 923 carnis
1337 878 1520 937 peccati,
1538 886 1581 922 et
1602 877 1657 921 de
1676 885 1854 936 peccato

475 963 496 986 »
531 946 752 992 damnavit
767 958 995 1007 peccatum
1015 950 1061 993 in
1083 964 1233 1005 carne,
1253 959 1304 994 ut
1315 949 1481 1008 justitia
1503 948 1626 1005 Legis
1648 947 1854 1006 implere-

474 1031 496 1056 »
532 1017 669 1060 turin
690 1017 837 1072 nobis,
874 1019 949 1076 qui
976 1034 1064 1063 non
1086 1018 1330 1064 secundum
1354 1033 1530 1063 carnem
1548 1016 1851 1073 ambulamus,

473 1102 494 1126 »
530 1085 605 1130 sed
625 1086 867 1131 secundum
887 1089 1136 1147 spiritum1,
1163 1108 1184 1131 »
1210 1088 1556 1134 manifestissime
1590 1087 1745 1150 docet,
1783 1102 1854 1131 ea-

471 1153 571 1199 dem
592 1156 682 1215 ipsa
700 1167 915 1217 praecepta
937 1160 1062 1218 Legis
1082 1169 1311 1220 propterea
1329 1175 1420 1205 non
1436 1159 1635 1218 impleta,
1656 1157 1854 1217 quamvis

472 1235 611 1270 essent
631 1227 872 1286 implenda,
899 1231 1106 1289 quoniam
1127 1231 1287 1290 quibus
1303 1231 1404 1275 data
1421 1238 1512 1274 erat
1533 1232 1620 1272 Lex
1643 1237 1743 1271 ante
1759 1242 1854 1285 gra-

470 1294 573 1337 tiam
590 1328 601 1349 ‚
627 1296 763 1339 dediti
785 1306 907 1341 erant
938 1299 1184 1343 carnalibus
1206 1300 1331 1344 bonis
1349 1334 1360 1355 ‚
1385 1309 1429 1343 et
1451 1314 1503 1342 ex
1525 1299 1589 1342 his
1613 1296 1853 1341 beatitudi-

470 1378 572 1406 nem
603 1365 825 1423 acquirere
852 1368 1111 1425 cupiebant,
1151 1385 1295 1429 neque
1329 1369 1584 1413 metuebant
1604 1403 1614 1422 ,
1652 1367 1733 1411 nisi
1753 1381 1855 1411 curn

471 1431 629 1476 talibus
649 1433 774 1478 bonis
795 1435 1048 1481 imminebat
1070 1437 1303 1482 adversitas
1321 1459 1331 1496 3
1347 1447 1390 1482 et
1406 1438 1505 1481 ideo
1521 1452 1622 1481 cum
1642 1437 1723 1480 ista
1743 1445 1854 1480 tem-

470 1502 632 1560 poralia
670 1503 784 1547 bona
817 1505 1117 1561 turbarentur,
1143 1506 1269 1551 facile
1291 1506 1559 1552 recedebant
1580 1523 1603 1550 a
1625 1506 1853 1566 praeceptis

471 1571 611 1629 Legis.
638 1573 943 1618 Infirmabatur
964 1590 1067 1634 ergo
1088 1579 1178 1619 Lex
1201 1592 1291 1621 non
1310 1577 1535 1636 implendo
1557 1576 1677 1636 quod
1698 1576 1852 1635 praeci-

470 1640 639 1698 piebat,
668 1657 758 1686 non
778 1658 855 1687 sua
880 1644 1009 1704 culpa
1027 1679 1038 1700 ‚
1068 1645 1144 1689 sed
1165 1661 1242 1704 per
1270 1661 1469 1700 carnem,
1495 1644 1541 1688 id
1563 1654 1652 1699 est,
1678 1661 1750 1690 eos
1767 1647 1851 1691 ho-

469 1709 606 1753 mines
638 1712 714 1769 qui
745 1712 931 1755 carnalia
963 1715 1078 1756 bona
1111 1714 1357 1773 appetendo
1390 1729 1480 1759 non
1501 1714 1706 1759 amabant
1724 1717 1850 1775 Legis

461 1778 672 1837 justitiam
688 1813 699 1834 ‚
720 1780 794 1823 sed
815 1781 854 1824 ei
876 1782 1127 1841 temporalia
1151 1784 1380 1828 commoda
1398 1785 1726 1844 praeponebant.
1744 1785 1850 1831 Ideo

469 1848 692 1893 Liberator
713 1859 858 1894 noster
872 1852 1081 1897 Dominus
1094 1855 1215 1897 Jesus
1227 1855 1422 1899 Christus
1440 1855 1713 1914 suscipiendo
1737 1871 1850 1901 mor-

467 1917 598 1962 talem
619 1935 792 1964 carnem
807 1956 818 1976 ‚
844 1922 961 1966 venit
982 1923 1027 1967 in
1042 1924 1324 1969 similitudine
1352 1925 1492 1970 carnis
1512 1926 1694 1984 peccati.
1717 1926 1849 1972 Carni

466 1990 579 2033 enim
603 1992 767 2049 peccati
789 1990 934 2036 debita
954 2008 1068 2037 mors
1091 2002 1168 2038 est.
1194 1997 1250 2038 At
1271 2010 1374 2039 vero
1403 1994 1479 2038 illa
1500 2010 1615 2039 mors
1638 1997 1814 2040 Domini
1833 2031 1845 2053 ‚

468 2060 723 2118 dignationis
746 2062 830 2106 fuit
846 2098 857 2118 ‚
880 2079 969 2108 non
990 2063 1126 2109 debiti
1150 2083 1159 2109 :
1181 2074 1223 2109 et
1242 2074 1387 2110 tamen
1408 2066 1492 2111 hoc
1513 2082 1690 2127 quoque
1712 2071 1849 2127 Apos-

465 2130 579 2174 tolus
602 2141 825 2191 peccatum
841 2143 966 2178 vocat
979 2135 1296 2194 susceptionem
1311 2135 1504 2181 mortalis
1518 2137 1673 2192 carnis,
1691 2153 1847 2197 quam-

465 2200 527 2244 vis
550 2217 638 2246 non
662 2204 905 2262 peccatricis
921 2239 932 2260 ,
963 2204 1061 2249 ideo
1093 2205 1193 2265 quia
1228 2205 1481 2252 immortalis
1505 2216 1714 2268 tanquam
1739 2223 1845 2268 pec—

465 2280 610 2315 catum
638 2273 794 2318 facitur
821 2290 922 2319 cum
954 2276 1154 2321 moritur.
1194 2278 1279 2322 Sed
1303 2297 1323 2321 «
1348 2277 1403 2322 de
1437 2287 1616 2338 peccato
1632 2314 1643 2334 ‚
1669 2279 1842 2340 inquit,
1908 2297 1924 2323 r·

468 2359 488 2382 »
524 2342 744 2388 damnavit
774 2355 999 2403 peccatum
1017 2347 1061 2391 in
1083 2362 1226 2392 carne.
1255 2366 1275 2389 >›
1300 2347 1352 2392 Id
1375 2350 1490 2393 enim
1514 2349 1599 2407 egit
1617 2363 1730 2394 mors
1754 2353 1845 2394 Do-

468 2411 598 2467 mini,
625 2429 679 2457 ne
699 2430 811 2459 mors
829 2417 1052 2461 timeretur
1070 2452 1081 2472 ‚
1105 2426 1150 2461 et
1170 2433 1219 2462 ex
1245 2433 1295 2463 eo
1311 2419 1402 2478 jam
1421 2434 1511 2464 non
1536 2428 1844 2478 appeterentur

467 2483 716 2540 temporalia
747 2485 889 2543 bona,
922 2502 1002 2533 nec
1023 2496 1321 2534 metuerentur
1349 2487 1605 2549 temporalia
1634 2490 1748 2535 mala
1765 2523 1777 2547 ‚
1797 2490 1842 2535 in

518 2573 525 2588 ¹
544 2569 634 2601 Rom.
654 2578 719 2610 vni,
738 2569 770 2611 3,
795 2569 827 2611 4.
