<?xml version="1.0" encoding="UTF-8"?>
<!DOCTYPE html PUBLIC "-//W3C//DTD XHTML 1.0 Transitional//EN"
    "http://www.w3.org/TR/xhtml1/DTD/xhtml1-transitional.dtd">
<html xmlns="http://www.w3.org/1999/xhtml" xml:lang="en" lang="en">
 <head>
  <title>
</title>
<meta http-equiv="Content-Type" content="text/html;charset=utf-8" />
  <meta name='ocr-system' content='tesseract 3.04.00' />
  <meta name='ocr-capabilities' content='ocr_page ocr_carea ocr_par ocr_line ocrx_word'/>
</head>
<body>
  <div class='ocr_page' id='page_1' title='image "./operaomniaaccura17auguuoft_0227.png"; bbox 0 0 1867 3320; ppageno 0'>
   <div class='ocr_carea' id='block_1_1' title="bbox 0 0 17 199">
    <p class='ocr_par' dir='ltr' id='par_1_1' title="bbox 0 0 17 199">
     <span class='ocr_line' id='line_1_1' title="bbox 0 0 17 107; baseline 0 0"><span class='ocrx_word' id='word_1_1' title='bbox 0 0 17 107; x_wconf 75' lang='lat' dir='ltr'>l</span> 
     </span>
     <span class='ocr_line' id='line_1_2' title="bbox 10 127 16 199; baseline 0 0"><span class='ocrx_word' id='word_1_2' title='bbox 10 127 16 199; x_wconf 66' lang='lat' dir='ltr'>t</span> 
     </span>
    </p>
   </div>
   <div class='ocr_carea' id='block_1_2' title="bbox 11 202 17 403">
    <p class='ocr_par' dir='ltr' id='par_1_2' title="bbox 11 202 17 403">
     <span class='ocr_line' id='line_1_3' title="bbox 11 202 17 328; baseline 0 0"><span class='ocrx_word' id='word_1_3' title='bbox 11 202 17 328; x_wconf 76' lang='grc' dir='ltr'>ἰ</span> 
     </span>
     <span class='ocr_line' id='line_1_4' title="bbox 11 365 16 403; baseline 0 0"><span class='ocrx_word' id='word_1_4' title='bbox 11 365 16 403; x_wconf 67' lang='lat' dir='ltr'>l</span> 
     </span>
    </p>
   </div>
   <div class='ocr_carea' id='block_1_3' title="bbox 11 1370 16 1483">
    <p class='ocr_par' dir='ltr' id='par_1_3' title="bbox 11 1370 16 1483">
     <span class='ocr_line' id='line_1_5' title="bbox 11 1370 16 1483; baseline 0 1837"><span class='ocrx_word' id='word_1_5' title='bbox 11 1370 16 1483; x_wconf 95' lang='lat' dir='ltr'> </span> 
     </span>
    </p>
   </div>
   <div class='ocr_carea' id='block_1_4' title="bbox 370 273 1441 322">
    <p class='ocr_par' dir='ltr' id='par_1_4' title="bbox 370 273 1441 322">
     <span class='ocr_line' id='line_1_6' title="bbox 370 273 1441 322; baseline -0.004 -10"><span class='ocrx_word' id='word_1_6' title='bbox 370 286 508 312; x_wconf 70' lang='lat' dir='ltr'>snumo</span> <span class='ocrx_word' id='word_1_7' title='bbox 542 284 630 322; x_wconf 83' lang='lat' dir='ltr'>vn,</span> <span class='ocrx_word' id='word_1_8' title='bbox 665 283 719 310; x_wconf 81' lang='lat' dir='ltr'>DE</span> <span class='ocrx_word' id='word_1_9' title='bbox 753 281 957 309; x_wconf 74' lang='lat' dir='ltr'>LECTmNE</span> <span class='ocrx_word' id='word_1_10' title='bbox 990 281 1135 310; x_wconf 71' lang='lat' dir='ltr'>Exom.</span> <span class='ocrx_word' id='word_1_11' title='bbox 1362 273 1441 309; x_wconf 76' lang='lat'>‘217</span> 
     </span>
    </p>
   </div>
   <div class='ocr_carea' id='block_1_5' title="bbox 55 347 1451 2247">
    <p class='ocr_par' dir='ltr' id='par_1_5' title="bbox 55 347 1451 2101">
     <span class='ocr_line' id='line_1_7' title="bbox 61 347 1446 401; baseline -0.003 -6"><span class='ocrx_word' id='word_1_12' title='bbox 61 368 140 396; x_wconf 84' lang='lat' dir='ltr'>nee</span> <span class='ocrx_word' id='word_1_13' title='bbox 164 351 440 395; x_wconf 81' lang='lat' dir='ltr'>temerarium</span> <span class='ocrx_word' id='word_1_14' title='bbox 464 349 596 393; x_wconf 84' lang='lat' dir='ltr'>debet</span> <span class='ocrx_word' id='word_1_15' title='bbox 618 349 778 392; x_wconf 82' lang='lat' dir='ltr'>habere</span> <span class='ocrx_word' id='word_1_16' title='bbox 809 348 1115 391; x_wconf 80' lang='lat' dir='ltr'>affirmatorem</span> <span class='ocrx_word' id='word_1_17' title='bbox 1135 381 1145 401; x_wconf 86' lang='lat'>,</span> <span class='ocrx_word' id='word_1_18' title='bbox 1178 347 1252 390; x_wconf 90' lang='lat' dir='ltr'>sed</span> <span class='ocrx_word' id='word_1_19' title='bbox 1271 357 1446 392; x_wconf 81' lang='lat' dir='ltr'>cautum</span> 
     </span>
     <span class='ocr_line' id='line_1_8' title="bbox 61 418 1446 482; baseline -0.001 -17"><span class='ocrx_word' id='word_1_20' title='bbox 61 423 375 482; x_wconf 81' lang='lat' dir='ltr'>inquisitorem.</span> <span class='ocrx_word' id='word_1_21' title='bbox 402 424 509 465; x_wconf 66' lang='lat' dir='ltr'>Dum</span> <span class='ocrx_word' id='word_1_22' title='bbox 531 430 633 464; x_wconf 89' lang='lat' dir='ltr'>sunt</span> <span class='ocrx_word' id='word_1_23' title='bbox 662 429 805 464; x_wconf 84' lang='lat' dir='ltr'>autem</span> <span class='ocrx_word' id='word_1_24' title='bbox 831 418 1072 472; x_wconf 71' lang='lat' dir='ltr'>sententiae,</span> <span class='ocrx_word' id='word_1_25' title='bbox 1098 433 1196 477; x_wconf 80' lang='lat' dir='ltr'>quae</span> <span class='ocrx_word' id='word_1_26' title='bbox 1224 418 1325 462; x_wconf 87' lang='lat' dir='ltr'>hinc</span> <span class='ocrx_word' id='word_1_27' title='bbox 1343 435 1446 478; x_wconf 87' lang='lat' dir='ltr'>pro·</span> 
     </span>
     <span class='ocr_line' id='line_1_9' title="bbox 66 488 1444 552; baseline -0.003 -16"><span class='ocrx_word' id='word_1_28' title='bbox 66 492 162 536; x_wconf 84' lang='lat' dir='ltr'>ferri</span> <span class='ocrx_word' id='word_1_29' title='bbox 184 502 385 551; x_wconf 80' lang='lat' dir='ltr'>possunt,</span> <span class='ocrx_word' id='word_1_30' title='bbox 400 508 585 552; x_wconf 81' lang='lat' dir='ltr'>quarum</span> <span class='ocrx_word' id='word_1_31' title='bbox 605 490 814 552; x_wconf 72' lang='lat' dir='ltr'>quaelibet</span> <span class='ocrx_word' id='word_1_32' title='bbox 836 504 935 534; x_wconf 82' lang='lat' dir='ltr'>vera</span> <span class='ocrx_word' id='word_1_33' title='bbox 957 489 1027 544; x_wconf 86' lang='lat' dir='ltr'>sit,</span> <span class='ocrx_word' id='word_1_34' title='bbox 1045 488 1185 531; x_wconf 85' lang='lat' dir='ltr'>ambae</span> <span class='ocrx_word' id='word_1_35' title='bbox 1207 489 1444 532; x_wconf 87' lang='lat' dir='ltr'>secundum</span> 
     </span>
     <span class='ocr_line' id='line_1_10' title="bbox 63 559 1444 624; baseline -0.004 -16"><span class='ocrx_word' id='word_1_36' title='bbox 63 563 190 608; x_wconf 88' lang='lat' dir='ltr'>fidem</span> <span class='ocrx_word' id='word_1_37' title='bbox 213 564 473 617; x_wconf 87' lang='lat' dir='ltr'>sunt.Quod</span> <span class='ocrx_word' id='word_1_38' title='bbox 495 563 609 618; x_wconf 81' lang='lat' dir='ltr'>dixi,</span> <span class='ocrx_word' id='word_1_39' title='bbox 632 577 833 624; x_wconf 84' lang='lat' dir='ltr'>quaenam</span> <span class='ocrx_word' id='word_1_40' title='bbox 852 576 1000 605; x_wconf 88' lang='lat' dir='ltr'>earum</span> <span class='ocrx_word' id='word_1_41' title='bbox 1021 575 1120 603; x_wconf 86' lang='lat' dir='ltr'>vera</span> <span class='ocrx_word' id='word_1_42' title='bbox 1137 559 1215 603; x_wconf 87' lang='lat' dir='ltr'>sit:</span> <span class='ocrx_word' id='word_1_43' title='bbox 1234 560 1318 603; x_wconf 86' lang='lat' dir='ltr'>hoe</span> <span class='ocrx_word' id='word_1_44' title='bbox 1340 559 1444 615; x_wconf 67' lang='lat' dir='ltr'>‹lix-i,</span> 
     </span>
     <span class='ocr_line' id='line_1_11' title="bbox 61 629 1448 694; baseline -0.004 -16"><span class='ocrx_word' id='word_1_45' title='bbox 61 634 268 694; x_wconf 83' lang='lat' dir='ltr'>quidnam</span> <span class='ocrx_word' id='word_1_46' title='bbox 293 650 442 679; x_wconf 89' lang='lat' dir='ltr'>eorum</span> <span class='ocrx_word' id='word_1_47' title='bbox 462 634 641 679; x_wconf 78' lang='lat' dir='ltr'><strong>senserit</strong></span> <span class='ocrx_word' id='word_1_48' title='bbox 659 633 734 693; x_wconf 89' lang='lat' dir='ltr'>qui</span> <span class='ocrx_word' id='word_1_49' title='bbox 752 633 934 692; x_wconf 87' lang='lat' dir='ltr'>scripsit.</span> <span class='ocrx_word' id='word_1_50' title='bbox 957 634 1072 676; x_wconf 85' lang='lat' dir='ltr'>Nam.</span> <span class='ocrx_word' id='word_1_51' title='bbox 1082 629 1261 691; x_wconf 83' lang='lat' dir='ltr'>quando</span> <span class='ocrx_word' id='word_1_52' title='bbox 1280 645 1357 674; x_wconf 93' lang='lat' dir='ltr'>nos</span> <span class='ocrx_word' id='word_1_53' title='bbox 1378 631 1448 674; x_wconf 88' lang='lat' dir='ltr'>in-</span> 
     </span>
     <span class='ocr_line' id='line_1_12' title="bbox 59 700 1450 765; baseline -0.003 -18"><span class='ocrx_word' id='word_1_54' title='bbox 59 705 280 765; x_wconf 88' lang='lat' dir='ltr'>quirentes</span> <span class='ocrx_word' id='word_1_55' title='bbox 299 706 539 764; x_wconf 79' lang='lat' dir='ltr'>Scripturas</span> <span class='ocrx_word' id='word_1_56' title='bbox 561 704 770 748; x_wconf 89' lang='lat' dir='ltr'>sentimus</span> <span class='ocrx_word' id='word_1_57' title='bbox 794 701 976 762; x_wconf 82' lang='lat' dir='ltr'>aliquid,</span> <span class='ocrx_word' id='word_1_58' title='bbox 996 700 1117 761; x_wconf 87' lang='lat' dir='ltr'>quod</span> <span class='ocrx_word' id='word_1_59' title='bbox 1132 701 1315 760; x_wconf 82' lang='lat' dir='ltr'>scriptor</span> <span class='ocrx_word' id='word_1_60' title='bbox 1340 700 1450 744; x_wconf 84' lang='lat' dir='ltr'>forte</span> 
     </span>
     <span class='ocr_line' id='line_1_13' title="bbox 59 771 1451 832; baseline -0.003 -13"><span class='ocrx_word' id='word_1_61' title='bbox 59 791 145 820; x_wconf 90' lang='lat' dir='ltr'>non</span> <span class='ocrx_word' id='word_1_62' title='bbox 163 776 319 832; x_wconf 78' lang='lat' dir='ltr'>sensit3</span> <span class='ocrx_word' id='word_1_63' title='bbox 340 792 429 819; x_wconf 90' lang='lat' dir='ltr'>non</span> <span class='ocrx_word' id='word_1_64' title='bbox 450 785 595 820; x_wconf 84' lang='lat' dir='ltr'>tamen</span> <span class='ocrx_word' id='word_1_65' title='bbox 619 776 702 820; x_wconf 87' lang='lat' dir='ltr'>hoc</span> <span class='ocrx_word' id='word_1_66' title='bbox 718 775 886 819; x_wconf 87' lang='lat' dir='ltr'>sentire.</span> <span class='ocrx_word' id='word_1_67' title='bbox 899 773 1127 826; x_wconf 84' lang='lat' dir='ltr'>debemus,</span> <span class='ocrx_word' id='word_1_68' title='bbox 1152 771 1272 832; x_wconf 86' lang='lat' dir='ltr'>quod</span> <span class='ocrx_word' id='word_1_69' title='bbox 1294 771 1451 816; x_wconf 82' lang='lat' dir='ltr'>abhor-</span> 
     </span>
     <span class='ocr_line' id='line_1_14' title="bbox 59 845 1451 906; baseline -0.003 -15"><span class='ocrx_word' id='word_1_70' title='bbox 59 857 125 891; x_wconf 85' lang='lat' dir='ltr'>ret</span> <span class='ocrx_word' id='word_1_71' title='bbox 147 864 170 891; x_wconf 87' lang='lat' dir='ltr'>a</span> <span class='ocrx_word' id='word_1_72' title='bbox 193 847 341 906; x_wconf 81' lang='lat' dir='ltr'>regula</span> <span class='ocrx_word' id='word_1_73' title='bbox 364 848 492 902; x_wconf 83' lang='lat' dir='ltr'>fidei,</span> <span class='ocrx_word' id='word_1_74' title='bbox 519 864 542 891; x_wconf 87' lang='lat' dir='ltr'>a</span> <span class='ocrx_word' id='word_1_75' title='bbox 566 847 715 906; x_wconf 88' lang='lat' dir='ltr'>regula</span> <span class='ocrx_word' id='word_1_76' title='bbox 736 846 941 891; x_wconf 81' lang='lat' dir='ltr'>veritatis.</span> <span class='ocrx_word' id='word_1_77' title='bbox 968 848 1085 904; x_wconf 87' lang='lat' dir='ltr'>Ergo</span> <span class='ocrx_word' id='word_1_78' title='bbox 1105 845 1254 889; x_wconf 84' lang='lat' dir='ltr'>ambas</span> <span class='ocrx_word' id='word_1_79' title='bbox 1275 852 1451 888; x_wconf 88' lang='lat' dir='ltr'>senten-</span> 
     </span>
     <span class='ocr_line' id='line_1_15' title="bbox 61 915 1449 977; baseline -0.002 -16"><span class='ocrx_word' id='word_1_80' title='bbox 61 917 137 961; x_wconf 82' lang='lat' dir='ltr'>tias</span> <span class='ocrx_word' id='word_1_81' title='bbox 159 933 355 977; x_wconf 81' lang='lat' dir='ltr'>propono</span> <span class='ocrx_word' id='word_1_82' title='bbox 378 938 386 963; x_wconf 76' lang='grc' dir='ltr'><strong><em>ι</em></strong></span> <span class='ocrx_word' id='word_1_83' title='bbox 413 919 467 962; x_wconf 90' lang='lat' dir='ltr'>sit</span> <span class='ocrx_word' id='word_1_84' title='bbox 488 918 678 962; x_wconf 75' lang='lat' dir='ltr'>fortassis</span> <span class='ocrx_word' id='word_1_85' title='bbox 701 927 744 961; x_wconf 89' lang='lat' dir='ltr'>et</span> <span class='ocrx_word' id='word_1_86' title='bbox 767 918 890 962; x_wconf 88' lang='lat' dir='ltr'>tertia</span> <span class='ocrx_word' id='word_1_87' title='bbox 908 952 919 972; x_wconf 94' lang='lat'>‚</span> <span class='ocrx_word' id='word_1_88' title='bbox 944 932 1043 976; x_wconf 87' lang='lat' dir='ltr'>quae</span> <span class='ocrx_word' id='word_1_89' title='bbox 1065 931 1135 960; x_wconf 89' lang='lat' dir='ltr'>me</span> <span class='ocrx_word' id='word_1_90' title='bbox 1157 915 1278 959; x_wconf 84' lang='lat' dir='ltr'>latet.</span> <span class='ocrx_word' id='word_1_91' title='bbox 1296 917 1361 959; x_wconf 82' lang='lat' dir='ltr'>Ex</span> <span class='ocrx_word' id='word_1_92' title='bbox 1384 916 1449 958; x_wconf 80' lang='lat' dir='ltr'>liis</span> 
     </span>
     <span class='ocr_line' id='line_1_16' title="bbox 58 985 1448 1048; baseline -0.002 -16"><span class='ocrx_word' id='word_1_93' title='bbox 58 997 204 1032; x_wconf 82' lang='lat' dir='ltr'>autem</span> <span class='ocrx_word' id='word_1_94' title='bbox 222 989 391 1032; x_wconf 79' lang='lat' dir='ltr'>duabus</span> <span class='ocrx_word' id='word_1_95' title='bbox 414 988 670 1048; x_wconf 89' lang='lat' dir='ltr'>propositis,</span> <span class='ocrx_word' id='word_1_96' title='bbox 696 988 862 1047; x_wconf 89' lang='lat' dir='ltr'>eligatis</span> <span class='ocrx_word' id='word_1_97' title='bbox 882 1002 1014 1047; x_wconf 86' lang='lat' dir='ltr'>quam</span> <span class='ocrx_word' id='word_1_98' title='bbox 1037 985 1275 1031; x_wconf 86' lang='lat' dir='ltr'>volueritis.</span> <span class='ocrx_word' id='word_1_99' title='bbox 1303 985 1448 1045; x_wconf 85' lang='lat' dir='ltr'>Aliqui</span> 
     </span>
     <span class='ocr_line' id='line_1_17' title="bbox 59 1056 1447 1118; baseline -0.002 -16"><span class='ocrx_word' id='word_1_100' title='bbox 59 1057 212 1102; x_wconf 82' lang='lat' dir='ltr'>dieunt</span> <span class='ocrx_word' id='word_1_101' title='bbox 234 1058 329 1102; x_wconf 91' lang='lat' dir='ltr'>ideo</span> <span class='ocrx_word' id='word_1_102' title='bbox 352 1068 395 1102; x_wconf 88' lang='lat' dir='ltr'>et</span> <span class='ocrx_word' id='word_1_103' title='bbox 408 1058 622 1118; x_wconf 81' lang='lat' dir='ltr'>Angelum</span> <span class='ocrx_word' id='word_1_104' title='bbox 642 1058 814 1102; x_wconf 84' lang='lat' dir='ltr'>Domini</span> <span class='ocrx_word' id='word_1_105' title='bbox 837 1057 1004 1102; x_wconf 88' lang='lat' dir='ltr'>dictum</span> <span class='ocrx_word' id='word_1_106' title='bbox 1023 1066 1066 1100; x_wconf 90' lang='lat' dir='ltr'>et</span> <span class='ocrx_word' id='word_1_107' title='bbox 1080 1057 1332 1110; x_wconf 88' lang='lat' dir='ltr'>Dominum,</span> <span class='ocrx_word' id='word_1_108' title='bbox 1348 1056 1447 1117; x_wconf 83' lang='lat' dir='ltr'>quia</span> 
     </span>
     <span class='ocr_line' id='line_1_18' title="bbox 59 1127 1448 1192; baseline -0.002 -19"><span class='ocrx_word' id='word_1_109' title='bbox 59 1129 256 1173; x_wconf 87' lang='lat' dir='ltr'>Christus</span> <span class='ocrx_word' id='word_1_110' title='bbox 284 1138 397 1192; x_wconf 78' lang='lat' dir='ltr'>erat,</span> <span class='ocrx_word' id='word_1_111' title='bbox 435 1129 489 1172; x_wconf 90' lang='lat' dir='ltr'>de</span> <span class='ocrx_word' id='word_1_112' title='bbox 523 1145 612 1189; x_wconf 85' lang='lat' dir='ltr'>quo</span> <span class='ocrx_word' id='word_1_113' title='bbox 646 1138 793 1188; x_wconf 83' lang='lat' dir='ltr'>aperte</span> <span class='ocrx_word' id='word_1_114' title='bbox 823 1129 1037 1188; x_wconf 81' lang='lat' dir='ltr'>Propheta</span> <span class='ocrx_word' id='word_1_115' title='bbox 1080 1127 1214 1181; x_wconf 83' lang='lat' dir='ltr'>dicit,</span> <span class='ocrx_word' id='word_1_116' title='bbox 1240 1127 1361 1186; x_wconf 89' lang='lat' dir='ltr'>quod</span> <span class='ocrx_word' id='word_1_117' title='bbox 1396 1128 1448 1171; x_wconf 85' lang='lat' dir='ltr'>sit</span> 
     </span>
     <span class='ocr_line' id='line_1_19' title="bbox 58 1198 1445 1258; baseline -0.001 -16"><span class='ocrx_word' id='word_1_118' title='bbox 58 1199 203 1257; x_wconf 83' lang='lat' dir='ltr'>magni</span> <span class='ocrx_word' id='word_1_119' title='bbox 225 1198 393 1243; x_wconf 88' lang='lat' dir='ltr'>consilii</span> <span class='ocrx_word' id='word_1_120' title='bbox 417 1199 649 1258; x_wconf 85' lang='lat' dir='ltr'>Angelus¹.</span> <span class='ocrx_word' id='word_1_121' title='bbox 665 1199 857 1258; x_wconf 83' lang='lat' dir='ltr'>Angelus</span> <span class='ocrx_word' id='word_1_122' title='bbox 879 1199 993 1242; x_wconf 88' lang='lat' dir='ltr'>enim</span> <span class='ocrx_word' id='word_1_123' title='bbox 1018 1199 1149 1242; x_wconf 79' lang='lat' dir='ltr'>officii</span> <span class='ocrx_word' id='word_1_124' title='bbox 1172 1213 1332 1242; x_wconf 88' lang='lat' dir='ltr'>nomen</span> <span class='ocrx_word' id='word_1_125' title='bbox 1355 1208 1445 1252; x_wconf 84' lang='lat' dir='ltr'>est,</span> 
     </span>
     <span class='ocr_line' id='line_1_20' title="bbox 57 1268 1449 1329; baseline -0.001 -16"><span class='ocrx_word' id='word_1_126' title='bbox 57 1285 144 1313; x_wconf 91' lang='lat' dir='ltr'>non</span> <span class='ocrx_word' id='word_1_127' title='bbox 175 1279 357 1313; x_wconf 83' lang='lat' dir='ltr'>naturae.</span> <span class='ocrx_word' id='word_1_128' title='bbox 385 1272 494 1313; x_wconf 79' lang='lat' dir='ltr'>Nam</span> <span class='ocrx_word' id='word_1_129' title='bbox 523 1269 701 1328; x_wconf 78' lang='lat' dir='ltr'>angelus</span> <span class='ocrx_word' id='word_1_130' title='bbox 729 1285 894 1328; x_wconf 68' lang='lat' dir='ltr'>graece,</span> <span class='ocrx_word' id='word_1_131' title='bbox 928 1269 1002 1329; x_wconf 90' lang='lat' dir='ltr'>qui</span> <span class='ocrx_word' id='word_1_132' title='bbox 1023 1268 1154 1312; x_wconf 86' lang='lat' dir='ltr'>latine</span> <span class='ocrx_word' id='word_1_133' title='bbox 1176 1268 1356 1312; x_wconf 88' lang='lat' dir='ltr'>nuntius</span> <span class='ocrx_word' id='word_1_134' title='bbox 1380 1284 1449 1327; x_wconf 77' lang='lat' dir='ltr'>ap·</span> 
     </span>
     <span class='ocr_line' id='line_1_21' title="bbox 55 1338 1444 1398; baseline 0 -16"><span class='ocrx_word' id='word_1_135' title='bbox 55 1339 464 1398; x_wconf 80' lang='lat' dir='ltr'>pellatur.Nuntius</span> <span class='ocrx_word' id='word_1_136' title='bbox 479 1354 582 1398; x_wconf 88' lang='lat' dir='ltr'>ergo</span> <span class='ocrx_word' id='word_1_137' title='bbox 604 1340 784 1384; x_wconf 84' lang='lat' dir='ltr'>actionis</span> <span class='ocrx_word' id='word_1_138' title='bbox 808 1355 968 1383; x_wconf 86' lang='lat' dir='ltr'>nomen</span> <span class='ocrx_word' id='word_1_139' title='bbox 992 1348 1080 1383; x_wconf 87' lang='lat' dir='ltr'>est:</span> <span class='ocrx_word' id='word_1_140' title='bbox 1099 1338 1284 1398; x_wconf 78' lang='lat' dir='ltr'>agendo,</span> <span class='ocrx_word' id='word_1_141' title='bbox 1303 1339 1346 1382; x_wconf 89' lang='lat' dir='ltr'>id</span> <span class='ocrx_word' id='word_1_142' title='bbox 1366 1348 1444 1387; x_wconf 77' lang='lat' dir='ltr'>est,</span> 
     </span>
     <span class='ocr_line' id='line_1_22' title="bbox 56 1409 1448 1470; baseline -0.002 -16"><span class='ocrx_word' id='word_1_143' title='bbox 56 1410 221 1470; x_wconf 84' lang='lat' dir='ltr'>aliquid</span> <span class='ocrx_word' id='word_1_144' title='bbox 241 1410 484 1453; x_wconf 83' lang='lat' dir='ltr'>nuntiando</span> <span class='ocrx_word' id='word_1_145' title='bbox 502 1445 512 1464; x_wconf 80' lang='grc'>,</span> <span class='ocrx_word' id='word_1_146' title='bbox 539 1411 718 1454; x_wconf 87' lang='lat' dir='ltr'>nuntius</span> <span class='ocrx_word' id='word_1_147' title='bbox 742 1409 1001 1469; x_wconf 82' lang='lat' dir='ltr'>appellatur.</span> <span class='ocrx_word' id='word_1_148' title='bbox 1028 1410 1132 1462; x_wconf 88' lang='lat' dir='ltr'>Quis</span> <span class='ocrx_word' id='word_1_149' title='bbox 1157 1418 1284 1467; x_wconf 85' lang='lat' dir='ltr'>neget</span> <span class='ocrx_word' id='word_1_150' title='bbox 1307 1409 1448 1453; x_wconf 82' lang='lat' dir='ltr'>Chris-</span> 
     </span>
     <span class='ocr_line' id='line_1_23' title="bbox 60 1480 1444 1538; baseline -0.001 -14"><span class='ocrx_word' id='word_1_151' title='bbox 60 1491 149 1525; x_wconf 86' lang='lat' dir='ltr'>tum</span> <span class='ocrx_word' id='word_1_152' title='bbox 179 1482 398 1525; x_wconf 85' lang='lat' dir='ltr'>nuntiasse</span> <span class='ocrx_word' id='word_1_153' title='bbox 418 1481 543 1525; x_wconf 86' lang='lat' dir='ltr'>nobis</span> <span class='ocrx_word' id='word_1_154' title='bbox 563 1496 742 1538; x_wconf 84' lang='lat' dir='ltr'>regnum</span> <span class='ocrx_word' id='word_1_155' title='bbox 768 1480 1012 1524; x_wconf 77' lang='lat' dir='ltr'>coelorum?</span> <span class='ocrx_word' id='word_1_156' title='bbox 1033 1480 1198 1523; x_wconf 83' lang='lat' dir='ltr'>Deinde</span> <span class='ocrx_word' id='word_1_157' title='bbox 1221 1480 1414 1538; x_wconf 78' lang='lat' dir='ltr'>Angelus</span> <span class='ocrx_word' id='word_1_158' title='bbox 1434 1516 1444 1535; x_wconf 77' lang='lat'><strong><em>,</em></strong></span> 
     </span>
     <span class='ocr_line' id='line_1_24' title="bbox 59 1550 1448 1611; baseline -0.001 -15"><span class='ocrx_word' id='word_1_159' title='bbox 59 1553 100 1596; x_wconf 84' lang='lat' dir='ltr'>id</span> <span class='ocrx_word' id='word_1_160' title='bbox 119 1561 210 1607; x_wconf 85' lang='lat' dir='ltr'>est,</span> <span class='ocrx_word' id='word_1_161' title='bbox 237 1553 416 1595; x_wconf 86' lang='lat' dir='ltr'>nuntius</span> <span class='ocrx_word' id='word_1_162' title='bbox 444 1552 633 1595; x_wconf 78' lang='lat' dir='ltr'>mittitur</span> <span class='ocrx_word' id='word_1_163' title='bbox 655 1552 710 1594; x_wconf 83' lang='lat' dir='ltr'>al)</span> <span class='ocrx_word' id='word_1_164' title='bbox 731 1567 803 1605; x_wconf 81' lang='lat' dir='ltr'>eo,</span> <span class='ocrx_word' id='word_1_165' title='bbox 825 1551 900 1611; x_wconf 86' lang='lat' dir='ltr'>qui</span> <span class='ocrx_word' id='word_1_166' title='bbox 925 1567 1001 1610; x_wconf 88' lang='lat' dir='ltr'>per</span> <span class='ocrx_word' id='word_1_167' title='bbox 1023 1566 1121 1594; x_wconf 87' lang='lat' dir='ltr'>eum</span> <span class='ocrx_word' id='word_1_168' title='bbox 1146 1550 1311 1610; x_wconf 86' lang='lat' dir='ltr'>aliquid</span> <span class='ocrx_word' id='word_1_169' title='bbox 1332 1567 1448 1594; x_wconf 88' lang='lat' dir='ltr'>nun-</span> 
     </span>
     <span class='ocr_line' id='line_1_25' title="bbox 60 1621 1443 1681; baseline -0.001 -16"><span class='ocrx_word' id='word_1_170' title='bbox 60 1622 148 1665; x_wconf 83' lang='lat' dir='ltr'>tiat.</span> <span class='ocrx_word' id='word_1_171' title='bbox 190 1625 245 1666; x_wconf 90' lang='lat' dir='ltr'>Et</span> <span class='ocrx_word' id='word_1_172' title='bbox 274 1623 369 1681; x_wconf 85' lang='lat' dir='ltr'>quis</span> <span class='ocrx_word' id='word_1_173' title='bbox 402 1631 532 1680; x_wconf 88' lang='lat' dir='ltr'>neget</span> <span class='ocrx_word' id='word_1_174' title='bbox 565 1622 787 1665; x_wconf 82' lang='lat' dir='ltr'>Christum</span> <span class='ocrx_word' id='word_1_175' title='bbox 821 1622 997 1664; x_wconf 85' lang='lat' dir='ltr'>missum</span> <span class='ocrx_word' id='word_1_176' title='bbox 1017 1622 1034 1661; x_wconf 81' lang='lat'>⁶?</span> <span class='ocrx_word' id='word_1_177' title='bbox 1057 1621 1131 1680; x_wconf 87' lang='lat' dir='ltr'>qui</span> <span class='ocrx_word' id='word_1_178' title='bbox 1158 1622 1280 1664; x_wconf 83' lang='lat' dir='ltr'>toties</span> <span class='ocrx_word' id='word_1_179' title='bbox 1310 1621 1443 1665; x_wconf 80' lang='lat' dir='ltr'>dicit:</span> 
     </span>
     <span class='ocr_line' id='line_1_26' title="bbox 61 1691 1448 1751; baseline 0 -17"><span class='ocrx_word' id='word_1_180' title='bbox 61 1711 80 1734; x_wconf 90' lang='lat'>«</span> <span class='ocrx_word' id='word_1_181' title='bbox 119 1695 212 1737; x_wconf 87' lang='lat' dir='ltr'>Non</span> <span class='ocrx_word' id='word_1_182' title='bbox 228 1693 326 1736; x_wconf 91' lang='lat' dir='ltr'>veni</span> <span class='ocrx_word' id='word_1_183' title='bbox 350 1693 491 1736; x_wconf 82' lang='lat' dir='ltr'>facere</span> <span class='ocrx_word' id='word_1_184' title='bbox 508 1692 777 1737; x_wconf 80' lang='lat' dir='ltr'>voluntatem</span> <span class='ocrx_word' id='word_1_185' title='bbox 797 1707 955 1745; x_wconf 79' lang='lat' dir='ltr'>meam,</span> <span class='ocrx_word' id='word_1_186' title='bbox 970 1692 1044 1734; x_wconf 89' lang='lat' dir='ltr'>sed</span> <span class='ocrx_word' id='word_1_187' title='bbox 1069 1691 1336 1735; x_wconf 83' lang='lat' dir='ltr'>voluntatem</span> <span class='ocrx_word' id='word_1_188' title='bbox 1356 1693 1448 1751; x_wconf 82' lang='lat' dir='ltr'>ejus</span> 
     </span>
     <span class='ocr_line' id='line_1_27' title="bbox 61 1761 1446 1823; baseline 0 -17"><span class='ocrx_word' id='word_1_189' title='bbox 61 1781 79 1804; x_wconf 94' lang='lat'>»</span> <span class='ocrx_word' id='word_1_190' title='bbox 116 1764 190 1823; x_wconf 86' lang='lat' dir='ltr'>qui</span> <span class='ocrx_word' id='word_1_191' title='bbox 217 1778 284 1806; x_wconf 90' lang='lat' dir='ltr'>me</span> <span class='ocrx_word' id='word_1_192' title='bbox 312 1763 449 1807; x_wconf 72' lang='lat' dir='ltr'>misit·2</span> <span class='ocrx_word' id='word_1_193' title='bbox 478 1783 485 1807; x_wconf 91' lang='lat'>:</span> <span class='ocrx_word' id='word_1_194' title='bbox 516 1782 534 1804; x_wconf 73' lang='lat' dir='ltr'><strong><em>n</em></strong></span> <span class='ocrx_word' id='word_1_195' title='bbox 560 1765 649 1823; x_wconf 85' lang='lat' dir='ltr'>ipse</span> <span class='ocrx_word' id='word_1_196' title='bbox 681 1763 853 1822; x_wconf 86' lang='lat' dir='ltr'>proprie</span> <span class='ocrx_word' id='word_1_197' title='bbox 887 1762 1053 1806; x_wconf 83' lang='lat' dir='ltr'>missus.</span> <span class='ocrx_word' id='word_1_198' title='bbox 1080 1765 1189 1806; x_wconf 78' lang='lat' dir='ltr'>Nam</span> <span class='ocrx_word' id='word_1_199' title='bbox 1216 1762 1349 1816; x_wconf 63' lang='lat' dir='ltr'>Siloi&#39;2,</span> <span class='ocrx_word' id='word_1_200' title='bbox 1377 1761 1446 1806; x_wconf 84' lang='lat' dir='ltr'>illa</span> 
     </span>
     <span class='ocr_line' id='line_1_28' title="bbox 56 1834 1447 1894; baseline -0.001 -16"><span class='ocrx_word' id='word_1_201' title='bbox 56 1835 217 1894; x_wconf 83' lang='lat' dir='ltr'>piscina</span> <span class='ocrx_word' id='word_1_202' title='bbox 235 1870 245 1889; x_wconf 81' lang='lat'><strong>‚</strong></span> <span class='ocrx_word' id='word_1_203' title='bbox 291 1835 601 1893; x_wconf 82' lang='lat' dir='ltr'>interpretatur</span> <span class='ocrx_word' id='word_1_204' title='bbox 643 1835 795 1878; x_wconf 87' lang='lat' dir='ltr'>missus</span> <span class='ocrx_word' id='word_1_205' title='bbox 820 1838 850 1877; x_wconf 63' lang='lat'>³.</span> <span class='ocrx_word' id='word_1_206' title='bbox 899 1834 1001 1878; x_wconf 77' lang='lat' dir='ltr'>{deo</span> <span class='ocrx_word' id='word_1_207' title='bbox 1050 1836 1118 1878; x_wconf 88' lang='lat' dir='ltr'>cui</span> <span class='ocrx_word' id='word_1_208' title='bbox 1157 1835 1305 1878; x_wconf 82' lang='lat' dir='ltr'>oculos</span> <span class='ocrx_word' id='word_1_209' title='bbox 1355 1835 1447 1878; x_wconf 87' lang='lat' dir='ltr'>luto</span> 
     </span>
     <span class='ocr_line' id='line_1_29' title="bbox 57 1904 1447 1964; baseline -0.001 -15"><span class='ocrx_word' id='word_1_210' title='bbox 57 1906 242 1959; x_wconf 82' lang='lat' dir='ltr'>inunxit,</span> <span class='ocrx_word' id='word_1_211' title='bbox 269 1904 370 1948; x_wconf 79' lang='lat' dir='ltr'>inde</span> <span class='ocrx_word' id='word_1_212' title='bbox 392 1904 533 1948; x_wconf 75' lang='lat' dir='ltr'>lavare</span> <span class='ocrx_word' id='word_1_213' title='bbox 557 1905 706 1948; x_wconf 70' lang='lat' dir='ltr'>ihciem</span> <span class='ocrx_word' id='word_1_214' title='bbox 727 1906 866 1963; x_wconf 81' lang='lat' dir='ltr'>jussit.</span> <span class='ocrx_word' id='word_1_215' title='bbox 886 1904 1058 1949; x_wconf 88' lang='lat' dir='ltr'>Nullius</span> <span class='ocrx_word' id='word_1_216' title='bbox 1077 1905 1191 1948; x_wconf 88' lang='lat' dir='ltr'>enim</span> <span class='ocrx_word' id='word_1_217' title='bbox 1211 1907 1324 1949; x_wconf 86' lang='lat' dir='ltr'>visus</span> <span class='ocrx_word' id='word_1_218' title='bbox 1347 1922 1447 1964; x_wconf 74' lang='lat' dir='ltr'>apo-</span> 
     </span>
     <span class='ocr_line' id='line_1_30' title="bbox 57 1975 1449 2035; baseline 0 -16"><span class='ocrx_word' id='word_1_219' title='bbox 57 1977 190 2031; x_wconf 73' lang='lat' dir='ltr'>ntur,</span> <span class='ocrx_word' id='word_1_220' title='bbox 218 1976 295 2019; x_wconf 88' lang='lat' dir='ltr'>nisi</span> <span class='ocrx_word' id='word_1_221' title='bbox 314 1977 405 2034; x_wconf 64' lang='lat' dir='ltr'>ojus</span> <span class='ocrx_word' id='word_1_222' title='bbox 427 1975 501 2034; x_wconf 81' lang='lat' dir='ltr'>qui</span> <span class='ocrx_word' id='word_1_223' title='bbox 521 1992 541 2018; x_wconf 81' lang='lat' dir='ltr'>a</span> <span class='ocrx_word' id='word_1_224' title='bbox 561 1976 731 2019; x_wconf 84' lang='lat' dir='ltr'>Christo</span> <span class='ocrx_word' id='word_1_225' title='bbox 755 1975 1007 2018; x_wconf 81' lang='lat' dir='ltr'>mundatur.</span> <span class='ocrx_word' id='word_1_226' title='bbox 1035 1978 1147 2033; x_wconf 86' lang='lat' dir='ltr'>Ergo</span> <span class='ocrx_word' id='word_1_227' title='bbox 1166 1976 1279 2020; x_wconf 85' lang='lat' dir='ltr'>idem</span> <span class='ocrx_word' id='word_1_228' title='bbox 1304 1982 1449 2035; x_wconf 73' lang='lat' dir='ltr'>Ange·</span> 
     </span>
     <span class='ocr_line' id='line_1_31' title="bbox 57 2046 528 2101; baseline -0.006 -11"><span class='ocrx_word' id='word_1_229' title='bbox 57 2046 146 2101; x_wconf 78' lang='lat' dir='ltr'>lus,</span> <span class='ocrx_word' id='word_1_230' title='bbox 173 2047 285 2090; x_wconf 83' lang='lat' dir='ltr'>idem</span> <span class='ocrx_word' id='word_1_231' title='bbox 309 2047 528 2090; x_wconf 75' lang='lat' dir='ltr'>Dominus.</span> 
     </span>
    </p>

    <p class='ocr_par' dir='ltr' id='par_1_6' title="bbox 59 2114 1448 2247">
     <span class='ocr_line' id='line_1_32' title="bbox 118 2114 1445 2174; baseline -0.001 -14"><span class='ocrx_word' id='word_1_232' title='bbox 118 2120 191 2160; x_wconf 81' lang='lat' dir='ltr'>tv.</span> <span class='ocrx_word' id='word_1_233' title='bbox 222 2117 303 2160; x_wconf 59' lang='lat' dir='ltr'>Sed</span> <span class='ocrx_word' id='word_1_234' title='bbox 330 2117 398 2160; x_wconf 81' lang='lat' dir='ltr'>hic</span> <span class='ocrx_word' id='word_1_235' title='bbox 426 2116 614 2159; x_wconf 76' lang='lat' dir='ltr'>occurrit</span> <span class='ocrx_word' id='word_1_236' title='bbox 642 2114 807 2174; x_wconf 75' lang='lat' dir='ltr'>aliquid</span> <span class='ocrx_word' id='word_1_237' title='bbox 838 2114 1186 2173; x_wconf 67' lang='lat' dir='ltr'>prsrwavendum.</span> <span class='ocrx_word' id='word_1_238' title='bbox 1217 2118 1307 2160; x_wconf 88' lang='lat' dir='ltr'>Non</span> <span class='ocrx_word' id='word_1_239' title='bbox 1332 2118 1445 2159; x_wconf 74' lang='lat' dir='ltr'>onim</span> 
     </span>
     <span class='ocr_line' id='line_1_33' title="bbox 59 2186 1448 2247; baseline -0.001 -17"><span class='ocrx_word' id='word_1_240' title='bbox 59 2187 216 2231; x_wconf 83' lang='lat' dir='ltr'>desunt</span> <span class='ocrx_word' id='word_1_241' title='bbox 239 2188 427 2231; x_wconf 66' lang='lat' dir='ltr'>luere-tici</span> <span class='ocrx_word' id='word_1_242' title='bbox 462 2188 537 2247; x_wconf 77' lang='lat' dir='ltr'>qui</span> <span class='ocrx_word' id='word_1_243' title='bbox 561 2187 708 2230; x_wconf 76' lang='lat' dir='ltr'>dicant</span> <span class='ocrx_word' id='word_1_244' title='bbox 727 2222 738 2240; x_wconf 84' lang='lat'>‚</span> <span class='ocrx_word' id='word_1_245' title='bbox 769 2187 902 2229; x_wconf 74' lang='lat' dir='ltr'>Patris</span> <span class='ocrx_word' id='word_1_246' title='bbox 923 2195 959 2228; x_wconf 66' lang='lat' dir='ltr'>vt</span> <span class='ocrx_word' id='word_1_247' title='bbox 994 2186 1085 2229; x_wconf 77' lang='lat' dir='ltr'>Filii</span> <span class='ocrx_word' id='word_1_248' title='bbox 1111 2187 1269 2229; x_wconf 67' lang='lat' dir='ltr'>distare</span> <span class='ocrx_word' id='word_1_249' title='bbox 1297 2197 1337 2230; x_wconf 65' lang='lat' dir='ltr'>vt</span> <span class='ocrx_word' id='word_1_250' title='bbox 1361 2188 1448 2229; x_wconf 64' lang='lat' dir='ltr'>‹tis-</span> 
     </span>
    </p>
   </div>
   <div class='ocr_carea' id='block_1_6' title="bbox 0 2257 1447 2316">
    <p class='ocr_par' dir='ltr' id='par_1_7' title="bbox 0 2257 1447 2316">
     <span class='ocr_line' id='line_1_34' title="bbox 0 2257 1447 2316; baseline 0 -16"><span class='ocrx_word' id='word_1_251' title='bbox 0 2280 1 2294; x_wconf 58' lang='grc' dir='ltr'>ι</span> <span class='ocrx_word' id='word_1_252' title='bbox 59 2273 209 2302; x_wconf 83' lang='lat' dir='ltr'>sonare</span> <span class='ocrx_word' id='word_1_253' title='bbox 229 2266 418 2311; x_wconf 81' lang='lat' dir='ltr'>naturas,</span> <span class='ocrx_word' id='word_1_254' title='bbox 437 2266 479 2300; x_wconf 79' lang='lat' dir='ltr'>et</span> <span class='ocrx_word' id='word_1_255' title='bbox 498 2272 584 2300; x_wconf 87' lang='lat' dir='ltr'>non</span> <span class='ocrx_word' id='word_1_256' title='bbox 607 2272 678 2300; x_wconf 80' lang='lat' dir='ltr'>eos</span> <span class='ocrx_word' id='word_1_257' title='bbox 696 2272 785 2299; x_wconf 78' lang='lat' dir='ltr'>esse</span> <span class='ocrx_word' id='word_1_258' title='bbox 808 2257 934 2299; x_wconf 85' lang='lat' dir='ltr'>unius</span> <span class='ocrx_word' id='word_1_259' title='bbox 953 2257 1235 2316; x_wconf 72' lang='lat' dir='ltr'>ejusdemque</span> <span class='ocrx_word' id='word_1_260' title='bbox 1253 2257 1447 2300; x_wconf 82' lang='lat' dir='ltr'>substau-</span> 
     </span>
    </p>
   </div>
   <div class='ocr_carea' id='block_1_7' title="bbox 60 2327 1447 2600">
    <p class='ocr_par' dir='ltr' id='par_1_8' title="bbox 60 2327 1447 2600">
     <span class='ocr_line' id='line_1_35' title="bbox 63 2327 1447 2388; baseline -0.001 -15"><span class='ocrx_word' id='word_1_261' title='bbox 63 2330 144 2373; x_wconf 79' lang='lat' dir='ltr'>tiw.</span> <span class='ocrx_word' id='word_1_262' title='bbox 172 2328 394 2373; x_wconf 67' lang='lat' dir='ltr'>Catholica</span> <span class='ocrx_word' id='word_1_263' title='bbox 415 2338 558 2371; x_wconf 76' lang='lat' dir='ltr'>autem</span> <span class='ocrx_word' id='word_1_264' title='bbox 581 2327 684 2370; x_wconf 70' lang='lat' dir='ltr'>lidos</span> <span class='ocrx_word' id='word_1_265' title='bbox 701 2329 835 2371; x_wconf 67' lang='lat' dir='ltr'>eredit</span> <span class='ocrx_word' id='word_1_266' title='bbox 861 2332 1025 2370; x_wconf 64' lang='lat' dir='ltr'>vau-vin</span> <span class='ocrx_word' id='word_1_267' title='bbox 1049 2338 1089 2371; x_wconf 71' lang='lat' dir='ltr'>vt</span> <span class='ocrx_word' id='word_1_268' title='bbox 1113 2328 1266 2372; x_wconf 63' lang='lat' dir='ltr'>vitium</span> <span class='ocrx_word' id='word_1_269' title='bbox 1286 2338 1328 2372; x_wconf 66' lang='lat' dir='ltr'>ot</span> <span class='ocrx_word' id='word_1_270' title='bbox 1354 2331 1447 2388; x_wconf 75' lang='lat' dir='ltr'>Spi-</span> 
     </span>
     <span class='ocr_line' id='line_1_36' title="bbox 60 2400 1443 2450; baseline 0.002 -7"><span class='ocrx_word' id='word_1_271' title='bbox 60 2401 188 2443; x_wconf 86' lang='lat' dir='ltr'>ritum</span> <span class='ocrx_word' id='word_1_272' title='bbox 211 2410 405 2443; x_wconf 71' lang='lat' dir='ltr'>sanctuni</span> <span class='ocrx_word' id='word_1_273' title='bbox 429 2416 562 2442; x_wconf 84' lang='lat' dir='ltr'>uuum</span> <span class='ocrx_word' id='word_1_274' title='bbox 585 2403 734 2450; x_wconf 62' lang='lat' dir='ltr'>noum,</span> <span class='ocrx_word' id='word_1_275' title='bbox 755 2401 882 2443; x_wconf 67' lang='lat' dir='ltr'>tinius</span> <span class='ocrx_word' id='word_1_276' title='bbox 900 2400 1151 2442; x_wconf 60' lang='lat' dir='ltr'>substantia*</span> <span class='ocrx_word' id='word_1_277' title='bbox 1172 2401 1443 2446; x_wconf 55' lang='lat' dir='ltr'>&#39;l‘riuitatvuh</span> 
     </span>
     <span class='ocr_line' id='line_1_37' title="bbox 63 2471 1444 2529; baseline 0 -16"><span class='ocrx_word' id='word_1_278' title='bbox 63 2471 403 2529; x_wconf 55' lang='lat' dir='ltr'>inseparabiliter</span> <span class='ocrx_word' id='word_1_279' title='bbox 420 2506 429 2521; x_wconf 68' lang='grc'><em>,</em></span> <span class='ocrx_word' id='word_1_280' title='bbox 455 2471 678 2529; x_wconf 55' lang='lat' dir='ltr'>:equaliter</span> <span class='ocrx_word' id='word_1_281' title='bbox 698 2507 707 2523; x_wconf 86' lang='lat'>‚</span> <span class='ocrx_word' id='word_1_282' title='bbox 746 2487 830 2513; x_wconf 80' lang='lat' dir='ltr'>non</span> <span class='ocrx_word' id='word_1_283' title='bbox 856 2471 1163 2513; x_wconf 65' lang='lat' dir='ltr'>couuuixtione</span> <span class='ocrx_word' id='word_1_284' title='bbox 1186 2471 1410 2514; x_wconf 68' lang='lat' dir='ltr'>roul&#39;usani</span> <span class='ocrx_word' id='word_1_285' title='bbox 1435 2507 1444 2517; x_wconf 82' lang='grc'><strong>.</strong></span> 
     </span>
     <span class='ocr_line' id='line_1_38' title="bbox 63 2540 1446 2600; baseline 0.001 -17"><span class='ocrx_word' id='word_1_286' title='bbox 63 2555 148 2583; x_wconf 86' lang='lat' dir='ltr'>non</span> <span class='ocrx_word' id='word_1_287' title='bbox 171 2540 449 2584; x_wconf 71' lang='lat' dir='ltr'>distinctione</span> <span class='ocrx_word' id='word_1_288' title='bbox 472 2550 725 2600; x_wconf 62' lang='lat' dir='ltr'>svpaiuuani.</span> <span class='ocrx_word' id='word_1_289' title='bbox 758 2541 820 2584; x_wconf 84' lang='grc' dir='ltr'>ΙΙΙί</span> <span class='ocrx_word' id='word_1_290' title='bbox 846 2557 948 2597; x_wconf 73' lang='lat' dir='ltr'>vrgo</span> <span class='ocrx_word' id='word_1_291' title='bbox 976 2542 1049 2600; x_wconf 79' lang='lat' dir='ltr'>qui</span> <span class='ocrx_word' id='word_1_292' title='bbox 1077 2542 1333 2600; x_wconf 58' lang='lat' dir='ltr'>persuadere</span> <span class='ocrx_word' id='word_1_293' title='bbox 1357 2558 1446 2584; x_wconf 81' lang='lat' dir='ltr'>iuu-</span> 
     </span>
    </p>
   </div>
   <div class='ocr_carea' id='block_1_8' title="bbox 111 2627 933 2666">
    <p class='ocr_par' dir='ltr' id='par_1_9' title="bbox 111 2627 933 2666">
     <span class='ocr_line' id='line_1_39' title="bbox 111 2627 933 2666; baseline 0.002 -11"><span class='ocrx_word' id='word_1_294' title='bbox 111 2633 115 2647; x_wconf 90' lang='lat'><strong>¹</strong></span> <span class='ocrx_word' id='word_1_295' title='bbox 140 2628 318 2666; x_wconf 68' lang='grc' dir='ltr'><strong>1κ;ι“ι’.ικ,(ὶ.</strong></span> <span class='ocrx_word' id='word_1_296' title='bbox 342 2645 368 2648; x_wconf 63' lang='lat'>&gt;—</span> <span class='ocrx_word' id='word_1_297' title='bbox 402 2634 412 2648; x_wconf 79' lang='lat'>²</span> <span class='ocrx_word' id='word_1_298' title='bbox 433 2630 525 2658; x_wconf 62' lang='lat' dir='ltr'>suan.</span> <span class='ocrx_word' id='word_1_299' title='bbox 545 2639 590 2661; x_wconf 75' lang='lat' dir='ltr'>rc.</span> <span class='ocrx_word' id='word_1_300' title='bbox 618 2628 665 2657; x_wconf 54' lang='grc' dir='ltr'>Ἦ.</span> <span class='ocrx_word' id='word_1_301' title='bbox 723 2646 726 2647; x_wconf 36' lang='lat'><em>⁷</em></span> <span class='ocrx_word' id='word_1_302' title='bbox 757 2628 762 2645; x_wconf 66' lang='lat'><em>‘</em></span> <span class='ocrx_word' id='word_1_303' title='bbox 789 2627 831 2657; x_wconf 77' lang='grc' dir='ltr'>ΙιΙ.</span> <span class='ocrx_word' id='word_1_304' title='bbox 856 2638 896 2660; x_wconf 49' lang='grc' dir='ltr'>ιη,</span> <span class='ocrx_word' id='word_1_305' title='bbox 920 2638 933 2643; x_wconf 66' lang='grc'><em>“</em></span> 
     </span>
    </p>
   </div>
  </div>
 </body>
</html>
