1924 3309
503 269 588 308 262
937 276 972 306 s.
1007 276 1238 307 Ancusnm
1270 279 1451 308 EPISCOPI

505 346 633 391 bonis
655 344 876 405 operibus,
896 344 943 388 in
964 344 1246 398 orationibus,
1272 344 1316 388 in
1329 345 1526 405 jejuniis,
1546 345 1591 390 in
1607 345 1890 406 eleemosynis

505 426 684 479 propter
707 416 877 460 minuta
904 424 1081 475 peccata
1097 449 1109 467 ⁷
1142 423 1186 458 et
1209 414 1468 461 abstinendo
1487 432 1563 462 vos
1589 416 1644 461 ab
1665 416 1750 462 illis
1773 433 1892 479 mag-

504 490 571 534 nis
601 488 811 549 peccatis,
841 485 1114 532 concordatis
1148 499 1250 529 cum
1271 485 1516 532 adversario
1541 507 1549 532 :
1575 497 1619 532 et
1650 489 1792 534 securi
1818 490 1887 534 di-

498 561 594 606 citis
615 560 662 604 in
684 559 876 605 oratione
905 577 913 604 :
943 577 963 601 «
987 556 1167 602 Dimitte
1187 556 1313 602 nobis
1346 558 1494 604 debita
1521 568 1688 615 nostra,
1714 560 1826 606 sicut
1845 572 1888 608 et

501 650 523 674 »
557 646 636 676 nos
670 629 929 675 dimittimus
958 627 1229 672 debitoribus
1261 629 1459 674 nostris¹.
1497 647 1518 671 »
1555 630 1735 674 Habetis
1772 632 1886 678 enim

498 701 620 764 quod
641 700 838 762 quotidie
854 699 976 746 vobis
994 698 1254 755 dimittatur,
1276 700 1352 759 qui
1367 700 1538 745 habetis
1550 701 1672 762 quod
1692 700 1887 763 quotidie

497 773 742 818 dimittatis.
772 773 841 817 Sic
863 769 1133 816 ambulando
1165 770 1306 816 securi
1328 771 1374 815 in
1395 771 1464 816 via
1486 787 1576 817 non
1597 772 1806 818 timebitis
1826 774 1888 820 la-

496 845 680 890 trocinia
702 842 868 889 diaboli
893 862 902 888 :
926 842 1030 903 quia
1051 841 1249 888 Christus
1278 842 1393 887 viam
1414 851 1457 887 et
1478 852 1656 888 stratam
1684 859 1886 904 magnam

495 932 540 962 se
561 917 706 977 ipsum
737 915 863 971 fecit,
899 930 977 975 per
998 929 1131 975 quam
1153 913 1275 959 ducit
1303 913 1359 959 ad
1389 915 1613 975 patriam2.
1644 916 1797 960 Omnis
1823 917 1885 962 ibi

495 987 728 1043 securitas,
768 986 909 1031 omnis
941 985 1064 1047 quies
1091 1006 1100 1032 :
1124 984 1203 1030 ubi
1232 994 1275 1030 et
1303 985 1394 1045 ipsa
1419 986 1723 1031 misericordiae
1755 1002 1883 1047 opera

495 1058 753 1114 cessabunt,
777 1058 881 1118 quia
907 1056 1030 1101 nulla
1050 1056 1114 1101 ibi
1135 1057 1217 1102 erit
1239 1056 1480 1116 indigentia
1498 1057 1771 1102 miserorum.
1790 1059 1885 1104 Erit

492 1145 595 1189 ergo
606 1129 696 1173 illic
713 1129 943 1174 sabbatum
960 1128 1245 1174 sabbatorum
1260 1150 1272 1188 3
1286 1138 1338 1174 ut
1350 1127 1471 1189 quod
1483 1128 1553 1174 hic
1570 1128 1880 1185 desideramus,

492 1201 552 1245 ibi
568 1200 856 1245 inveniamus.
881 1202 1039 1246 Amen.

540 1328 550 1345 ¹
569 1321 689 1353 Matth.
711 1332 757 1363 vi,
780 1329 830 1353 12.
852 1337 895 1344 —·
915 1327 928 1343 2
945 1319 1025 1353 Cod.
1039 1320 1126 1353 Cass
1145 1321 1184 1361 11',
1197 1318 1253 1352 fol.
1275 1318 1335 1352 125
1357 1330 1363 1350 z
1382 1330 1397 1347 «
1417 1318 1537 1352 Videtis
1558 1329 1647 1361 ergo,
1666 1318 1784 1353 fratres
1801 1320 1881 1363 mei,

491 1378 607 1411 Christi
623 1376 893 1418 misericordiam3
915 1379 982 1409 Deo
1001 1376 1116 1419 gratias
1129 1401 1138 1417 ‚
1153 1376 1225 1418 quia
1242 1385 1299 1417 per
1316 1375 1459 1418 pericula
1476 1375 1535 1407 ista
1552 1374 1720 1408 mortifera
1737 1376 1881 1408 viventes

494 1435 620 1467 auditis.
640 1436 742 1468 Nemo
763 1445 820 1467 vos
833 1432 923 1466 fallat
937 1444 945 1474 ς
965 1432 1035 1465 odit
1051 1434 1110 1466 ista
1136 1435 1239 1473 Deus3
1256 1433 1398 1466 vindicat
1415 1435 1476 1465 ista
1492 1435 1587 1464 Deus.
1606 1432 1682 1465 Ideo
1698 1432 1804 1475 parcit
1818 1458 1827 1473 ,
1847 1436 1882 1465 ut

495 1491 664 1524 mutemini
676 1502 686 1531 ;
697 1491 769 1523 ideo
785 1500 870 1523 nunc
887 1500 950 1522 nou
967 1489 1111 1522 vindicat
1124 1490 1183 1522 ista
1199 1492 1281 1522 Deus
1294 1513 1303 1531 ,
1322 1493 1357 1521 ut
1370 1489 1604 1521 convertamini
1625 1489 1664 1521 ad
1681 1488 1780 1521 illum.
1806 1489 1882 1521 Nam

493 1549 637 1581 vindicat
653 1552 780 1591 postea,
795 1547 821 1578 si
838 1547 988 1580 conversi
1011 1558 1074 1578 non
1096 1546 1235 1579 fueritis.
1266 1545 1342 1578 Ideo
1360 1557 1422 1578 non
1435 1546 1577 1578 vindicat
1589 1571 1598 1588 ,
1616 1550 1652 1577 ut
1679 1545 1745 1577 vias
1762 1550 1883 1578 vestras

492 1605 623 1637 mutetis
638 1630 647 1646 ,
674 1610 709 1637 ut
730 1605 891 1647 corrigere
913 1604 1045 1637 valeatis
1069 1604 1100 1635 in
1121 1607 1297 1646 conspectu
1326 1603 1394 1643 ejus
1419 1613 1522 1635 mores
1550 1606 1686 1634 vestros.
1707 1601 1817 1634 Omnis
1839 1601 1883 1634 ibi

495 1662 650 1695 securitas
664 1688 672 1704 ,
691 1662 747 1694 ubi
763 1660 841 1694 nihil
867 1661 932 1695 tale
961 1661 1092 1705 patiaris
1106 1687 1115 1703 ‚
1141 1660 1216 1693 nihil
1233 1660 1297 1692 tale
1315 1659 1472 1701 tolerare,
1489 1659 1565 1691 nihil
1578 1659 1643 1692 tale
1661 1659 1806 1692 devitarc
1826 1659 1880 1701 ju-

494 1719 611 1752 bearis.
631 1719 701 1750 Non
716 1718 833 1760 frangis
851 1729 966 1761 panem
985 1728 1084 1759 egeno
1097 1743 1106 1759 ,
1128 1718 1201 1760 quia
1226 1727 1320 1748 nemo
1337 1716 1381 1748 ibi
1407 1716 1516 1749 esurit.
1539 1718 1607 1748 Non
1624 1717 1723 1749 vestis
1741 1716 1858 1748 nudum
1872 1738 1882 1757 ‚

496 1776 568 1818 quia
587 1785 695 1807 omnes
712 1774 954 1807 immortalitate
974 1774 1087 1807 vestiti
1103 1769 1185 1805 sunt.
1208 1775 1277 1806 Non
1304 1773 1435 1815 suscipis
1452 1773 1668 1815 peregrinum,
1684 1772 1758 1816 quia
1776 1781 1884 1805 omnes

495 1832 526 1863 in
539 1832 643 1874 patria
664 1841 722 1863 sua
735 1830 857 1862 vivunt.
882 1831 952 1861 Non
971 1830 1081 1860 visitas
1094 1839 1226 1870 mgrum,
1238 1830 1312 1869 quia
1324 1838 1434 1859 omnes
1455 1831 1611 1869 perpetuo
1625 1828 1692 1858 sani
1709 1832 1794 1860 sunt.
1814 1829 1882 1859 Non

496 1887 612 1930 sepelis
640 1890 802 1919 mortuum
816 1910 825 1927 ,
844 1885 916 1928 quia
937 1895 1063 1927 semper
1089 1884 1135 1916 ibi
1154 1884 1283 1916 vivitur.
1304 1885 1373 1915 Non
1400 1883 1578 1915 concordas
1602 1882 1792 1925 litigiosum,
1812 1883 1882 1926 quia

491 1949 612 1977 aeterna
628 1944 673 1977 ibi
690 1954 764 1986 pax.
787 1943 895 1975 Omnis
907 1941 952 1975 ihi
970 1942 1125 1975 securitas
1137 1965 1148 1983 ,
1168 1940 1270 1973 omnis
1291 1940 1378 1983 quies
1392 1966 1401 1983 ,
1422 1944 1487 1972 etc.
1510 1951 1526 1967 »

1882 2957 1893 3309 ἰ

1907 1917 1914 1999 ι’

1907 2001 1911 2021 ι

1902 2023 1911 2261 l

1899 2265 1907 2496 ἱ

1899 2535 1902 2566 ε

1895 2598 1900 2749 ε’

1893 2755 1897 2844 ἒ

1890 2852 1896 2901 ι’

1894 3239 1924 3309 1
