1867 3320
306 246 445 277 sunno
475 249 650 289 xxxva,
688 253 733 281 ΙΝ
765 254 1010 286 Pnovmnsiis
1042 260 1291 292 SALoqus.
1401 256 1486 298 479

106 312 289 358 Ancillae
311 314 402 359 istae
421 315 554 373 ipsius
573 326 700 372 sunt,
727 334 783 363 an
798 320 879 365 viri
903 322 1026 381 ejus?
1049 327 1118 368 An
1134 327 1236 386 quia
1258 330 1337 373 viri
1353 332 1485 391 ipsius

107 392 224 439 sunt,
245 393 288 428 et
303 384 435 444 ipsius
456 388 587 430 sunt?
602 390 670 431 An
686 388 837 434 multae
859 391 1028 435 ancillae
1041 393 1129 451 ipsa
1146 399 1235 441 est?
1260 401 1354 457 Ipsa
1371 403 1486 446 enim

105 470 355 515 quanquam
380 456 724 513 materfamilias,
756 468 903 505 tamen
935 462 1135 507 ancillam
1159 481 1201 509 se
1223 483 1309 511 non
1332 469 1484 530 dedig-

105 535 250 570 netur.
274 526 486 572 Attendat
510 527 699 586 pretium
720 544 869 586 suum,
915 531 1064 590 diligat
1087 536 1318 581 Dominum
1340 554 1480 585 suum.

105 599 324 656 Agnoscat
339 632 351 653 ‚
376 598 580 657 inquam,
605 614 650 643 se
667 600 867 645 ancillam
879 637 890 657 ‚
910 618 990 647 nec
1008 604 1157 649 timeat
1175 608 1481 656 conditionem.

102 670 190 714 Nec
222 668 338 713 enim
367 667 630 728 dedignatur
651 670 724 714 ille
760 674 988 733 conjugem
1019 673 1183 733 facere,
1207 693 1338 737 quam
1377 682 1485 732 tanti

103 739 223 784 emit.
247 742 302 783 Et
332 755 609 801 unaquaeque
642 743 800 802 conjux
831 744 946 789 bona
968 746 1171 790 maritum
1193 762 1320 792 suum
1344 749 1485 794 domi-

101 823 210 854 num
230 818 371 855 vocat.
399 813 578 855 Prorsus
601 827 689 856 non
711 812 851 858 solum
874 824 1000 859 vocat
1015 850 1026 870 ,
1055 816 1131 860 sed
1148 817 1230 862 hoc
1252 819 1378 878 sapit,
1403 821 1484 865 hoc

99 889 245 936 sonat,
262 881 347 925 hoc
369 890 508 940 gestat
529 882 659 927 corde
676 918 686 938 ,
710 884 792 929 hoc
821 887 1051 944 profitetnr
1072 903 1144 932 ore
1160 923 1170 943 ,
1202 888 1369 934 tabulas
1388 906 1482 935 ma-

96 951 363 997 trimoniales
387 952 675 998 instrumenta
698 956 926 1014 emptionis
949 973 1038 1001 suae
1056 959 1257 1017 deputat.
1284 963 1359 1004 Est
1380 977 1482 1020 ergo

97 1022 275 1079 ancilla,
302 1022 410 1068 dans
439 1039 571 1083 opera
594 1023 775 1069 ancillis.
802 1028 878 1069 Est
909 1026 1063 1070 ancilla
1090 1045 1099 1072 :
1124 1029 1213 1087 ejus
1233 1030 1347 1072 enim
1372 1030 1483 1074 filius

96 1101 160 1137 est
181 1093 258 1153 qui
278 1093 386 1139 dicit
407 1112 416 1139 ε
445 1112 466 1136 «
485 1097 580 1153 Ego
596 1109 743 1139 servus
765 1104 888 1150 tuus,
914 1105 957 1140 et
979 1094 1093 1140 filius
1111 1096 1276 1141 ancillae
1299 1102 1425 1143 tuae¹.
1459 1119 1478 1141 υ

154 1167 278 1218 VIII.
318 1165 585 1220 Quaesiturus
607 1181 699 1210 eras
736 1166 843 1226 quid
881 1175 980 1225 agat
1000 1166 1082 1212 illis
1117 1169 1320 1227 operibus
1350 1170 1479 1214 etiam

94 1236 319 1281 nocturnis
345 1255 354 1281 :
381 1236 483 1281 audi
505 1235 612 1296 quid
628 1245 728 1295 agat
752 1255 761 1282 ι
786 1255 807 1278 «
829 1237 1095 1296 Prospiciens
1113 1253 1263 1296 agrum
1293 1250 1480 1284 mercata

97 1326 118 1349 »
153 1311 259 1352 est2.
293 1326 314 1350 »
340 1308 636 1368 Prospiciens,
669 1323 759 1352 non
787 1309 831 1352 in
864 1309 1090 1367 praesenti,
1124 1309 1200 1354 sed
1228 1310 1272 1354 in
1305 1310 1475 1367 futuro,

94 1388 282 1422 mercata
303 1388 368 1423 est
391 1394 545 1438 agrum
566 1379 697 1422 istum
724 1397 733 1423 z
761 1379 1025 1437 prospiciens
1047 1380 1131 1423 fide
1146 1414 1156 1433 ‚
1182 1395 1272 1438 spe.
1303 1380 1409 1425 Inde
1437 1391 1479 1426 et

93 1447 149 1493 de
171 1449 376 1494 noctibus
400 1449 554 1508 surgit.
585 1467 606 1491 «
635 1449 675 1494 Si
710 1449 826 1492 enim
847 1447 967 1509 quod
990 1464 1079 1494 non
1108 1450 1302 1495 videmus
1332 1467 1477 1511 spera-

97 1538 117 1563 »
153 1537 276 1577 mus,
302 1537 380 1581 per
406 1521 661 1581 patientiam
693 1524 1013 1580 expectamus³.
1043 1540 1061 1562 »
1097 1524 1148 1565 In
1171 1522 1371 1567 omnibus
1403 1524 1476 1567 tri-

92 1590 365 1637 bulationem
388 1592 574 1652 patiens*
596 1610 605 1636 :
631 1591 838 1650 prospicit
861 1592 974 1635 enim
990 1607 1141 1650 agrum
1160 1608 1289 1652 quem
1310 1609 1474 1638 merca-

91 1671 178 1707 tur.
218 1662 328 1708 Inde
354 1663 472 1707 enim
498 1661 655 1707 mulier
691 1660 813 1706 fortis
844 1661 1016 1706 dicitur.
1055 1662 1172 1716 Quid
1200 1673 1300 1708 sunt
1330 1674 1474 1709 noctes

90 1733 176 1778 illae
193 1750 284 1794 prae
304 1749 406 1792 agro
423 1734 525 1779 illo?
547 1753 568 1777 «
592 1733 722 1787 Quod
739 1733 856 1777 enim
875 1732 931 1777 ad
951 1748 1137 1792 praesens
1163 1735 1399 1793 temporale
1413 1746 1476 1779 est

93 1823 115 1848 »
149 1815 192 1850 et
210 1805 305 1851 leve
332 1805 625 1850 tribulationis
656 1814 838 1858 nostrae,
873 1808 999 1862 (cum
1021 1804 1076 1848 de
1105 1805 1306 1849 noctibus
1336 1807 1473 1865 surgi-

92 1894 113 1919 »
146 1878 289 1934 mus‚)
309 1877 354 1920 in
374 1874 675 1920 incredibilem
697 1876 879 1920 modum
897 1884 1110 1918 aeternum
1130 1875 1277 1933 gloriae
1301 1876 1469 1935 pondus

93 1965 115 1989 n
149 1955 355 2007 operatur
376 1946 422 1990 in
443 1946 590 2001 nobis,
615 1947 719 2003 (cor
746 1945 1010 1990 habentibus
1046 1945 1101 1990 ad
1135 1961 1283 2004 agrum
1310 1946 1473 2005 illum‚)

92 2038 112 2062 »
147 2035 237 2064 non
257 2018 587 2079 respicientibus
607 2034 706 2078 quae
725 2017 954 2073 videntur,
979 2018 1054 2062 sed
1078 2034 1175 2077 quae
1206 2034 1292 2062 non
1316 2019 1470 2063 viden-

92 2107 114 2132 »
148 2099 236 2134 tur.
262 2092 372 2143 Quae
389 2090 504 2133 enim
527 2088 749 2143 videntur,
768 2088 1019 2148 temporalia
1039 2098 1138 2132 sunt
1159 2110 1170 2143 3
1204 2104 1300 2148 quac
1326 2100 1468 2133 autem

93 2179 113 2203 »
148 2177 239 2206 non
259 2160 481 2215 videntur,
506 2160 702 2204 aeterna⁵.
732 2177 752 2200 »
776 2159 920 2213 Qualis
944 2169 1118 2217 estagcr
1140 2158 1237 2202 illc?
1256 2159 1470 2218 Quaepul-

89 2230 293 2277 chritudo
311 2232 402 2291 ejus
420 2232 509 2275 est?
527 2229 848 2274 inardescamus
866 2230 1029 2274 adeum
1044 2228 1363 2288 possidendum.
1392 2232 1470 2273 Pu·

91 2313 234 2349 tamus
255 2319 345 2348 non
379 2304 468 2362 ipse
490 2311 575 2358 est,
609 2302 663 2346 de
694 2318 784 2362 quo
811 2302 915 2346 dixit
949 2304 1059 2344 Deus
1082 2319 1090 2345 ι
1125 2303 1178 2344 Et
1199 2299 1357 2359 specics
1379 2301 1468 2359 agri

91 2390 264 2420 mecum
279 2383 343 2419 est
357 2375 372 2400 ⁰
390 2378 408 2416 ’ἐ

153 2437 230 2480 IX.
251 2453 273 2479 «
291 2433 560 2493 Prospiciens
581 2447 734 2491 agrum
756 2440 940 2476 mercata
964 2439 1070 2474 cst.»
1092 2430 1169 2474 Ubi
1187 2439 1368 2474 mercata
1387 2440 1464 2483 cst,

141 2538 149 2554 ¹
171 2532 254 2565 Psat.
269 2542 345 2571 cxv,
366 2530 414 2562 ιῡ.
436 2547 476 2551 -
504 2536 515 2551 ²
536 2532 629 2561 l‘rov.
646 2539 731 2568 xxxi,
752 2528 846 2560 ιϋ.-
870 2525 985 2559 3Ιὶοιιι.
1009 2537 1075 2568 viu,
1096 2526 1224 2559 usn—4
1247 2536 1264 2558 '2
1284 2529 1355 2559 cor.
1378 2527 1465 2565 iv,8.

93 2603 134 2610 —
152 2584 270 2620 ⁵1bid.
301 2586 426 2628 17,18.
447 2602 487 2608 —-
505 2583 619 2617 Gi’sal.
643 2594 799 2626 xmx,11.
