1867 3320
5 0 14 123 l

7 127 13 198 ὲ

8 201 13 243 f

6 245 13 448 l

6 639 13 714 0—-

6 942 13 1041 i

398 256 536 285 sanam
565 257 626 286 1v.
661 256 716 286 nn
747 252 870 286 neon
900 257 953 286 m:
984 256 1103 288 zsAu.
1360 253 1443 293 183

69 337 158 386 quo
173 321 299 368 dolus
318 335 410 367 non
430 323 578 367 esset².
596 320 706 367 Inde
726 329 850 367 erant
867 330 1044 367 centum
1064 323 1236 382 viginti,
1252 327 1328 386 qui
1344 343 1446 375 cum

69 403 210 441 essent
229 394 276 438 in
296 393 428 439 domo
442 428 454 450 ‚
479 392 598 438 venit
622 393 805 453 Spiritus
826 402 1024 448 sanctus,
1047 402 1099 437 ut
1119 408 1191 438 eos
1210 395 1448 453 perfunde-

70 475 138 513 ret
153 501 166 522 ‚
188 479 320 526 quem
342 465 596 525 promiserat
621 462 853 525 Discipulis
869 466 901 508 ².
936 464 1046 509 Inde
1082 473 1208 509 erant
1228 473 1295 510 tot
1314 469 1450 516 millia

69 537 313 593 hominum,
330 552 431 597 quae
446 535 632 596 legimus
649 536 696 581 in
707 536 890 581 Actibus
906 534 1217 596 Apostolorum
1233 536 1452 597 baptizata

69 610 115 654 in
151 608 326 654 nomine
359 608 542 663 Christi,
575 623 626 652 ex
649 608 715 655 his
737 607 815 669 qui
849 607 1152 652 crucifixerant
1174 608 1398 654 Christum
1415 611 1447 654 ³.

71 683 185 738 Ergo
206 679 308 724 inde
329 688 451 724 erant
478 694 600 736 oves,
622 688 666 724 et
685 678 838 724 multae
853 693 954 726 oves
973 700 986 738 3
1004 679 1080 723 sed
1101 693 1191 724 non
1211 677 1314 730 solae
1339 698 1349 724 ε
1371 680 1451 725 ha-

73 749 204 794 bebat
224 748 433 794 Dominus
456 749 560 794 alias
592 750 647 793 de
681 749 910 794 Gentibus.
938 749 1026 808 Ipsi
1052 748 1142 796 duo
1178 748 1333 809 populi
1354 757 1453 794 tan-

70 835 202 881 quam
219 819 274 864 de
295 820 463 865 diverso
483 820 729 874 venientes,
762 812 892 864 etiarn
914 818 1086 863 duobus
1107 819 1344 879 parietibus
1363 820 1453 880 sig-

70 891 317 936 nificantur.
343 892 474 935 Venit
502 891 618 935 enim
641 889 831 935 Ecclesia
853 889 1107 935 Iudaeorum
1141 890 1198 937 de
1225 891 1454 937 circumci-

70 962 218 1018 sione3
252 961 373 1006 venit
405 960 595 1005 Ecclesia
617 960 823 1005 Gentium
844 960 900 1005 de
924 961 1139 1020 praeputio
1163 979 1173 1005 ε
1208 959 1264 1004 de
1282 961 1453 1008 diverso

71 1031 291 1076 venientes
327 1031 372 1074 in
394 1030 525 1075 domo
545 1031 767 1091 conjuncti
795 1039 912 1075 sunt.
941 1029 1047 1075 ldeo
1080 1030 1290 1075 Dominus
1311 1031 1453 1077 dictus

69 1110 132 1146 est
152 1100 259 1160 lapis
281 1100 497 1159 angularis
517 1120 526 1145 z
547 1100 653 1146 dicit
674 1102 788 1145 enim
810 1100 1005 1147 Psalmus
1023 1120 1032 1146 :
1057 1120 1078 1144 «
1096 1100 1306 1160 Lapidem
1320 1117 1452 1163 quem

71 1189 92 1214 n
125 1171 469 1231 reprobaverunt
491 1171 776 1227 aedificantes,
801 1172 873 1216 hic
895 1171 1034 1216 factus
1062 1181 1126 1216 est
1146 1173 1192 1216 in
1220 1181 1353 1232 caput
1374 1188 1452 1218 an-

73 1259 93 1283 »
129 1241 261 1300 guli&
285 1259 306 1282 »
327 1242 440 1285 Dicit
453 1250 496 1285 et
516 1241 750 1301 Apostolus
775 1260 785 1287 ε
814 1260 834 1284 «
859 1244 957 1302 Ipso
982 1257 1154 1286 summo
1172 1241 1368 1299 angulari
1384 1241 1452 1287 la-

70 1329 92 1354 »
125 1311 227 1371 pide
266 1312 473 1356 existente
500 1312 673 1357 Christo
701 1314 847 1356 Jesu⁵.
877 1330 898 1354 »
925 1312 1010 1356 Ubi
1031 1321 1096 1356 est
1127 1311 1337 1370 angulus,
1362 1312 1452 1358 duo

70 1381 252 1442 parietes
284 1381 546 1441 copulantur
566 1401 576 1427 ι
601 1383 647 1426 in
668 1382 830 1441 angulo
848 1381 938 1427 duo
967 1382 1150 1442 parietes
1169 1417 1181 1437 ‚
1201 1382 1282 1426 nisi
1303 1382 1359 1427 de
1379 1382 1449 1428 di-

66 1467 188 1497 verso
205 1487 216 1507 ‚
254 1468 344 1496 non
380 1453 647 1497 conveniunt
674 1470 683 1497 :
708 1467 807 1496 nam
832 1452 866 1496 si
901 1467 952 1496 ex
986 1468 1074 1497 una
1096 1461 1219 1512 parte
1239 1452 1446 1510 veniunt,

65 1523 274 1580 angulum
297 1539 387 1568 non
411 1522 593 1568 faciunt.
626 1526 723 1568 Duo
744 1538 846 1581 ergo
868 1522 1004 1578 haedi,
1033 1524 1114 1583 ipsi
1135 1533 1237 1568 sunt
1258 1523 1349 1569 duo
1370 1540 1450 1584 po-

65 1591 159 1651 puli
178 1626 190 1646 ‚
227 1591 317 1650 ipsa
340 1601 444 1635 sunt
465 1592 554 1637 duo
577 1593 705 1639 ovilia
722 1629 732 1649 ‚
757 1593 838 1653 ipsi
873 1602 976 1638 sunt
996 1592 1086 1638 duo
1119 1594 1329 1653 parietes,
1369 1595 1450 1654 ipsi

64 1670 167 1706 sunt
190 1660 278 1706 duo
299 1662 400 1706 caeci
434 1662 511 1720 qui
532 1663 743 1708 sedebant
763 1665 808 1705 in
830 1665 896 1706 via
912 1666 928 1691 ⁵
948 1684 959 1718 ς
983 1665 1087 1721 ipsse
1115 1674 1218 1707 sunt
1246 1664 1346 1707 duae
1368 1680 1448 1709 na-

63 1747 158 1786 ves,
189 1732 233 1776 in
255 1747 363 1792 quas
393 1732 521 1776 levati
542 1742 644 1776 sunt
673 1733 809 1792 pisces
827 1734 857 1775 ⁷.
884 1732 1033 1778 Multis
1054 1733 1099 1779 in
1121 1731 1226 1776 locis
1250 1734 1447 1793 Scriptu-

64 1817 206 1847 rarum
225 1802 528 1861 intelliguntur
545 1802 636 1851 duo
652 1802 802 1862 populi
820 1820 829 1847 ι
849 1802 925 1846 sed
947 1818 1086 1846 unum
1104 1812 1206 1847 sunt
1226 1804 1272 1847 in
1292 1806 1442 1850 Jacob.

120 1875 241 1916 xlx.
267 1876 410 1926 Quare
427 1872 564 1928 haedi,
589 1873 704 1917 dicet
726 1872 910 1932 aliquis?
929 1873 1054 1917 Haedi
1075 1873 1208 1918 nostis
1230 1875 1333 1934 quia
1351 1891 1445 1935 pec-

61 1954 227 1990 catores
248 1953 350 1990 sunt
372 1963 380 1988 ·.
405 1959 503 1988 nam
522 1943 574 1988 ad
599 1944 813 1988 sinistram
837 1953 966 1986 erunt
990 1943 1131 1998 haedi,
1156 1954 1201 1988 et
1222 1946 1277 1989 ad
1295 1945 1446 1991 dexte-

62 2029 153 2060 ram
187 2015 330 2073 agniss.
356 2013 439 2059 Sed
461 2014 536 2074 qui
560 2014 928 2073 perseveraverint
959 2014 1096 2068 haedi,
1123 2015 1200 2072 ipsi
1232 2026 1363 2060 erunt
1390 2017 1445 2062 ad

60 2086 290 2131 sinistram.
316 2087 423 2129 Nam
452 2085 531 2129 nisi
555 2086 672 2144 prius
692 2084 803 2129 haedi
825 2094 982 2139 essent,
1000 2100 1086 2129 non
1108 2084 1272 2129 diceret
1294 2088 1444 2131 Domi-

61 2171 142 2201 nus
162 2174 171 2200 :
197 2157 323 2200 «Non
348 2156 444 2199 veni
466 2170 620 2200 vocare
636 2155 791 2215 justos,
815 2154 890 2199 sed
912 2157 1202 2215 peccatores⁹.
1219 2173 1239 2196 u
1257 2158 1444 2209 Quando

61 2226 174 2272 enim
200 2226 407 2270 Dominus
428 2227 766 2270 conversabatur
787 2241 885 2270 cum
910 2227 1232 2285 peccatoribus,
1257 2236 1300 2271 et
1325 2242 1446 2272 man-

60 2296 250 2341 ducabat
272 2311 369 2340 curn
396 2296 636 2355 publicanis
651 2332 662 2350 ‚
684 2296 824 2341 Judaei
844 2297 967 2356 quasi
989 2297 1117 2355 agni,
1142 2297 1186 2340 id
1209 2306 1271 2342 est
1289 2333 1300 2352 ,
1320 2300 1441 2358 quasi

56 2368 188 2427 justi,
214 2377 257 2412 et
276 2383 352 2426 per
373 2369 618 2426 superbiam
654 2369 786 2427 magis
810 2369 937 2422 hirci,
970 2368 1226 2428 objecerunt
1257 2371 1441 2415 Domino

108 2483 222 2512 ¹J01'1n.
240 2494 261 2523 i,
281 2480 333 2523 47.
357 2499 395 2505 —
417 2488 428 2503 ²
446 2482 714 2523 Act.1,15,ctc.
738 2500 776 2506 -—
799 2480 811 2504 ³
832 2484 877 2515 ld.
896 2494 928 2521 u,
953 2482 1004 2514 38.
1029 2499 1068 2506 -
1087 2481 1102 2512 4
1121 2483 1199 2515 Psal.
1220 2495 1316 2527 cun,
1337 2494 1436 2518 22.—

61 2533 77 2559 3
94 2536 207 2578 Epiros.
230 2548 272 2575 ιι,
292 2546 343 2568 90,
367 2554 406 2559 -
425 2536 440 2557 ‘³
460 2537 563 2569 ΜειΗΊι
605 2549 658 2577 xx,
681 2540 729 2569 550,
758 2555 798 2561 —
818 2546 830 2570 7
854 2540 928 2570 Luc.
950 2549 982 2578 v,
1006 2550 1038 2580 7.
1060 2556 1094 2562 —
1111 2537 1126 2561 ⁸
1146 2540 1262 2572 Manli.
1285 2551 1360 2578 xxv,
1382 2539 1432 2572 33.

61 2606 101 2614 -
120 2601 135 2620 *t
156 2592 199 2623 ld.
217 2603 260 2631 tx,
287 2593 335 2623 13.
