1867 3320
332 283 470 309 sl-:RMO
503 283 615 310 xxxn
635 302 645 322 ,
681 286 726 312 IN
759 284 958 313 PSALML‘M
990 289 1135 315 cxun.
1335 280 1412 319 441

47 357 109 391 est
128 348 242 391 enim
262 348 421 391 homo?
446 365 465 387 «
492 348 679 392 Vanitati
705 349 959 394 assimilatus
988 361 1072 402 est,
1097 351 1185 396 dies
1207 356 1293 413 ejus
1311 357 1418 415 sicut

48 436 68 459 n
103 418 260 461 umbra
294 425 575 475 praetereunt.
604 436 624 458 »
657 422 744 463 Aut
771 435 859 464 non
894 420 975 463 tibi
1009 421 1206 476 nocebit,
1247 434 1288 467 et
1321 436 1418 470 ante

46 487 246 531 transibit
262 486 335 530 illa
359 486 529 540 umbra,
557 503 687 545 quam
711 490 764 532 ad
788 498 829 532 te
842 489 1016 533 aculeus
1030 491 1119 548 ejus
1140 493 1316 536 transire
1342 510 1419 552 po-

44 557 176 601 tuerit
205 577 215 610 ς
245 565 399 615 potens
421 565 483 599 est
514 556 629 598 enim
659 560 772 601 Deus
803 578 812 602 ι
844 568 918 602 aut
957 559 991 602 si
1028 560 1254 617 permissus
1291 562 1421 607 fuerit

43 643 215 681 nocere,
240 628 295 671 ad
313 637 483 686 tempus
505 623 679 670 nocebit
702 629 867 672 umbrae
890 638 993 683 tuae,
1018 629 1063 672 id
1077 638 1161 683 est,
1186 631 1247 673 rei
1269 634 1420 675 transi-

42 698 164 742 toriae
187 707 289 752 tuae,
317 698 417 741 vitae
442 696 668 755 temporali
706 706 807 752 tuae,
847 699 946 742 vitae
983 699 1107 743 viteri
1140 709 1241 743 tuae.
1284 703 1422 760 Usque

43 768 158 810 enim
175 766 230 810 ad
248 766 451 810 ultimum
464 766 612 810 mortis
629 776 852 825 portamus
870 768 1034 828 aliquid
1046 770 1200 813 veteris
1217 770 1417 814 hominis.

45 836 344 896 Temporalem
368 837 500 880 vitam
524 836 596 879 ille
619 853 775 881 nocere
798 848 959 897 potest,
981 849 1186 883 aeternam
1200 840 1276 883 tibi
1289 841 1421 884 vitam

42 921 171 950 nemo
190 915 332 965 potest
354 905 537 949 auferre.
568 907 708 950 Tollet
731 908 810 951 tibi
832 908 1157 966 impedimenta,
1178 910 1334 969 quibus
1352 911 1420 953 hic

43 976 199 1020 teneris
215 997 225 1033 3
243 985 285 1019 et
302 976 484 1020 haerebis
504 979 592 1020 Deo
605 1011 615 1030 ,
633 978 703 1020 cui
722 987 762 1020 te
771 979 859 1036 jam
879 979 1092 1035 praemissa
1107 994 1197 1037 spe,
1215 980 1422 1022 charitate

42 1045 334 1103 colligaveras.

99 1118 239 1159 XVlI.
269 1120 500 1175 Propterea
535 1117 580 1159 in
619 1117 796 1160 Psalmis
832 1116 1147 1175 elegantissime
1181 1117 1338 1160 dicitur
1371 1117 1425 1162 de

41 1186 218 1229 homine
251 1185 370 1229 malo
396 1204 406 1230 ε
435 1205 454 1227 «
480 1186 600 1230 Sicut
623 1186 834 1230 novacula
858 1195 984 1229 acuta
1018 1185 1154 1229 fecisti
1181 1186 1369 1229 dolum¹.
1401 1205 1420 1228 »

45 1257 113 1301 Sic
135 1256 199 1300 illi
221 1257 401 1301 insultat
427 1257 607 1316 Spiritus
630 1257 723 1300 Dei.
763 1247 879 1309 Quid
903 1256 1086 1300 attendit
1122 1257 1166 1300 in
1188 1257 1424 1302 novacula?

41 1328 138 1370 Non
161 1327 265 1385 quia
300 1326 440 1370 occidi
466 1327 662 1370 homines
691 1325 746 1369 de
777 1325 988 1370 novacula
1021 1336 1199 1384 possunt
1225 1346 1233 1370 z
1259 1327 1333 1370 sed
1371 1328 1424 1371 ad

41 1411 175 1455 quam
198 1411 287 1439 rem
308 1396 421 1439 facta
435 1404 498 1439 est
521 1395 745 1439 novacula.
762 1398 892 1439 Facta
905 1405 967 1439 est
980 1405 1124 1440 autem
1143 1396 1197 1440 ad
1215 1396 1424 1441 radendos

41 1466 232 1525 capillos.
259 1466 375 1519 Quid
396 1476 482 1510 tam
505 1467 776 1525 superfluum
810 1468 854 1510 in
883 1482 1089 1526 corpore,
1115 1483 1244 1527 quam
1258 1467 1425 1527 capilli?

41 1539 213 1589 Quanta
238 1536 456 1590 instantia,
483 1546 648 1596 quanto
670 1536 830 1591 studio,
856 1546 1018 1595 quanta
1041 1536 1224 1591 cautela,
1263 1548 1422 1596 quanta

43 1607 284 1650 intentione
303 1607 491 1660 acuitur,
517 1615 567 1650 ut
590 1605 713 1650 radat
730 1606 962 1665 capillum?
999 1607 1065 1650 Sic
1081 1615 1123 1650 et
1140 1607 1269 1650 homo
1288 1606 1424 1650 malus

43 1675 156 1720 tollit
177 1691 221 1719 se
243 1677 286 1719 in
311 1686 477 1735 partem
496 1711 506 1729 ,
540 1677 723 1734 cogitat,
756 1677 987 1731 recogitat,
1024 1677 1258 1734 excogitat,
1304 1677 1423 1734 ponit

42 1745 239 1790 fraudem
252 1762 381 1806 super
395 1746 613 1801 fraudem,
629 1747 787 1806 quaerit
802 1747 1163 1790 machinationem
1178 1782 1187 1799 ,
1209 1747 1424 1790 ministros

40 1826 184 1875 parat,
207 1815 333 1860 falsos
360 1825 488 1860 testes
515 1826 751 1873 comparat,
774 1817 888 1860 acuit
911 1816 1183 1861 novaculam.
1203 1816 1318 1869 Quid
1342 1816 1426 1860 fac-

42 1887 314 1945 turusjusto,
339 1886 419 1929 nisi
434 1886 653 1945 superflua
677 1888 875 1930 rasurus?

97 1958 264 1999 xvln.
292 1958 462 2014 Itaque,
486 1955 651 2010 fratres,
676 1957 711 2000 si
730 1955 861 2000 vultis
885 1956 1020 2014 parati
1051 1970 1140 1999 esse
1163 1955 1216 1998 ad
1235 1971 1421 2014 sequen-

39 2024 139 2069 dam
161 2025 432 2069 voluntatem
458 2026 556 2079 Dei,
597 2024 714 2084 quod
732 2026 854 2070 vobis
878 2026 1081 2077 dicimus,
1116 2033 1157 2067 et
1190 2026 1312 2067 nohis
1337 2025 1423 2082 pri-

40 2110 160 2139 mum
183 2096 366 2139 dicimus
394 2115 405 2152 3
433 2096 519 2139 imo
554 2097 754 2140 omnibus
772 2096 873 2139 dicit
894 2096 980 2148 ille,
1007 2096 1080 2154 qui
1100 2111 1272 2138 securus
1291 2095 1418 2139 dicit:

41 2166 71 2209 si
88 2165 289 2210 volumus
313 2166 449 2225 parati
462 2182 552 2209 csse
571 2166 623 2210 ad
642 2166 905 2226 sequendam
929 2165 1193 2210 voluntatem
1214 2166 1308 2218 Dei,
1335 2181 1421 2209 non

42 2252 234 2280 amemus
277 2237 355 2280 ista
385 2252 484 2296 quae
509 2247 755 2292 transeunt,
802 2253 888 2281 non
929 2245 1128 2295 putemus
1165 2236 1298 2294 ipsam
1334 2251 1421 2279 esse

42 2305 308 2360 felicitatem,
335 2322 434 2364 qum
457 2307 616 2350 dicitur
635 2308 680 2350 in
702 2308 785 2351 hoc
808 2306 978 2350 saeculo.
1025 2308 1114 2349 Hoc
1147 2306 1260 2348 enim
1291 2314 1417 2364 puta-

45 2374 225 2419 bantini
244 2376 497 2434 alienigcnat
518 2397 528 2432 3
550 2386 683 2420 totam
708 2377 955 2420 felicitatem
979 2376 1022 2418 in
1047 2376 1176 2418 rebus
1205 2385 1419 2433 tempora-

0 2495 1 2502 *
42 2444 171 2500 libus,
206 2454 339 2489 totam
364 2447 615 2490 suavitatem
641 2447 684 2489 in
710 2447 859 2490 umbra
880 2445 1122 2505 ponebant,
1158 2460 1242 2488 non
1269 2446 1308 2487 in
1335 2446 1419 2503 ipsa

41 2513 153 2567 luce,
179 2530 268 2560 non
290 2516 332 2559 in
365 2517 453 2574 ipsa
478 2516 669 2561 veritate.
700 2518 801 2560 ldeo
826 2516 865 2558 in
893 2516 970 2559 isto
995 2516 1178 2567 Psalmo,
1218 2514 1289 2572 qui
1321 2535 1336 2552 ι(
1365 2514 1416 2557 ad

93 2599 307 2641 'Psal.1.1‚4.
