1924 3309
486 218 513 260 4
916 230 950 261 s.
986 230 1215 263 AUGUSTINI
1247 235 1427 265 muscom

543 298 624 339 Ill.
643 295 766 349 Quod
788 305 931 341 autem
951 298 1082 343 dicit.-
1107 319 1126 342 «
1147 300 1381 346 Revelatur
1402 302 1463 346 ira
1485 302 1563 346 Dei
1585 302 1639 346 de
1661 301 1772 348 coelo
1788 318 1861 348 su-

486 383 507 406 »
540 379 618 425 per
644 380 818 410 omnem
848 367 1115 426 impietatem
1131 372 1144 395 ²
1166 404 1177 424 ,
1203 380 1285 416 etc.
1316 390 1336 412 »
1358 372 1417 416 ait
1445 372 1561 416 enim
1590 381 1633 416 et
1657 373 1861 418 Salomon

483 434 537 479 de
558 436 824 495 sapientibus
844 456 853 481 :
874 456 892 479 «
911 438 953 482 Si
975 439 1090 482 enim
1114 448 1282 485 tanturn
1300 451 1539 501 potuerunt
1556 443 1678 498 scire,
1699 453 1749 488 ut
1766 459 1861 503 pos·

485 521 506 544 »
541 513 634 548 sent
654 505 863 549 aestimare
884 506 1092 552 saeculum
1111 544 1122 567 ,
1144 511 1366 569 quomodo
1382 512 1514 571 ipsius
1537 512 1690 557 mundi
1714 513 1860 558 Domi-

485 590 505 613 »
540 588 648 617 num
669 583 712 618 et
733 584 968 620 creatorem
983 592 1071 622 non
1088 576 1255 624 facilius
1268 580 1530 626 invenerunt
1543 583 1559 606 ²
1575 583 1594 625 Ρ
1610 600 1629 623 »
1651 581 1737 627 Sed
1749 598 1860 644 quos

481 643 622 701 arguit
646 643 849 689 Salomon
865 680 876 700 ‚
902 661 990 691 non
1010 659 1308 706 cognoverunt
1332 666 1408 710 per
1430 661 1669 696 creaturam
1692 662 1861 698 creato-

480 726 597 757 rem:
618 728 726 772 quos
749 723 893 758 autem
912 717 1053 774 arguit
1065 719 1315 777 Apostolus,
1340 732 1653 779 cognoverunt,
1674 723 1749 767 sed
1763 738 1860 781 gra-

478 781 556 826 tias
571 797 660 827 non
676 793 883 842 egerunt,
908 795 952 830 et
972 786 1163 833 dicentes
1185 805 1229 834 se
1247 805 1336 835 esse
1360 793 1590 851 sapientes,
1611 793 1733 838 stulti
1754 792 1858 839 facti

477 860 594 906 sunt,
613 861 656 896 et
670 851 725 896 ad
746 853 927 898 colenda
949 855 1174 902 simulacra
1196 858 1493 906 deciderunt³.
1517 865 1626 908 Nam
1643 863 1858 922 sapientes

481 920 686 965 Gentium
698 921 818 982 quod
829 923 1067 970 invenerint
1079 928 1345 985 Creatorem,
1357 931 1582 976 manifeste
1591 931 1707 976 idem
1721 936 1859 992 Apos-

477 989 607 1046 tolus,
623 1007 724 1036 cum
746 992 1083 1040 Atheniensibus
1107 995 1374 1057 loqueretur,
1392 1003 1594 1046 ostendit.
1610 1005 1722 1048 Cum
1739 1003 1857 1047 enim
1917 1025 1920 1039 .

475 1059 672 1106 dixisset:
694 1063 840 1115 «Quia
858 1064 903 1107 in
926 1065 1019 1124 ipso
1036 1067 1220 1112 vivimus
1242 1078 1285 1113 et
1302 1085 1543 1127 movemur,
1559 1081 1602 1116 et
1615 1088 1764 1117 sumus
1779 1074 1794 1099 4
1808 1092 1816 1118 :
1831 1091 1853 1115 »

473 1129 640 1175 addidit
665 1150 675 1177 2
701 1150 718 1172 (ι
748 1133 867 1177 Sicut
883 1144 926 1178 et
945 1135 1122 1195 quidam
1144 1139 1384 1184 secundum
1403 1157 1477 1186 vos
1499 1142 1744 1188 dixerunt.»
1764 1146 1856 1189 Hac

472 1209 618 1243 autem
631 1201 873 1247 intentione
895 1205 1014 1263 prius
1035 1208 1177 1266 arguit
1199 1210 1464 1268 impietatem
1481 1213 1687 1257 Gentium
1703 1249 1714 1268 ,
1739 1223 1787 1258 ut
1805 1229 1855 1258 ex
1918 1216 1921 1259 i

471 1268 552 1312 hac
581 1272 738 1327 probet
767 1274 895 1316 etiam
927 1275 981 1318 ad
1000 1278 1180 1333 gratiam
1203 1295 1326 1338 posse
1344 1282 1589 1340 pertingere
1606 1299 1850 1330 conversos.

471 1338 687 1396 Injustum
709 1349 772 1383 est
793 1343 925 1397 enim,
945 1353 994 1387 ut
1012 1360 1188 1403 poenam
1208 1349 1392 1393 subeant
1413 1350 1662 1410 impietatis,
1683 1363 1727 1399 et
1741 1370 1854 1414 prae-

470 1406 606 1450 mium
624 1408 724 1451 fidei
747 1426 834 1453 non
852 1412 1081 1471 accipiant.

527 1479 603 1521 lv.
629 1478 757 1530 Quod
781 1490 925 1524 autem
946 1481 1079 1528 dicit:
1104 1503 1125 1527 «
1149 1487 1468 1545 Cognoscentes
1497 1493 1663 1548 Deum,
1689 1509 1779 1539 non
1801 1504 1852 1540 ut

471 1563 491 1587 »
527 1548 665 1591 Deum
686 1548 1051 1607 glorificaverunt,
1069 1563 1144 1598 aut
1163 1558 1317 1613 gratias
1335 1570 1518 1618 egerunt
1530 1563 1561 1617 ⁵,
1580 1581 1599 1603 »
1618 1564 1701 1608 hoc
1717 1575 1849 1626 caput

467 1626 529 1662 est
553 1619 717 1677 peccati
732 1654 744 1674 ,
770 1620 824 1664 de
846 1638 935 1681 quo
952 1622 1118 1668 dictum
1136 1635 1215 1682 est,
1236 1628 1408 1673 initium
1427 1633 1566 1676 omnis
1584 1637 1751 1691 peccati
1773 1652 1848 1681 su-

465 1687 629 1745 perbia,
658 1689 739 1740 Qui
756 1690 790 1733 si
822 1692 976 1747 gratias
999 1694 1184 1750 egissent
1206 1699 1314 1750 Deo,
1346 1698 1421 1756 qui
1444 1697 1622 1746 dederat
1644 1703 1756 1749 hanc
1778 1721 1848 1752 sa—

464 1757 690 1816 pientiam,
709 1763 799 1802 non
813 1760 894 1803 sibi
916 1760 1082 1821 aliquid
1097 1764 1347 1810 tribuissent
1362 1769 1696 1826 cogitationibus
1716 1779 1844 1822 suisfi.

464 1828 739 1885 Quapropter
761 1828 806 1871 in
824 1829 1036 1875 desideria
1059 1832 1198 1878 cordis
1220 1836 1285 1880 sui
1305 1837 1451 1883 traditi
1473 1851 1575 1886 sunt
1595 1858 1619 1887 a
1641 1847 1843 1904 Domino,

462 1904 512 1940 ut
532 1894 724 1941 facerent
740 1913 839 1957 quae
862 1914 950 1944 non
971 1904 1266 1949 convenirent.

521 1967 573 2008 V.
600 1967 729 2018 Quod
753 1977 898 2012 autem
920 1970 1024 2015 dicit
1049 1990 1059 2016 ι
1089 1991 1109 2014 «
1144 1975 1338 2020 Tradidit
1355 1979 1369 2003 ⁷
1389 2012 1399 2032 ,
1426 1999 1442 2019 »
1470 1979 1751 2040 intelligitur,
1777 1986 1845 2030 di-

460 2034 575 2079 misit
595 2035 641 2079 in
668 2035 876 2082 desideria
911 2041 1051 2085 cordis
1084 2057 1249 2087 eorum.
1283 2047 1529 2092 Mercedem
1562 2061 1706 2096 autem
1741 2070 1842 2100 mu-

460 2112 580 2149 tuam
603 2104 710 2151 dicit
746 2109 952 2167 recepisse
972 2109 1026 2154 de
1057 2114 1172 2169 Deo,
1196 2122 1246 2158 ut
1268 2114 1543 2163 traderentur
1564 2121 1609 2164 in
1631 2122 1842 2172 desideria

460 2174 602 2220 cordis
623 2176 703 2220 sui.

519 2247 593 2288 VI.
619 2245 748 2299 Quod
765 2256 911 2293 autem
928 2248 1107 2297 demum
1126 2251 1258 2300 dicit:
1289 2275 1308 2299 «
1336 2259 1529 2305 Tradidit
1546 2260 1641 2308 illos
1666 2267 1778 2311 Deus
1795 2268 1840 2313 in

462 2332 482 2355 »
519 2316 747 2374 reprobam
765 2329 970 2376 mentem,
991 2339 1010 2362 »
1026 2332 1128 2379 etc.‚
1159 2343 1178 2366 «
1199 2326 1406 2385 repletos,
1433 2332 1517 2386 ait,
1539 2335 1657 2378 omni
1679 2336 1841 2398 iniqui-

460 2402 481 2425 »
520 2387 654 2440 tate⁸,
681 2405 701 2427 η
728 2388 856 2432 datur
888 2391 1096 2451 intelligi,
1131 2395 1184 2438 ad
1214 2399 1461 2443 nocendum
1485 2403 1700 2460 pertinere
1729 2407 1834 2464 ista,

521 2486 530 2503 ¹
554 2484 642 2514 Ιὶοιιι.
665 2495 689 2524 ι,
714 2485 762 2516 18.
783 2503 821 2508 —
845 2493 856 2508 ²
876 2489 948 2529 Sap.
971 2500 1039 2530 xm,
1055 2501 1086 2532 9.
1108 2507 1148 2514 ·—-
1169 2490 1181 2514 3
1207 2495 1298 2526 Rom.
1320 2508 1343 2536 1,
1363 2505 1417 2528 21.
1439 2514 1479 2520 ——
1498 2498 1693 2545 4Aci.xv11,
1717 2508 1771 2540 28.
1793 2523 1835 2531 -—

457 2535 472 2559 5
488 2539 577 2570 Rom.
594 2550 616 2580 1,
638 2547 690 2572 21.
715 2558 755 2564 —-
772 2540 787 2564 ὅ
808 2543 901 2575 Eceli.
917 2556 948 2585 x,
975 2546 1022 2578 15.
1046 2564 1086 2570 -
1102 2555 1115 2580 7
1134 2551 1224 2582 Rom.
1242 2562 1264 2592 1,
1285 2551 1338 2593 24.
1373 2571 1397 2576 --
1420 2554 1607 2592 S112i21.28.
