1867 3320
337 262 543 290 EptsToLAE
575 258 630 288 An
661 258 847 288 GALATAS
879 260 1115 289 EXPOSITIO.
1367 251 1421 290 95

42 329 177 374 rendo
198 327 261 372 illi
281 328 592 388 possessionem
611 342 733 371 suam
749 361 759 381 ,
783 325 829 370 id
852 335 938 381 est,
965 341 1036 370 eos
1069 327 1115 369 in
1147 326 1306 386 quibus
1324 328 1423 386 jure

43 400 187 459 gratiae
207 399 397 459 fideique
428 398 717 443 inhabitabat.
744 396 873 452 Quod
904 397 950 441 in
980 396 1082 456 ipsis
1111 395 1274 440 Galatis
1313 399 1425 441 acci—

43 470 154 514 disse
174 470 269 514 vult
290 469 427 513 videri
456 468 690 529 Apostolus
713 487 722 513 ε
747 483 849 512 nam
886 466 943 511 ad
968 467 1052 511 hoc
1088 466 1277 526 pertinet
1304 468 1425 525 quod

43 541 102 585 ait
121 559 130 585 t
155 559 175 583 «
194 543 309 585 Ante
328 555 518 601 quorum
539 538 703 584 oculos.
732 557 752 580 »
770 536 887 592 Quid
903 537 1022 582 enim
1048 546 1137 581 tam
1159 546 1259 581 ante
1280 535 1428 581 oculos

42 627 192 657 eorum
229 612 432 671 contigit,
456 627 588 672 quam
617 609 738 672 quod
760 611 804 654 in
825 610 926 670 ipsis
968 608 1184 668 contigit?
1211 611 1324 654 Cum
1357 624 1430 653 au-

42 693 128 728 tem
152 683 327 728 dixisset
357 702 367 728 2
404 702 424 725 «
453 685 577 728 Jesus
606 682 804 728 Christus
836 699 857 723 »
892 681 1158 741 proscriptus
1187 689 1275 735 est,
1312 698 1332 721 »
1358 680 1432 724 ad-

41 751 173 808 didit,
214 771 235 794 «
270 752 502 797 crucifixus
539 772 548 798 z
585 771 606 794 »
638 762 689 797 ut
726 752 830 796 hinc
868 766 940 797 eos
978 751 1162 796 maxime
1196 759 1392 795 moveret
1416 784 1427 805 ,

45 838 144 868 cum
192 824 518 868 considerarent
560 839 650 884 quo
693 823 834 883 pretio
857 823 1034 867 ‘emerit
1083 822 1393 882 possessionem
1417 855 1428 876 ,

39 910 172 955 quam
203 894 248 939 in
271 895 328 939 eis
351 895 578 939 amittebat
605 903 686 939 :ut
702 908 857 954 parum
887 902 997 938 esset
1027 894 1157 953 gratis
1185 908 1285 937 eum
1311 907 1431 937 mor-

39 974 189 1021 tuum,
211 964 332 1026 quod
350 966 546 1026 superius
568 965 749 1010 dixerat.
777 964 895 1009 Illud
916 965 1032 1009 enim
1061 965 1122 1009 ita
1151 973 1276 1009 sonat
1293 999 1304 1019 ,
1338 973 1432 1008 tan-

39 1051 170 1096 quam
214 1052 303 1081 non
345 1037 590 1096 pervenerit
628 1037 684 1080 ad
723 1035 1059 1096 possessionem,
1098 1050 1178 1094 pro
1216 1050 1303 1095 qua
1332 1049 1433 1078 san-

41 1106 216 1165 guinem
257 1105 393 1152 dedit.
433 1107 679 1167 Proscripto
722 1116 868 1151 autem
908 1106 1038 1150 etiam
1076 1121 1176 1165 quae
1225 1105 1403 1149 tenebat
1418 1139 1429 1159 ,

41 1175 300 1221 auferuntur
326 1196 335 1223 ε
361 1176 437 1222 sed
458 1178 552 1222 haec
574 1177 832 1238 proscriptio
855 1192 946 1221 non
969 1177 1092 1221 obest
1126 1175 1300 1221 Christo
1318 1210 1328 1230 ,
1354 1175 1430 1235 qui

39 1247 168 1292 etiam
191 1249 251 1292 sic
270 1264 348 1308 per
370 1248 645 1294 divinitatem
665 1249 876 1294 Dominus
900 1257 964 1292 est
985 1248 1181 1292 omnium
1202 1268 1213 1305 3
1244 1247 1319 1291 sed
1353 1246 1434 1306 ipsi

39 1320 323 1378 possessioni,
350 1336 449 1380 quae
469 1321 598 1380 hujus
622 1321 769 1379 gratiae
792 1320 965 1364 cultura
989 1328 1122 1363 caret.

99 1392 221 1434 XIX.
235 1391 345 1434 Hinc
356 1391 444 1451 jam
459 1391 610 1450 incipit
624 1390 937 1445 demonstrare,
951 1387 1326 1449 quemadmodum
1341 1402 1434 1446 gra-

40 1459 98 1505 tia
119 1459 221 1504 fidei
245 1461 432 1506 sufficiat
454 1462 509 1505 ad
523 1460 853 1521 justificandum
869 1461 959 1504 sine
980 1459 1184 1518 operibus
1205 1458 1351 1516 Legis,
1378 1473 1433 1501 ne

40 1530 135 1590 quis
156 1530 318 1575 diceret
339 1547 427 1576 non
455 1547 499 1576 se
516 1531 694 1592 quidem
714 1530 918 1590 operibus
942 1530 1068 1589 Legis
1094 1539 1267 1573 tantum
1298 1537 1433 1572 totam

39 1600 226 1644 hominis
240 1601 597 1660 justificationem
616 1601 823 1654 tribuere,
840 1601 916 1644 sed
933 1615 1077 1660 neque
1095 1608 1266 1644 tantum
1287 1599 1434 1657 gratiae

40 1670 157 1726 fidei,
169 1686 218 1714 ex
230 1681 420 1732 utroque
435 1681 579 1716 autem
594 1671 743 1731 perfici
757 1671 957 1715 salutem.
979 1670 1064 1715 Sed
1080 1671 1174 1714 haec
1189 1670 1372 1729 quaestio
1385 1678 1436 1714 ut

40 1740 271 1800 diligenter
285 1751 516 1797 tractetur,
537 1757 592 1786 ne
615 1742 711 1802 quis
730 1740 907 1786 fallatur
926 1742 1130 1798 ambiguo
1145 1765 1164 1795 ,·
1180 1741 1286 1784 scire
1315 1741 1434 1800 prius

0 1833 1 1859 z
41 1810 173 1856 debet
193 1827 324 1872 opera
342 1813 466 1872 Legis
483 1813 686 1872 bipartita
709 1827 812 1856 esse.
829 1814 939 1857 Nam
956 1813 1112 1871 partim
1133 1812 1179 1854 in
1196 1826 1435 1855 sacramen-

41 1882 110 1938 tis,
124 1883 281 1942 partim
298 1884 456 1928 veroin
471 1883 665 1928 moribus
679 1881 1045 1942 accipiuntur.Ad
1056 1891 1324 1926 sacramenta
1339 1897 1436 1942 per-

42 1953 198 2008 tinent,
211 1953 479 1998 circumcisio
491 1955 644 2007 carnis,
656 1953 890 1997 sabbatum
906 1962 989 1996 tem
997 1952 1161 2011 pora!e‚
1173 1952 1432 2007 neomeniae,

42 2024 246 2070 sacrificia
262 2060 272 2080 ‚
306 2034 437 2085 atque
467 2040 616 2069 omnes
630 2024 881 2085 hujusmodi
903 2024 1145 2067 innumerae
1166 2023 1436 2068 observatio-

42 2095 195 2140 tiones.
223 2094 291 2140 Ad
314 2110 453 2139 mores
481 2104 627 2139 autem
651 2114 660 2140 :
686 2114 705 2137 «
741 2097 838 2140 Non
873 2094 1068 2149 occides,
1103 2096 1200 2138 Non
1237 2094 1437 2137 niweha-

47 2182 67 2208 »
103 2166 231 2221 beris,
249 2168 345 2212 Non
368 2166 524 2210 falsum
546 2166 842 2210 testimonium
861 2165 993 2220 dices,
1011 2174 1052 2208 ct
1068 2164 1169 2209 talia
1192 2166 1390 2209 eaetcra¹.
1414 2182 1433 2204 »

43 2236 371 2298 Numquidnam
387 2253 488 2296 ergo
503 2236 734 2297 Apostolus
754 2237 810 2281 ita
835 2246 976 2296 potest
994 2252 1082 2280 non
1102 2251 1269 2289 curare,
1286 2244 1435 2279 utrum

44 2309 313 2355 Christianus
338 2310 557 2354 homicida
573 2319 649 2354 aut
671 2310 869 2353 moechus
887 2309 956 2363 sit,
982 2324 1036 2351 au
1056 2316 1198 2351 castus
1214 2315 1344 2367 atquc
1366 2307 1438 2350 in-

45 2394 230 2439 nocens,
255 2379 629 2441 quemadmodum
662 2396 751 2424 non
780 2389 928 2433 curat,
962 2388 1111 2422 utrum
1151 2378 1430 2422 circumcisus

47 2465 198 2506 carne,
235 2467 290 2495 an
324 2452 609 2511 praeputiatus
639 2451 726 2495 sit?
752 2453 877 2495 Nunc
906 2465 1009 2507 crgo
1043 2447 1098 2492 de
1128 2448 1193 2492 his
1231 2448 1434 2508 oporibus

47 2523 230 2566 maxime
252 2530 431 2578 tractat,
473 2538 573 2583 quoe
597 2530 699 2566 sunt
722 2521 766 2565 in
794 2520 1071 2567 sacramentis
1086 2553 1097 2574 ,
1122 2533 1375 2580 quanquam
1396 2526 1439 2562 ct

97 2613 106 2631 ¹
125 2607 224 2642 Exod.
244 2618 298 2650 xx,
318 2608 368 2641 23.
