1924 3309
454 271 542 316 434
892 268 927 299 s.
962 262 1192 296 Aucus-nm
1222 256 1403 287 Emscom

455 345 666 412 quasdam
691 342 800 389 vitas
816 373 828 396 ‚
858 349 991 382 unam
1011 333 1058 376 in
1080 324 1330 383 alienigenis
1351 327 1542 366 veterem

456 415 659 467 Israelitis
679 425 839 458 novam
855 443 866 465 ‚
893 407 1094 451 adversus
1109 397 1297 442 invicem
1318 391 1539 436 dimicare..
1552 388 1605 428 In
1625 381 1700 425 illa
1719 386 1842 439 parte
1894 406 1895 417 i

459 502 617 550 corpus
634 481 797 530 diaboli
811 515 823 536 ‚
849 480 894 522 in
922 478 1002 520 ista
1028 464 1322 531 praefiguratio
1343 457 1517 506 Domini
1537 459 1640 500 Jesu
1661 447 1840 496 Christi.

464 559 584 606 Tulit
604 556 800 618 quinque
812 546 978 608 lapides
995 543 1050 586 de
1068 543 1262 584 torrente
1278 567 1290 588 ‚
1314 531 1368 575 de
1385 528 1521 574 fluvio
1536 561 1547 582 ‚
1573 533 1617 568 et
1636 519 1783 582 posuit
1801 517 1849 561 in

463 646 564 677 vase
591 624 775 689 pastoris
790 657 805 678 ,
830 632 920 679 quo
942 614 1011 658 lac
1038 605 1224 667 mulgeri
1246 601 1380 656 solet,
1405 608 1449 643 et
1469 597 1529 641 ita
1550 591 1757 654 processit
1783 602 1851 632 ar-

463 709 622 747 matus.
652 695 855 751 Quinque
878 682 1066 744 lapides,
1091 682 1180 723 Lex
1201 682 1321 730 erat3
1353 668 1607 715 continetur
1627 661 1745 706 enim
1763 661 1854 702 Lex
1896 649 1897 684 ἶ

464 772 660 832 quinque
681 763 802 808 libris
823 755 980 814 Moysi.
1005 754 1064 796 Et
1084 751 1129 793 in
1173 748 1263 806 ipsa
1294 746 1410 800 Lege
1448 738 1601 782 decem
1637 735 1856 792 praecepta

469 850 571 887 sunt
591 833 816 886 salutaria,
846 827 1007 888 quibus
1034 822 1186 865 decem
1210 805 1440 875 praeceptis
1472 815 1629 852 caetera
1650 800 1853 847 serviant.
1898 802 1899 806 ’

1165 889 1171 895 ”
1261 885 1268 892 “
1387 878 1566 925 denario
1583 885 1783 920 numero.
1804 869 1862 912 Et
1898 870 1899 919 ζ

1337 953 1344 960 ”
1391 947 1570 994 denario
1587 940 1866 988 dicens:«ln
1899 982 1900 985 Ἴ

1554 347 1565 370 ,
1597 311 1774 357 alteram
1794 308 1840 351 in
1891 323 1895 339 ·

489 1337 649 1388 Legem
666 1361 677 1381 ‚
703 1323 750 1367 id
772 1329 860 1373 est,
885 1315 1084 1361 charitas.
1118 1308 1224 1353 Ideo
1261 1301 1423 1348 sublati
1460 1305 1562 1342 sunt
1594 1293 1791 1355 quinque
1814 1287 1878 1331 illi
1900 1314 1902 1318 Α

490 1398 657 1461 lapides
686 1394 740 1439 de
763 1389 915 1435 fluvio.
937 1382 1117 1428 Fluvius
1138 1375 1246 1437 quid
1269 1369 1542 1431 significabat
1562 1364 1638 1408 illo
1654 1357 1880 1419 tempore?
1901 1358 1903 1402 Ῑ

552 1471 629 1514 VI.
648 1468 747 1511 Non
768 1459 885 1505 enim
906 1466 1074 1513 semper
1096 1450 1142 1492 in
1162 1441 1394 1503 Scripturis
1416 1437 1567 1482 eadem
1585 1431 1884 1491 significantur
1902 1467 1903 1478 ζ

495 1541 627 1588 rebus
642 1533 784 1580 certis.
806 1531 864 1574 Et
884 1527 968 1570 hoc
990 1534 1114 1566 nosse
1135 1515 1267 1560 debet
1293 1508 1504 1556 Sanctitas
1523 1507 1692 1555 Vestra,
1707 1505 1903 1559 propter

498 1620 674 1658 caeteras
694 1599 888 1659 regulas,
914 1604 965 1638 ut
991 1592 1120 1636 etiam
1151 1583 1313 1630 dociles
1343 1584 1570 1624 Lectorem
1600 1570 1798 1617 audiatis.
1824 1569 1887 1611 Ea

788 1680 860 1713 tur
888 1661 1115 1721 allegorice
1147 1658 1194 1700 in
1220 1650 1474 1711 Scripturis,
1504 1659 1595 1690 non
1616 1655 1785 1700 semper
1804 1639 1905 1681 hoc

793 1742 892 1783 Non
916 1745 1086 1790 semper
1118 1740 1243 1771 mons
1269 1721 1503 1767 Dominum
1532 1713 1766 1772 significat,
1801 1721 1905 1757 non

507 1830 675 1877 semper
696 1811 804 1870 lapis
824 1804 1060 1851 Dominum
1080 1795 1293 1855 significat
1313 1827 1323 1846 ‚
1349 1805 1440 1834 non
1461 1798 1630 1844 semper
1651 1782 1720 1825 leo
1741 1777 1906 1824 Domi-

509 1903 618 1937 num
639 1880 866 1940 significat,
891 1888 981 1917 non
1004 1882 1171 1925 semper
1198 1865 1382 1914 bonum,
1407 1872 1497 1902 non
1519 1867 1687 1911 semper
1701 1847 1867 1893 malum
1883 1858 1906 1911 3

502 1696 604 1743 quae
633 1688 785 1736 ponun

521 2306 762 2359 multitudo
783 2317 857 2346 ver

850 2387 874 2414 o
897 2368 994 2411 loco
1017 2361 1146 2411 valet,
1167 2372 1253 2400 non
1278 2367 1407 2397 unam
1428 2364 1518 2393 rem
1541 2345 1670 2390 valet.
1694 2345 1803 2395 Quae
1820 2349 1863 2383 ta
1906 2354 1907 2359 ¹

1210 2422 1440 2469 diabolus?
1477 2421 1641 2461 Tamen
1672 2414 1719 2456 in
1739 2409 1880 2469 capite
1906 2433 1908 2438 ·

1210 2499 1320 2539 Deus
1337 2526 1348 2546 ‚
1374 2500 1417 2533 et
1437 2502 1537 2532 cum
1553 2484 1738 2530 dicimus
1757 2479 1888 2524 diabo
1906 2469 1908 2502 ³

524 2383 719 2446 ponitur,
738 2385 780 2418 ct
798 2388 845 2432 pr

531 2456 708 2500 diversae
732 2460 816 2498 res,
850 2451 982 2499 quarn
1005 2437 1117 2477 Deus
1145 2437 1186 2470 et

534 2525 581 2570 J)
598 2522 741 2566 littera
763 2522 852 2565 est,
883 2521 983 2552 eum
1006 2500 1188 2546 dicimus

581 2613 590 2631 ¹
611 2604 693 2639 Psal.
715 2609 824 2638 cnm,
843 2606 875 2637 9.
