1867 3320
359 297 494 322 sumno
530 297 567 321 v.
607 297 658 321 DE
692 293 954 322 LcCTA'uouE
987 295 1122 323 sAcoss.
1349 291 1434 329 209

61 369 123 404 est
142 376 190 404 ex
214 369 332 418 parte
350 360 461 403 bene
485 360 724 404 viventium
743 395 752 415 ,
789 359 1005 404 claudicat
1025 375 1076 404 ex
1093 370 1215 420 parte
1233 364 1344 408 male
1365 366 1434 410 vi-

64 432 267 477 ventium.
295 430 379 475 Sed
401 429 543 474 adhuc
568 431 612 473 in
648 446 736 475 uno
758 431 934 475 homine
965 440 1029 476 est
1060 440 1326 493 utrumque:
1355 436 1437 481 erit

63 512 202 547 autem
222 500 451 560 diremptio
469 510 511 544 et
529 501 729 545 discretio
752 511 897 560 postea
916 523 927 558 3
943 501 1062 561 quod
1075 511 1197 560 optat
1210 504 1254 546 in
1266 504 1436 549 Psalmo

64 569 265 625 Ecclesia,
293 570 440 614 dicens
464 591 471 614 :
503 591 520 611 α
547 573 569 614 J
578 572 698 614 udica
723 586 791 614 me
813 574 922 614 Deus
939 606 949 626 ,
979 580 1022 615 et
1045 570 1239 615 discerne
1263 588 1436 618 causam

0 626 1 651 l
65 660 84 684 η
105 658 242 686 meam
265 642 319 685 de
339 651 466 699 gente
484 657 571 685 non
592 651 738 684 sancta
759 643 817 684 ¹.»
840 644 904 684 Ita
926 656 1042 696 sane,
1059 641 1161 701 quia
1178 641 1283 687 dicit
1299 646 1438 688 Evan-

0 725 3 748 ÷
62 712 219 771 gelium
248 732 255 756 2
285 731 303 753 «
333 712 374 756 Si
392 710 741 756 scandalizaverit
765 721 807 754 te
828 727 901 769 pes
927 720 1048 766 tuus,
1074 711 1280 757 abscinde
1302 729 1403 758 eum
1424 749 1434 769 ,

63 800 81 822 »
116 791 158 825 et
181 782 338 841 projice
369 782 444 824 abs
467 790 521 825 te.
549 781 734 840 Expedit
754 781 874 824 enim
893 781 972 824 tibi
1004 796 1141 825 unum
1168 782 1324 841 pedem
1358 785 1437 829 ha-

2 876 7 912 l
63 871 80 892 »
118 852 291 895 hentem
315 852 470 894 intrare
490 851 534 894 in
568 866 749 909 regnum
768 850 844 894 Dei
865 885 875 905 ,
900 866 1033 910 quam
1049 866 1150 895 cum
1167 852 1341 898 duobus
1359 870 1437 914 pe-

3 918 8 985 ‘'
62 940 80 962 »
117 921 244 966 dibus
262 923 321 965 ire
344 922 387 965 in
407 923 549 980 ignem
570 930 781 965 aeternum
798 925 858 964 ².»
876 922 949 965 Isti
967 937 1069 980 ergo
1087 923 1188 967 mali
1208 925 1439 983 praescindi

5 1003 9 1062 1
57 991 221 1035 habent
252 992 296 1034 in
325 992 424 1035 fine.
460 990 592 1035 Modo
613 990 767 1035 clauda
785 1001 848 1035 est
878 991 1092 1047 Ecclesia,
1120 1009 1259 1037 unum
1281 987 1463 1054 pedem*

6 1074 10 1103 i
57 1062 224 1106 fortiter
247 1062 367 1120 ponit
388 1097 398 1116 ‚
425 1065 606 1106 alterum
627 1062 865 1106 invalidum
897 1063 1043 1106 habet.
1079 1067 1274 1128 Paganos
1296 1075 1440 1111 atten-

57 1131 171 1187 dite,
210 1133 379 1177 fratres.
431 1133 664 1193 Inveniunt
698 1133 934 1193 aliquando
968 1134 1236 1198 Chjistianos
1270 1137 1411 1199 bonos
1426 1173 1437 1193 ,

56 1200 284 1261 servi-{ntes
306 1208 406 1263 Deo,
420 1214 466 1265 et
477 1205 773 1265 admirantur,
794 1215 837 1250 et
860 1204 1158 1261 adducuntur,
1177 1217 1220 1252 et
1236 1208 1439 1267 credunt.

56 1273 301 1333 Aliquando
339 1274 573 1318 attendunt
612 1275 723 1318 male
767 1275 960 1319 viventes
977 1310 987 1328 ,
1023 1285 1066 1319 et
1104 1277 1258 1321 dicunt
1289 1297 1297 1321 :
1330 1281 1441 1322 Ecce

42 1345 299 1401 §Christiani
319 1344 403 1388 Sed
423 1344 490 1387 isti
510 1344 621 1387 male
637 1345 830 1388 viventes
851 1343 905 1388 ad
923 1345 1200 1390 latitudinem
1220 1348 1441 1407 pertinent

13 1421 18 1492 ι
55 1413 393 1468 fem.Ql,S.‚,=l{CO¹)
430 1415 557 1469 tacti,
589 1414 665 1473 qui
699 1415 826 1457 aruit.
869 1417 1025 1460 Tactus
1061 1424 1208 1459 autem
1238 1418 1437 1473 Domini,

15 1498 17 1508 ¹
56 1499 207 1527 manus
229 1493 290 1527 est
325 1483 498 1527 Domini
520 1483 755 1540 corripiens
778 1492 820 1526 et
840 1483 1076 1528 vivificans.
1106 1485 1210 1529 Ideo
1232 1501 1283 1530 ex
1317 1497 1440 1546 parte

59 1553 353 1607 benedicitur,
377 1562 421 1595 et
441 1567 490 1595 ex
513 1561 635 1610 parte
657 1553 824 1596 arescit.
852 1555 908 1595 Et
929 1553 1029 1597 istos
1052 1555 1162 1598 male
1179 1555 1372 1601 viventes
1395 1558 1442 1601 in

58 1623 243 1667 Ecclesia
263 1622 452 1667 ostendit
483 1623 720 1679 Dominus,
752 1623 853 1682 quia
875 1621 976 1666 inde
999 1633 1061 1667 est
1089 1625 1208 1683 quod
1231 1627 1440 1686 scriptum

55 1703 117 1737 est
139 1693 183 1736 in
204 1691 440 1750 Evangelio
460 1726 470 1746 ,
492 1692 593 1751 quia
615 1706 715 1736 cum
739 1691 936 1751 crevisset
955 1692 1113 1749 herba,
1138 1706 1439 1754 apparuerunt

57 1764 214 1824 zizania
230 1765 244 1788 ³
264 1782 272 1806 :
298 1763 399 1821 quia
420 1776 520 1806 cum
539 1762 754 1820 coeperint
771 1761 972 1805 homines
991 1755 1217 1820 proficere,
1240 1775 1345 1810 tunc
1367 1768 1438 1810 in-

21 1825 26 1892 1
57 1834 222 1892 cipiunt
249 1832 380 1876 malos
401 1832 573 1875 sentire.
600 1834 704 1875 Haec
734 1840 836 1875 nota
860 1841 962 1876 sunt
978 1833 1124 1888 vobis,
1149 1850 1199 1877 ex
1227 1834 1344 1880 dono
1363 1838 1440 1881 Dei

57 1903 241 1947 efficitur
259 1911 307 1944 ut
322 1909 654 1958 cognoscantur.
671 1900 753 1944 Sed
774 1901 904 1944 modo
921 1902 1142 1947 toleranda
1155 1914 1257 1948 sunt
1279 1907 1440 1952 zizania

58 1989 192 2033 usque
210 1971 264 2015 ad
288 1972 417 2014 finem
444 1971 609 2023 messis,
637 1985 690 2013 ne
713 1969 824 2013 forte
848 1970 1110 2016 eradicando
1133 1974 1292 2018 zizania
1309 2011 1320 2030 ‚
1341 1991 1438 2021 era·

57 2044 223 2089 dicetur
245 2041 371 2086 simul
399 2049 441 2086 et
463 2041 668 2085 triticum.
699 2041 851 2084 Veniet
874 2050 1019 2084 autem
1040 2051 1210 2101 tempus
1232 2054 1279 2088 ut
1307 2060 1438 2091 exau-

57 2113 197 2158 diatur
222 2111 408 2156 Ecclesia
426 2110 594 2154 dicens:
612 2129 630 2150 «
652 2108 806 2153 ,ludica
824 2125 893 2154 me
916 2114 1044 2166 Deus,
1062 2121 1103 2156 et
1120 2113 1314 2158 discerne
1334 2131 1439 2160 cau-

61 2202 80 2225 »
114 2199 201 2227 sam
229 2197 364 2226 meam
386 2180 440 2224 de
463 2189 589 2239 gente
612 2195 699 2223 non
722 2189 868 2224 sancta
888 2181 901 2204 ⁴
923 2199 931 2224 ;
961 2199 979 2220 »
1006 2196 1106 2225 cum
1131 2184 1339 2228 Dominus
1361 2201 1437 2229 ve-

0 2251 2 2264 ²
61 2253 168 2297 nerit
189 2253 233 2296 in
254 2251 447 2294 claritate
470 2265 545 2293 sua
567 2264 670 2293 cum
691 2249 866 2306 Angelis
901 2251 1058 2294 sanctis
1074 2286 1085 2304 ‚
1114 2261 1156 2296 et
1178 2252 1438 2311 colligentur

0 2319 3 2323 ’
31 2353 35 2388 1
62 2331 157 2367 ante
191 2325 290 2366 v‘um
321 2336 469 2365 omnes
491 2329 659 2377 gentes,
685 2329 727 2363 ct
755 2320 995 2378 segregabit
1017 2336 1088 2364 eos
1109 2357 1119 2374 ,
1155 2323 1265 2367 sicut
1294 2334 1438 2382 pastor

0 2388 3 2393 ’
32 2394 37 2436 Ι
63 2401 250 2451 segregat
282 2406 381 2434 oves
403 2390 459 2433 ab
488 2388 651 2446 haedis,
683 2400 726 2433 et
748 2391 1084 2449 ponenturjusti
1109 2390 1163 2435 ad
1185 2393 1405 2438 dexteram
1423 2430 1434 2448 ‚

3 2521 5 2527 ,
33 2439 39 2539 ἱ
66 2462 173 2507 haedi
197 2472 340 2507 autem
364 2460 418 2505 ad
440 2461 653 2504 sinistram
676 2479 685 2505 :
709 2470 752 2504 ct
775 2461 856 2504 illis
879 2460 1072 2505 dicetur:
1103 2463 1277 2517 Venite,
1300 2465 1436 2508 benc-

0 2541 6 2549 ”
36 2543 39 2568 Ι

17 1629 23 1752 ἱ

20 1753 25 1824 ι

127 2567 134 2581 ’
163 2559 239 2591 mai.
280 2570 350 2597 xm,
388 2570 410 2589 ι,
443 2575 481 2579 --
511 2564 522 2579 ²
550 2557 669 2588 Manli.
702 2567 798 2597 xviii,
830 2559 859 2588 ὃ.
882 2573 922 2579 -
945 2555 957 2579 ³
991 2558 1033 2589 td.
1068 2569 1140 2598 nn,
1167 2560 1219 2592 20.
1250 2577 1288 2582 —-
1318 2559 1329 2589 ’ὅ
1357 2561 1435 2591 ΡΜΙ.

69 2625 136 2656 un,
161 2627 186 2647 ι,

246 2679 399 2708 cxxiv.
1257 2671 1295 2707 tt
