1867 3320
0 0 23 651 ἶ

0 647 21 1099 ‘i

387 280 593 310 EmsToLAE
624 276 679 309 An
711 275 897 309 GALATAs
929 276 1163 309 exposrno.
1390 269 1472 309 139

154 348 266 392 LIV.
291 364 312 389 «
339 347 381 391 Si
410 346 590 406 spiritu,
625 346 795 406 inquit,
827 344 1012 390 vivimus
1033 379 1045 399 ,
1072 345 1226 404 spiritu
1258 354 1301 389 et
1337 354 1474 391 secte-

96 436 116 460 »
151 420 287 462 mur1.
317 435 337 458 »
362 416 641 461 Manifestum
665 425 729 461 est
759 425 875 460 certe
891 415 1133 460 secundum
1165 413 1210 458 id
1232 430 1309 459 nos
1329 416 1473 460 vivere

91 487 211 550 quod
234 488 383 532 sectati
402 486 611 531 fuerimus
626 522 636 541 ,
662 487 926 531 sectabimur
947 495 1092 530 autem
1120 483 1241 545 quod
1271 484 1472 529 dilexeri-

92 574 204 603 mus.
234 562 385 618 Itaque
402 557 436 602 si
455 573 507 601 ex
528 557 707 602 adverso
735 558 918 602 existant
951 556 1040 600 duo
1059 591 1069 610 ,
1094 564 1359 615 praeceptum
1380 556 1474 614 jus-

91 630 220 681 titiae‚
240 638 284 673 et
303 631 575 674 consuetudo
612 629 820 684 carnalis,
858 638 901 672 et
923 637 1159 687 utrumque
1181 624 1375 684 diligitur
1391 660 1402 680 ,
1430 625 1476 670 id

90 701 353 746 sectabimur
392 701 509 761 quod
549 700 733 760 amplius
772 699 1050 744 dilexerimus
1080 717 1089 743 ε
1125 698 1159 742 si
1200 695 1476 741 tantumdem

89 781 327 831 utrumque
348 771 542 829 diligitur
557 806 568 825 ,
594 771 702 816 nihil
726 769 1166 832 horum-sectabimur
1187 788 1198 826 3
1223 766 1297 812 sed
1320 776 1395 811 aut
1418 767 1475 810 ti-

89 858 233 897 more,
259 852 333 886 aut
359 842 482 886 inviti
513 843 737 886 trahemur
757 843 803 886 in
831 842 1083 885 alterutram
1111 848 1279 899 partem
1299 873 1310 892 ‚
1345 846 1421 882 aut
1441 838 1477 882 si

89 923 327 973 utrumque
348 912 574 973 aequaliter
590 913 718 956 etiam
742 913 947 956 timemus
965 947 976 965 ‚
992 912 1037 954 in
1056 908 1250 970 periculo
1285 909 1375 952 sine
1391 909 1474 952 du-

91 983 163 1028 bio
178 985 523 1038 remanebimus,
549 985 688 1028 ssuctu
710 982 953 1027 dilectionis
981 991 1024 1025 et
1046 981 1209 1025 timoris
1233 979 1475 1023 alternante

88 1054 290 1114 quassati.
312 1053 396 1098 Sed
412 1069 492 1112 pax
509 1054 670 1099 Christi
688 1054 832 1098 vincat
853 1053 898 1097 in
915 1052 1121 1097 cordibus
1139 1051 1333 1095 nostris2.
1352 1052 1473 1094 Tunc

89 1125 201 1168 enim
226 1124 440 1168 orationes
462 1133 505 1168 et
527 1125 711 1182 gemitus
728 1160 738 1175 ‚
760 1134 803 1169 et
834 1123 879 1167 in
903 1122 1110 1167 auxilium
1141 1122 1337 1165 invocata
1367 1120 1473 1164 dex-

91 1202 177 1238 tera
199 1194 503 1238 misericordiae
527 1195 628 1249 Dei,
649 1195 904 1239 sacrificium
922 1191 1200 1237 contribulati
1225 1191 1366 1235 cordis
1385 1206 1473 1234 non

88 1262 300 1322 despicit,
333 1265 678 1325 charitatemque
711 1265 777 1309 sui
807 1264 1058 1323 ampliorem
1094 1261 1473 1306 commendatione

87 1334 294 1394 periculi,
328 1335 383 1378 de
417 1351 506 1395 quo
539 1335 763 1390 liberavit,
799 1334 1043 1379 exsuscitat.
1073 1337 1122 1377 ln
1153 1348 1204 1376 eo
1237 1341 1380 1375 autem
1410 1331 1472 1375 illi

88 1404 375 1460 fallebantur,
401 1407 521 1465 quod
555 1421 711 1464 negare
740 1406 918 1467 quidem
941 1420 1029 1449 non
1052 1412 1274 1463 poterant,
1300 1412 1471 1446 sectan-

89 1474 193 1519 dum
217 1476 298 1519 sibi
331 1491 421 1519 esse
454 1477 661 1535 Spiritum
694 1486 915 1529 sanctum,
950 1484 1202 1519 assertorem
1233 1488 1280 1517 ac
1313 1473 1472 1517 ducem

87 1545 298 1589 libertatis
317 1561 406 1589 suae
427 1567 437 1603 3
461 1547 536 1590 sed
569 1548 624 1590 ad
645 1563 775 1606 opera
797 1546 962 1591 servilia
992 1543 1220 1590 carnaliter
1246 1543 1468 1598 conversi,

88 1625 321 1660 retrorsum
345 1631 388 1660 se
409 1617 556 1660 conari
575 1633 662 1661 non
686 1617 1003 1676 intelligebant.
1027 1619 1258 1674 Propterea
1275 1630 1361 1658 non
1381 1613 1438 1658 ait
1458 1633 1466 1658 :

93 1704 112 1727 «
149 1686 190 1730 Si
213 1686 365 1744 spiritu
389 1687 594 1742 vivimus,
624 1706 643 1728 »
669 1688 863 1746 spiritum
881 1696 1120 1742 sectemur3
1140 1685 1213 1728 sed
1229 1720 1243 1739 ,
1267 1704 1286 1725 «
1316 1684 1469 1742 spiritu

91 1773 111 1796 »
146 1765 384 1810 sectemur,
428 1757 630 1816 inquit.»
666 1758 935 1800 Fatebantur
969 1756 1085 1799 enim
1117 1754 1293 1814 Spiritui
1321 1764 1470 1798 sancto

87 1826 244 1870 servire
263 1835 462 1883 oportere
488 1845 496 1870 :
523 1836 565 1870 et
587 1842 687 1870 eum
712 1843 799 1870 non
842 1827 996 1886 spiritu
1017 1842 1094 1870 suo
1109 1861 1119 1878 ‚
1141 1825 1214 1870 sed
1237 1841 1366 1869 caune
1393 1840 1470 1869 vo—

87 1893 425 1953 lebantsectari3
451 1912 538 1940 non
557 1897 805 1955 spiritaliter
822 1898 1067 1940 obtinentes
1085 1896 1264 1954 gratiam
1288 1896 1376 1945 Dei,
1393 1896 1467 1939 sed

87 1965 128 2008 in
153 1966 478 2010 circumcisione
500 1966 662 2010 carnali
683 1976 725 2010 et
751 1966 915 2010 caeteris
935 1966 1182 2025 hujusmodi
1205 1981 1324 2023 spem
1347 1981 1468 2010 cons-

88 2036 291 2080 tituentes
313 2036 475 2080 salutis.

145 2108 234 2150 LV.
265 2125 284 2148 «
316 2109 411 2151 Non
445 2107 707 2160 efficiamur,
744 2107 916 2166 inquit,
942 2107 1078 2149 inanis
1111 2105 1256 2162 gloriae
1288 2105 1463 2164 cupidi,

88 2194 108 2217 »
144 2176 326 2220 invicem
351 2177 607 2230 invidentes,
627 2186 668 2220 et
692 2177 873 2221 invicem
899 2177 1221 2235 provocantcs³.
1251 2195 1268 2216 »
1291 2179 1466 2220 Prorsus

85 2248 314 2305 magnifice
331 2257 373 2291 et
395 2249 572 2292 omnino
593 2248 741 2292 divino
763 2248 937 2300 ordine,
964 2257 1108 2306 posti-a
1131 2263 1261 2307 quam
1286 2263 1356 2291 eos
1379 2248 1468 2291 ins-

87 2318 218 2362 truxit
244 2318 447 2362 adversus
473 2319 566 2362 illos
589 2335 611 2363 a
635 2320 794 2379 quibus
826 2320 867 2362 in
902 2319 1149 2362 servitutem
1177 2318 1298 2374 Legis
1331 2317 1464 2362 sedu-

84 2390 318 2444 cebantur,
346 2391 427 2434 hoc
449 2390 492 2433 in
515 2391 573 2434 eis
596 2400 740 2444 cavet,
767 2406 821 2434 nc
854 2390 1147 2433 instructiores
1171 2388 1270 2433 sacti
1286 2425 1297 2442 ,
1322 2399 1363 2433 et
1388 2404 1465 2434 vo-

82 2459 218 2504 lentes
251 2461 337 2520 jam
362 2459 588 2505 calumniis
620 2461 858 2506 carnalium
895 2460 1176 2519 respondere,
1217 2461 1463 2506 contentio-

131 2561 138 2578 ¹
160 2555 264 2588 Galat.
284 2568 314 2596 v,
335 2556 387 2588 25.
414 2573 450 2579 —-
467 2564 479 2579 ²
498 2557 613 2590 Colossi.
637 2568 685 2597 ιιι,
708 2558 758 2590 15.
788 2574 816 2580 -
845 2556 858 2580 ³
882 2557 984 2588 Galat.
1009 2567 1038 2593 v.
1059 2557 1113 2588 ¹26.
