1924 3309
508 229 588 267 388
945 239 976 266 5.
1014 239 1243 269 Aucusnm
1276 242 1456 270 Episcopi
1917 275 1919 281 s

503 304 669 357 Quaeris
681 305 851 349 veniam
869 323 877 348 :
894 303 1026 348 modo
1043 314 1086 348 te
1098 305 1330 349 inveniam.
1350 305 1631 349 Transierunt
1646 305 1888 363 praeterita:
1916 303 1920 361 1

501 373 633 419 fuerit
653 374 804 434 lingua
826 385 900 419 tua
922 374 1131 433 maligna,
1157 374 1290 419 fueris
1311 391 1501 431 susurro,
1528 373 1659 418 fueris
1683 374 1892 419 crimina-
1916 371 1919 411 ι’

500 453 584 497 tor,
610 444 742 490 fueris
766 446 1069 500 calumniator,
1086 444 1217 488 fueris
1240 445 1476 489 maledicus
1497 446 1600 489 :ista
1622 445 1767 488 omnia
1790 445 1891 489 fne-
1916 445 1918 500 ξ

500 516 572 559 ris.
595 517 832 559 Transeant
853 517 932 560 ista
952 531 1054 559 oum
1076 514 1231 559 diebus
1245 514 1369 559 malis
1391 535 1399 560 :
1418 515 1508 560 noli
1526 525 1583 560 tu*
1593 516 1774 559 transire
1791 530 1892 559 cum
1915 506 1918 562 l

497 586 652 630 diebus
681 585 821 630 malis.
847 589 924 629 Est
945 585 1062 630 enim
1092 601 1181 646 quo
1214 595 1257 630 te
1280 596 1450 641 teneas,
1477 594 1528 629 ut
1556 600 1646 629 non
1682 595 1889 629 transeas.
1916 582 1918 636 j

499 660 584 702 Res
600 657 793 701 humana
805 666 1015 717 tanquam
1030 656 1190 702 fluvius
1208 657 1367 702 currit:
1383 655 1563 715 maligni
1580 655 1670 700 dies
1684 665 1894 716 tanquam
1914 654 1918 728 1

499 728 659 772 fluvius
694 736 893 772 currunt.
917 730 1034 771 Tene
1064 737 1107 772 te
1142 727 1197 772 ad
1232 726 1403 787 lignum
1421 762 1433 782 ‚
1468 742 1524 771 ne
1557 726 1753 771 traharis.
1779 728 1917 770 Ecce<

499 798 659 842 fluvius
691 798 841 842 currit.
868 797 1020 841 Omnis
1037 797 1155 841 enim
1182 813 1282 842 caro
1305 796 1500 853 foenum,
1527 805 1569 840 et
1592 796 1731 842 omnis
1751 796 1917 839 honor<

498 868 659 922 carnis,
685 876 736 911 ut
752 867 832 912 flos
854 866 965 911 foeni
980 869 1010 911 ¹.
1038 867 1358 927 Praecipitatur‚
1378 867 1548 922 transit,
1569 867 1744 911 foenum
1761 865 1890 923 aruit,
1915 905 1917 909 .

497 938 577 982 ssos
607 937 784 983 decidit.
822 940 919 991 Quo
955 953 1024 983 me
1062 940 1222 983 teneo?
1249 938 1445 983 Verbum
1469 937 1645 982 Domini
1674 945 1822 981 manet
1847 936 1917 979 ini

497 1018 727 1053 aeternum.

558 1081 658 1122 VII.
687 1078 878 1123 Prohibe
900 1093 1002 1136 ergo
1034 1077 1230 1138 linguam
1262 1088 1383 1123 tuam
1405 1094 1428 1122 a
1449 1078 1567 1122 malo
1584 1113 1596 1129 ‚
1621 1086 1664 1121 et
1684 1076 1800 1121 labia
1819 1085 1895 1120 tua
1914 1107 1915 1132 3

493 1157 545 1193 ut
566 1164 657 1193 non
676 1148 916 1209 loquantur
946 1148 1116 1193 dolum.
1145 1151 1211 1192 Tu
1233 1150 1309 1208 qui
1332 1148 1507 1193 volebas
1529 1149 1662 1191 vitam
1680 1182 1691 1202 ‚
1731 1157 1806 1191 aut
1830 1146 1894 1190 vis
1913 1133 1916 1196 l

493 1219 630 1264 vitam
652 1230 696 1263 et
717 1219 808 1263 dies
832 1220 970 1264 bonos
986 1254 997 1274 ,
1027 1239 1046 1261 «
1073 1218 1245 1263 declina
1266 1235 1290 1262 a
1308 1218 1446 1274 malo,
1471 1227 1515 1262 et
1535 1216 1605 1262 fac
1627 1217 1837 1262 bonum2.
1869 1235 1888 1257 »
1913 1224 1915 1256 ἐ

495 1291 653 1343 Quaere
666 1306 817 1349 pacem
830 1326 840 1346 ‚
856 1305 988 1350 quam
1003 1299 1210 1349 optamus
1227 1304 1377 1334 omnes
1389 1298 1432 1332 et
1446 1288 1492 1332 in
1514 1288 1595 1332 ista
1613 1288 1754 1332 carnis
1773 1302 1892 1331 mor·
1914 1308 1915 1314 ¹

496 1359 664 1405 talitate
680 1396 691 1416 ‚
717 1371 760 1405 et
787 1362 833 1404 in
854 1361 933 1404 ista
955 1361 1095 1405 carnis
1123 1359 1356 1419 fragilitate
1372 1395 1383 1415 ‚
1409 1368 1452 1403 et
1478 1359 1523 1402 in
1544 1359 1623 1402 ista
1647 1358 1893 1403 mendacis-

497 1431 605 1493 sima
627 1433 831 1477 vanitate.
863 1433 1026 1476 Omnes
1057 1447 1209 1491 pacem
1243 1430 1440 1491 quaerite.
1467 1434 1619 1482 Quaere
1643 1444 1821 1488 pacem,
1852 1437 1896 1473 et

497 1517 679 1562 sequere
720 1518 830 1547 eam.
868 1502 953 1546 Ubi
979 1504 1077 1546 est?
1099 1504 1197 1555 Quo
1226 1503 1414 1561 sequor?
1448 1503 1544 1554 Qua
1579 1499 1787 1544 transiit?
1808 1496 1913 1561 qua}

499 1573 670 1617 'transiit
681 1608 692 1628 ,
717 1581 768 1617 ut
785 1573 971 1631 sequar?
990 1575 1072 1615 Per
1088 1581 1131 1616 te
1145 1571 1329 1626 transiit,
1344 1570 1419 1614 sed
1433 1586 1522 1614 non
1544 1569 1591 1613 in
1608 1578 1651 1613 te
1669 1569 1890 1612 remansit.
1910 1577 1913 1623 1

499 1640 582 1683 Cui
606 1643 729 1682 dico?
751 1639 909 1682 Generi
939 1640 1134 1684 humano
1161 1660 1170 1684 :
1195 1657 1283 1684 non
1307 1640 1546 1698 unicuique
1574 1648 1792 1693 vestrum,
1818 1635 1912 1682 sed³

501 1709 650 1767 generi
666 1709 876 1751 humano.
904 1713 986 1752 Per
1018 1725 1154 1766 genus
1182 1711 1425 1753 humanum
1457 1709 1625 1754 transiit
1656 1709 1746 1768 ipsa
1774 1724 1856 1767 pax
1881 1718 1912 1753 :'

501 1780 593 1839 ipsa
627 1787 878 1822 transeunte
900 1777 1103 1822 clamavit
1139 1794 1280 1823 caecus
1311 1780 1358 1822 in
1390 1780 1590 1822 hesterna
1611 1778 1813 1823 lectione.
1839 1782 1911 1835 Ets

501 1864 592 1909 quo
608 1849 686 1892 iit?
709 1849 855 1893 Primo
878 1847 978 1892 vide
995 1865 1095 1907 quae
1113 1849 1166 1892 sit
1187 1865 1269 1908 pax
1287 1883 1298 1903 ,
1321 1858 1365 1892 et
1386 1848 1487 1892 vide
1510 1864 1600 1907 quo
1621 1849 1739 1903 ierit,
1764 1858 1807 1892 et
1824 1864 1910 1892 se-v

503 1934 638 1979 quere
655 1933 766 1962 eam.
791 1921 899 1971 Quae
921 1928 985 1961 est
1006 1920 1117 1977 pax?
1139 1917 1397 1977 Apostolum
1421 1917 1539 1972 audi,
1561 1917 1615 1961 de
1635 1918 1808 1962 Christo
1825 1915 1911 1978 di-J

505 1990 634 2035 cebat
659 2010 666 2033 2
696 2007 716 2030 «
736 1992 832 2048 Ipse
854 1998 917 2032 est
939 2004 1023 2048 pax
1044 1999 1188 2032 nostra
1204 2024 1215 2043 ‚
1236 1989 1312 2049 qui
1332 1987 1435 2032 fecit
1452 1998 1638 2048 utraque
1659 1990 1845 2032 unum3.
1873 2008 1892 2031 ν)

506 2064 595 2106 Pax
612 2076 714 2120 ergo
736 2070 800 2104 est
814 2060 1025 2105 Christus.
1044 2062 1141 2112 Quo
1162 2059 1243 2103 iit?
1265 2059 1503 2105 Crucifixus
1521 2068 1600 2113 est,
1616 2068 1660 2103 et
1678 2059 1909 2119 sepultus,

507 2131 739 2175 resurrexit
761 2147 785 2175 a
803 2130 1004 2185 mortuis,
1021 2129 1215 2174 ascendit
1232 2130 1277 2174 in
1294 2129 1470 2174 coelum.
1493 2132 1606 2174 Ecce
1623 2145 1712 2189 quo
1728 2129 1777 2174 iit
1792 2145 1888 2189 pax.
1906 2144 1908 2188 j

508 2201 741 2255 Quomodo
779 2216 873 2245 eam
901 2201 1091 2260 sequor?
1110 2202 1289 2244 Sursum
1317 2215 1405 2244 cor.
1439 2198 1554 2244 Audi
1586 2199 1808 2259 quomodo
1825 2194 1908 2265 se-}

507 2273 666 2333 quaris.
694 2271 898 2325 Quotidie
921 2270 1099 2331 quidem
1123 2269 1245 2314 audis
1267 2270 1477 2325 breviter,
1501 2268 1679 2329 quando
1712 2270 1791 2315 tibi
1824 2269 1907 2331 di·-⁴

506 2345 635 2397 citur,
659 2345 836 2387 Sursum
860 2357 956 2397 cor3
977 2340 1101 2384 altius
1124 2340 1225 2383 inde
1248 2341 1387 2398 cogita
1403 2375 1414 2395 ‚
1436 2349 1478 2384 et
1499 2341 1703 2400 sequeris.
1732 2343 1907 2385 Tamens

508 2414 611 2458 audi
632 2422 676 2456 et
688 2413 833 2467 latius,
860 2421 908 2454 ut
930 2411 1120 2470 sequaris
1136 2426 1283 2469 pacem
1302 2426 1462 2466 veram,
1489 2426 1639 2470 pacem
1660 2420 1796 2466 tuam,
1814 2427 1892 2472 pa-

505 2499 599 2527 cem
619 2498 718 2543 quae
736 2497 815 2542 pro
836 2491 880 2526 te
901 2480 1078 2541 pertulit
1095 2480 1288 2540 bellum3
1312 2496 1463 2541 pacem
1476 2517 1488 2538 ‚
1508 2497 1607 2542 quae
1624 2497 1726 2527 cum
1748 2497 1827 2542 pro
1849 2492 1892 2528 te

563 2575 569 2590 ¹
592 2569 664 2601 Isa'i'.
684 2579 737 2609 ιιι,
755 2567 787 2599 6.
818 2583 850 2590 -·
867 2573 879 2589 ²
899 2566 978 2600 Psal.
998 2575 1076 2607 xta,
1096 2565 1145 2599 15.
1163 2582 1203 2589 —¹
1231 2564 1244 2590 3
1269 2566 1387 2609 Ephes.
1401 2578 1434 2608 ιι,
1464 2566 1514 2609 14.
