1924 3309
485 357 568 397 486
918 357 952 384 s.
990 351 1219 381 auons'nm
1253 347 1433 376 EPISCOPI

484 437 583 481 Non
605 431 721 475 enim
744 425 925 472 decebat
940 429 1182 466 matronam
1202 414 1314 459 tanti
1337 413 1418 458 viri
1434 446 1446 467 ,
1469 409 1540 455 vel
1560 407 1723 453 nudam
1744 405 1864 451 ince-

485 505 614 558 dere,
637 499 710 547 vel
739 508 992 559 pannosam.
1024 509 1043 532 «
1077 487 1200 533 Fecit
1220 485 1274 530 de
1293 484 1423 542 bysso
1448 491 1492 525 et
1515 493 1711 541 purpura
1737 476 1867 522 vesti-

487 594 509 619 »
545 580 693 619 menta
720 569 817 614 sibi.
843 569 943 610 »De
974 562 1121 620 bysso,
1150 554 1335 602 candida
1360 551 1652 601 confessione3
1680 547 1735 592 de
1759 562 1868 607 pur·-

484 661 617 708 pura,
653 642 836 702 gloriosa
870 635 1081 695 passione.
1123 629 1264 689 Hujus
1296 626 1502 684 byssum,
1533 636 1635 666 cum
1666 633 1866 672 oramus,

486 715 787 777 agnoscimus,
816 708 946 768 hujus
976 715 1216 764 purpuram
1244 698 1291 742 in
1322 692 1590 750 Martyribus
1617 704 1745 735 mane
1771 687 1871 732 lau-

486 790 655 842 damus.
1237 778 1240 780 ’

542 858 667 903 XIX.
693 873 714 896 «
738 848 1010 909 Conspicuus
1033 852 1178 890 autem
1201 841 1252 885 fit
1271 839 1318 884 in
1342 835 1478 897 portis
1507 833 1573 879 vir
1594 832 1730 893 ejus¹.
1753 847 1774 872 »
1795 828 1875 876 Ille

487 929 564 992 qui
577 924 737 972 alicubi
749 924 1015 973 demoratur,
1029 915 1103 960 ille
1117 912 1195 974 qui
1207 926 1285 972 pro
1301 908 1374 954 tali
1388 907 1574 967 conjuge
1587 902 1642 947 de
1656 902 1788 947 domo
1800 915 1876 950 sua

487 1000 696 1048 sollicitus
710 1010 800 1040 non
812 1001 891 1047 est,
902 989 975 1035 ille
990 1002 1121 1049 quem
1135 985 1434 1029 demorantem
1446 974 1605 1022 alicubi
1617 988 1736 1018 nunc
1748 986 1878 1017 nemo

487 1073 624 1127 videt,
648 1089 669 1112 «
694 1064 966 1124 Conspicuus
988 1061 1037 1104 fit
1058 1059 1102 1102 in
1122 1056 1271 1117 portis.
1301 1071 1321 1094 »
1343 1048 1533 1096 Attende
1555 1043 1732 1107 quando
1755 1042 1881 1088 :vide

490 1143 611 1207 quod
633 1139 828 1200 sequitur
854 1154 864 1181 ι
894 1153 913 1176 «
935 1134 1046 1178 Cum
1074 1127 1234 1174 sederit
1253 1126 1299 1169 in
1316 1121 1501 1168 concilio
1523 1133 1624 1163 cum
1641 1113 1883 1162 senioribus

493 1235 514 1258 »
550 1223 692 1258 terrae.
728 1226 748 1249 ι)
783 1203 902 1252 Nihil
937 1199 1181 1246 evidentius
1218 1214 1228 1241 :
1260 1193 1358 1252 lege
1393 1191 1522 1237 aliam
1557 1185 1833 1247 prophetiam
1868 1201 1883 1239 ξ,

497 1306 520 1330 «
552 1282 712 1330 Veniet
731 1278 786 1324 ad
815 1274 1033 1338 judicium
1064 1284 1167 1315 cum
1195 1264 1436 1312 senioribus
1471 1257 1623 1321 populi
1645 1256 1711 1301 sui
1724 1258 1758 1300 2.
1787 1272 1807 1296 »
1832 1256 1885 1306 In

493 1356 569 1403 illo
591 1350 777 1399 concilio
795 1383 806 1404 ,
829 1348 913 1391 hoc
935 1352 1027 1398 est,
1052 1342 1098 1385 in
1118 1339 1194 1383 illo
1210 1335 1399 1399 judicio,
1419 1328 1718 1393 judicantibus
1737 1338 1887 1379 secum

495 1424 652 1473 sanctis
669 1457 680 1478 ,
708 1419 869 1481 quibus
896 1415 1064 1459 dictum
1085 1419 1149 1454 est
1173 1426 1184 1453 .·
1214 1426 1234 1451 «
1258 1403 1468 1451 Sedebitis
1496 1414 1626 1459 super
1652 1393 1891 1451 duodecim<

500 1516 523 1541 ι)
557 1494 677 1541 sedes
690 1490 935 1553 judicantes
956 1481 1189 1529 duodecim
1214 1477 1352 1523 tribus
1373 1472 1522 1519 Israel³
1549 1506 1560 1528 ,
1583 1488 1603 1511 ι)
1627 1466 1888 1527 conspicuus

498 1569 595 1615 erit.
626 1585 647 1608 «
670 1562 829 1608 Veniet
847 1558 962 1603 enim
986 1555 1123 1600 Filius
1143 1549 1352 1604 hominis,
1377 1546 1487 1590 sicut
1509 1541 1617 1588 dixit
1631 1576 1642 1597 ‚
1672 1541 1719 1584 in
1736 1538 1888 1597 majesj

500 1659 522 1684 ι)
557 1647 647 1684 tate
668 1650 746 1681 sua
763 1668 775 1689 ,
800 1640 843 1676 et
865 1643 1014 1675 omnes
1035 1623 1193 1683 Angeli
1219 1623 1312 1682 ejus
1338 1633 1440 1663 cum
1469 1614 1566 1660 eo⁴.
1594 1631 1617 1654 a)
1641 1611 1710 1656 Ibi
1741 1622 1888 1666 omneq

499 1708 654 1767 Angeli
681 1716 725 1750 et
749 1698 1010 1759 Archangeli
1030 1696 1268 1748 coelorum,
1306 1699 1350 1734 et
1382 1685 1537 1746 Angeli
1566 1680 1887 1736 annuntiatoreq

499 1779 623 1828 verbi
639 1776 733 1822 Dei.
756 1771 932 1818 Etenim
953 1777 997 1813 et
1018 1765 1236 1825 Propheta
1257 1761 1402 1805 dictus
1424 1766 1488 1801 est
1507 1752 1726 1813 Angelus:
1745 1753 1890 1810 Ange-y

501 1853 570 1897 lus
593 1849 710 1894 enim
726 1843 906 1890 nuntius
922 1848 999 1884 est.
1016 1840 1088 1892 Et,
1110 1855 1130 1878 «
1146 1836 1259 1878 Ecce
1277 1845 1356 1888 ego
1369 1829 1497 1875 mitto
1510 1823 1728 1883 Angelum
1746 1832 1889 1882 meum

506 1940 527 1965 »
564 1928 664 1965 ante
686 1915 841 1960 faciem
862 1910 1006 1955 tuam⁵
1024 1941 1035 1962 ,
1062 1924 1083 1947 η
1116 1904 1171 1948 de
1193 1905 1362 1946 Joanne
1385 1897 1550 1942 dictum
1572 1902 1650 1938 est.
1675 1893 1751 1946 Et,
1779 1909 1799 1933 «
1826 1887 1906 1947 5¹35

472 2022 475 2027 -
509 2012 530 2036 n
565 1999 641 2035 cut
663 1984 882 2045 Angelum
897 1979 976 2025 Dei
993 1973 1216 2035 excepistis
1234 1971 1353 2025 meG,
1381 1986 1401 2009 »ι
1426 1962 1660 2026 Apostolus
1682 1947 1887 2022 loquitufi',

510 2062 591 2109 Ille
609 2073 711 2117 ergo
727 2092 738 2113 ‚
762 2055 835 2100 ille
849 2088 860 2109 ,
882 2048 1043 2096 alicubi
1065 2060 1184 2092 nunc
1205 2044 1436 2088 demorans
1454 2073 1464 2094 ‚
1489 2036 1544 2081 de
1566 2049 1655 2096 quo
1681 2030 1809 2087 multi
1829 2026 1890 2090 όῇὶ

510 2141 634 2187 cunt,
652 2124 840 2183 Quando
854 2129 1066 2169 venturus
1080 2125 1160 2171 est,
1181 2122 1255 2162 aut
1272 2111 1369 2173 quis
1386 2108 1596 2155 venturus
1616 2104 1710 2149 est?
1725 2120 1746 2144 «
1765 2103 1890 2162 Cong-

515 2224 536 2248 ι)
570 2203 726 2264 picuus
747 2196 827 2242 erit
849 2195 894 2238 in
915 2190 1072 2253 portis,
1094 2207 1114 2230 ι)
1132 2188 1216 2231 hoc
1234 2192 1322 2240 est,
1339 2182 1383 2226 in
1397 2187 1563 2240 aperto,
1583 2177 1629 2223 in
1650 2170 1885 2231 manifesto

517 2296 538 2320 «
572 2279 627 2320 In
646 2271 783 2334 portis
804 2265 1065 2325 conspicuus
1085 2259 1167 2304 erit
1193 2276 1202 2303 ;
1229 2275 1250 2299 »
1276 2254 1351 2300 sed
1378 2252 1482 2296 alios
1503 2247 1727 2301 admittet,
1750 2249 1888 2303 contra

516 2347 621 2394 alios
642 2342 832 2389 claudet.
863 2335 1002 2380 «Erit
1027 2329 1287 2389 conspicuus
1316 2325 1362 2369 in
1395 2321 1531 2383 portis
1556 2319 1622 2366 vir
1653 2317 1766 2377 ejuS,
1799 2324 1888 2365 cum

516 2438 538 2462 »
573 2414 733 2462 sederit
747 2412 795 2456 in
815 2405 1000 2455 concilio
1017 2417 1118 2448 cum
1140 2397 1381 2444 senioribus
1398 2403 1540 2439 terrae.
1569 2408 1589 2433 ι)
1615 2385 1746 2450 Quod
1760 2384 1888 2447 (10999

514 2491 614 2544 fiat,
628 2488 724 2531 haec
741 2480 914 2526 interim
933 2475 1061 2520 faciat
1076 2470 1195 2532 quod
1214 2467 1401 2513 faciebat
1421 2480 1430 2505 ι
1455 2469 1681 2524 operetur,
1703 2470 1792 2505 non
1806 2465 1888 2513 αφ

518 2569 609 2615 set,
635 2562 831 2615 expectet
863 2549 987 2594 illum
1008 2545 1208 2590 futurum
1230 2536 1515 2597 conspicuum
1543 2532 1589 2576 in
1620 2527 1750 2590 portis
1766 2561 1777 2582 ‚
1809 2535 1889 2578 uon

572 2659 577 2672 ¹
601 2657 692 2686 Prov.
712 2648 868 2688 xxx1,23.
889 2663 930 2668 —
955 2651 966 2666 ²
986 2643 1056 2674 Isa'i'.
1078 2651 1124 2681 ιιι,
1148 2636 1197 2677 14.
1217 2653 1258 2659 -·
1279 2634 1291 2658 ³
1306 2633 1426 2666 Matth.
1443 2642 1512 2672 xix,
1530 2630 1636 2661 28.-
1656 2624 1731 2657 ald,
1751 2630 1824 2662 xxv,
1841 2617 1886 2652 3¹·

525 2729 565 2734 —-
586 2709 598 2732 5
624 2709 741 2740 Maiae.
760 2718 806 2745 ιιι,
831 2716 857 2735 1.
879 2717 920 2723 —-
938 2698 953 2722 ⁶
971 2698 1075 2732 Galat.
1095 2706 1140 2737 lv,
1166 2692 1213 2735 14.
