1924 3309
449 280 535 321 490
872 289 906 319 s.
942 287 1174 320 mausum
1205 291 1387 319 misc-„01³1

447 361 554 404 Deo.
578 375 598 400 «
622 358 681 402 Os
705 371 832 402 suum
853 357 1023 417 aperuit
1045 365 1232 413 attente,
1266 366 1311 402 et
1341 354 1537 402 ordinem
1569 356 1718 416 posuit
1744 356 1835 402 lin-

451 447 472 471 »
508 444 606 487 guae
627 443 733 473 suae.
761 445 783 470 »

506 501 669 543 XXIV.
699 519 719 542 «
749 501 916 544 Severae
942 498 1292 543 conversationes
1321 496 1554 542 domorum
1581 498 1722 558 ejusi.
1757 500 1837 543 Se-

451 588 472 613 »
497 585 662 624 verae‚»
676 569 1043 625 fortes‚districtae
1065 577 1254 613 :nonest
1264 567 1602 630 ubi-diffluatur,
1619 584 1709 613 non
1722 578 1837 614 amat

447 639 793 685 dissolutionem.
823 658 844 681 «
863 639 995 684 Cihos
1017 647 1163 684 autem
1192 629 1448 699 pigros'non
1469 639 1675 684 comedit.
1701 656 1723 682 n
1740 642 1837 685 Me-

449 712 533 756 rito
557 720 729 756 tantum
761 709 1004 770 acquisivit.

506 784 646 826 XXV.
672 781 751 825 Hic
772 794 874 838 ergo
889 780 969 824 ista
990 778 1228 834 laboriosa,
1242 778 1449 839 vigilans,
1474 777 1674 834 sollicita,
1693 793 1839 824 severe

447 853 660 911 castigans
696 850 877 895 domum
913 866 1063 907 suam,
1104 847 1294 910 surgens'
1313 851 1368 894 de
1399 849 1630 903 noctibus,
1665 850 1838 894 intuens

446 923 669 968 lucernam
687 938 742 966 ne
760 922 1040 981 extinguatur
1056 958 1067 978 ‚
1091 923 1136 966 in
1159 921 1442 966 tribulatione
1465 919 1588 965 fortis
1604 955 1615 975 ‚
1636 920 1834 965 nondum

446 994 628 1054 receptis
658 993 876 1053 promissis
908 1009 1091 1053 pavens,
1123 992 1301 1038 brachia
1323 1008 1399 1037 sua
1424 992 1470 1035 in
1503 991 1652 1035 fusum
1679 991 1840 1036 confir-

446 1081 570 1110 mans
587 1101 602 1121 ,
630 1080 721 1110 non
741 1065 915 1124 pigrum
936 1080 1094 1124 panem
1118 1063 1387 1109 manducans
1413 1083 1422 1108 :
1448 1063 1522 1107 sed
1545 1071 1643 1123 post
1671 1061 1840 1107 labores

447 1136 548 1181 istos
566 1136 688 1196 quasi
708 1134 973 1194 paupertatis
995 1144 1040 1179 et
1056 1135 1319 1179 necessitatis
1333 1133 1549 1178 saecularis
1566 1169 1577 1189 ‚
1598 1132 1708 1193 quid
1729 1133 1836 1188 erit,

447 1205 549 1264 quia
581 1205 626 1248 in
653 1203 809 1248 diebus
836 1204 1077 1248 novissimis
1104 1204 1248 1248 laetata
1282 1204 1377 1247 est?
1400 1201 1515 1256 Quid
1551 1203 1632 1247 erit
1650 1237 1662 1257 ‚
1690 1203 1841 1247 audire

446 1275 610 1321 vultis?
627 1274 788 1321 Audite
807 1283 986 1334 propter
1007 1290 1139 1335 quam
1176 1289 1297 1334 spem
1319 1272 1470 1318 ardeat
1490 1272 1668 1318 lucerna
1695 1281 1841 1318 nostra
1908 1272 1910 1322 J

447 1355 538 1391 tota
561 1355 715 1401 noete⁷
741 1361 860 1390 nunc
891 1345 1055 1390 audite.
1085 1363 1105 1387 «
1133 1347 1423 1390 Surrexerunt
1442 1342 1520 1388 filii
1548 1344 1640 1404 ejus
1658 1378 1669 1399 ,
1702 1351 1745 1388 et
1772 1343 1842 1407 di-

450 1435 472 1459 »
510 1417 584 1461 tati
607 1426 709 1460 sunt
727 1418 760 1459 ².
786 1435 805 1457 »
831 1416 965 1460 Modo
996 1416 1042 1459 in
1062 1423 1319 1475 paupertate
1341 1414 1527 1459 vivimus
1543 1448 1554 1469 ‚
1580 1414 1626 1458 in
1648 1429 1838 1473 pauper-

447 1496 537 1532 tate
568 1486 826 1545 vigilamus3
865 1495 1030 1531 etcum
1054 1485 1291 1540 morimur,
1311 1485 1358 1528 in
1388 1493 1644 1544 paupertate
1671 1483 1838 1529 dormi-

448 1573 545 1603 mus
572 1576 581 1602 :
611 1556 687 1602 sed
707 1573 934 1616 surgemus
962 1566 1005 1601 et
1033 1556 1286 1600 ditabimur.
1323 1557 1445 1599 Tunc
1475 1553 1736 1599 ditabuntur
1762 1554 1841 1600 filii

450 1629 555 1689 ejus.
586 1646 606 1669 «
631 1629 920 1672 Surrexerunt
948 1625 1026 1670 filii
1052 1626 1143 1687 ejus
1160 1661 1171 1681 ‚
1207 1635 1251 1670 et
1283 1623 1408 1670 ditati
1430 1633 1547 1669 sunt.
1582 1643 1602 1666 »
1626 1626 1842 1684 Compara

451 1714 570 1743 nunc
587 1698 803 1759 quaslibet
821 1697 992 1742 divitias
1015 1706 1141 1741 terrae
1175 1696 1306 1756 hujus
1323 1730 1335 1750 ‚
1358 1694 1564 1740 obnoxias
1597 1693 1770 1739 furibus
1798 1703 1842 1740 et

452 1770 591 1814 tineis.
614 1769 731 1822 Quid
768 1778 811 1813 te
841 1770 1007 1828 jactas?
1039 1767 1150 1820 Quia
1173 1767 1371 1811 infirmus
1406 1782 1472 1822 es,
1498 1765 1598 1810 ideo
1629 1775 1731 1810 sunt
1761 1766 1842 1810 tibi
1897 1762 1903 1768 ”

452 1839 591 1884 multa
613 1838 863 1883 necessaria.
889 1839 1009 1897 Opus
1027 1846 1090 1881 est
1124 1836 1314 1881 multum
1332 1836 1525 1881 vestiaris
1541 1871 1552 1891 ,
1585 1837 1688 1896 quia
1705 1835 1842 1894 frigus

453 1911 543 1971 pati
565 1925 654 1954 non
677 1918 798 1969 potes
825 1928 833 1954 :
855 1908 1062 1968 jumentis
1082 1907 1239 1961 utaris,
1269 1906 1370 1966 quia
1404 1906 1589 1965 pedibus
1618 1905 1842 1951 ambulare

454 1996 543 2025 non
574 1989 712 2039 potes.
752 1982 837 2023 Ista
859 1977 1116 2023 fulcimenta
1138 1985 1240 2021 sunt
1277 1976 1563 2032 infirmitatis,
1586 1991 1676 2021 non
1714 1992 1842 2022 orna-

455 2059 603 2096 menta
619 2049 856 2110 potestatis.
873 2051 982 2102 Quae
997 2047 1084 2092 illae
1097 2047 1260 2092 divitiae
1272 2056 1374 2092 sunt
1391 2046 1685 2107 Angelorum?
1702 2047 1841 2092 Unam

457 2131 620 2168 vestem
643 2120 808 2164 habent
840 2119 948 2164 lucis
971 2138 980 2164 :
1001 2134 1229 2179 nunquam
1250 2118 1679 2179 teritursnunquam
1702 2117 1840 2164 sordi-

458 2191 604 2236 datur.
631 2190 725 2235 Illae
741 2198 843 2235 sunt
859 2204 972 2234 verae
993 2188 1172 2244 divitiae,
1197 2189 1275 2233 ubi
1296 2187 1417 2234 nulla
1438 2188 1520 2234 erit
1540 2189 1702 2248 inopia,
1722 2186 1842 2235 nulla

458 2262 539 2307 erit
572 2260 828 2320 indigentia.
854 2259 972 2314 Quid
994 2251 1131 2304 inodo
1160 2259 1318 2320 quaeris
1350 2260 1455 2315 hoc,
1487 2268 1721 2319 antequam
1751 2273 1841 2304 sur·

457 2334 558 2392 gas?
581 2333 623 2378 Si
638 2331 752 2376 filius
772 2346 816 2376 es
846 2330 1037 2375 mulieris
1067 2331 1198 2391 hujus
1217 2366 1228 2386 ‚
1254 2330 1432 2376 attende
1461 2329 1639 2391 quando
1669 2329 1752 2375 tibi
1773 2327 1839 2376 di-

457 2404 575 2449 vitiae
608 2397 932 2463 promittantur.
972 2420 991 2443 «
1031 2403 1322 2446 Surrexerunt
1361 2400 1439 2444 filii
1470 2402 1589 2461 ejus,
1629 2409 1673 2444 et
1717 2399 1838 2450 ditati

462 2493 482 2516 »
517 2482 634 2519 sunt.
658 2491 678 2515 >›
706 2476 811 2517 Para
829 2481 872 2516 te
889 2471 1213 2516 resurrectionis
1235 2471 1405 2515 divitias
1421 2472 1629 2531 accipere.
1646 2469 1744 2515 Noli
1765 2470 1836 2513 has

508 2577 516 2594 ¹
537 2573 631 2602 Prov,
651 2580 738 2611 xxxi,
753 2578 807 2612 27.
832 2585 870 2592 -
893 2567 1006 2601 ²1bid.
1024 2566 1079 2600 28.
