1867 3320
288 303 609 333 PROPOSITIORES
640 304 697 331 Ex
729 299 928 332 ηις-[οιΑ
960 303 1016 330 AD
1047 303 1261 333 RomAnos.
1410 296 1465 335 39

81 370 151 415 cui
173 369 373 414 subditus
393 368 526 413 fueris
541 370 664 429 jussu
686 368 860 413 Domini
883 369 970 423 tui,
994 370 1071 428 qui
1101 384 1252 413 omnes
1269 371 1365 414 vult
1383 372 1467 415 sal-

82 456 157 486 vos
182 441 274 484 fieri
289 475 299 495 ‚
327 449 371 484 et
390 441 435 484 in
457 440 725 499 agnitionem
746 439 939 483 veritatis
960 439 1108 483 venire
1125 442 1155 482 ¹.
1173 442 1230 483 Et
1247 440 1330 484 hoc
1349 443 1465 486 enim

83 527 182 556 cum
196 511 358 555 diceret
377 510 608 571 Apostolus
621 510 676 554 de
688 510 788 570 ipsis
802 510 1090 570 potestatibus
1107 510 1277 569 agebat.
1298 513 1392 555 Hoc
1406 522 1467 556 est

81 582 201 644 quod
224 583 356 627 servis
368 582 452 627 alio
469 582 567 642 loco
585 580 738 626 suadet
757 601 765 626 :
790 584 914 627 «Non
934 581 989 625 ad
1010 580 1189 626 oculum
1209 582 1442 627 servientes
1455 617 1466 637 ‚

84 672 105 696 ιι
138 653 261 714 quasi
286 653 538 697 hominibus
566 652 786 712 placentes
802 656 820 679 ²
844 672 854 698 ι
886 671 907 694 »
932 662 982 697 ut
1002 651 1193 712 idipsum
1215 651 1337 712 quod
1362 652 1470 697 sub-

83 725 250 769 duntur
268 725 454 770 dominis
480 725 565 769 suis
580 760 592 781 ‚
617 740 708 770 non
727 740 800 770 eos
827 723 1000 770 oderint
1018 760 1029 781 ,
1057 733 1134 769 aut
1160 723 1338 769 fallaciis
1365 740 1469 785 pro-

82 795 236 840 mereri
264 794 525 839 desiderent.
875 847 883 852 ἱ

151 869 325 911 LXXV.
345 866 471 919 Quod
494 875 639 911 autem
660 866 791 911 dicit:
812 884 832 908 «
848 866 935 919 Qui
951 866 1067 910 enim
1087 865 1229 926 diligit
1254 866 1438 912 alterum
1455 902 1467 923 ,

85 956 106 979 »
139 941 297 996 Legem
321 937 540 997 implevit³
557 974 567 993 ‚
595 957 614 979 n
634 936 825 982 ostendit
840 938 1263 982 consummationem
1283 938 1410 996 Legis
1423 938 1471 982 in

82 1008 313 1053 dilectione
338 1009 521 1068 positam
538 1044 548 1064 ,
566 1009 611 1053 id
638 1017 702 1053 est
718 1044 728 1062 ‚
743 1009 790 1052 in
813 1009 1039 1053 charitate.
1057 1009 1182 1054 Unde
1199 1018 1243 1053 et
1261 998 1472 1054 Dominus

82 1079 126 1123 in
155 1078 238 1123 illis
263 1079 437 1124 duobus
462 1081 688 1139 praeceptis
707 1089 843 1124 totam
867 1083 1027 1138 Legem
1053 1079 1245 1139 pendere
1272 1080 1378 1124 dicit
1396 1115 1407 1134 ‚
1428 1090 1472 1125 et

81 1164 230 1194 omnes
261 1151 496 1210 Prophetas
513 1186 523 1205 ‚
546 1149 592 1194 id
613 1158 676 1194 est
690 1185 700 1204 ‚
733 1150 780 1194 in
803 1149 1038 1194 dilectione
1057 1150 1135 1194 Dei
1161 1159 1205 1194 et
1233 1150 1416 1210 proximi
1436 1152 1468 1194 ⁴.

82 1220 206 1264 Unde
221 1230 264 1265 et
288 1221 378 1280 ipse
397 1222 472 1281 qui
488 1224 647 1281 Legem
671 1221 791 1265 venit
808 1221 989 1280 implere
1007 1257 1017 1276 ,
1037 1220 1317 1266 dilectionem
1334 1221 1472 1266 dona-

79 1291 139 1335 vit
166 1306 243 1350 per
271 1293 479 1351 Spiritum
507 1301 730 1346 sanctum,
761 1300 811 1335 ut
840 1291 960 1351 quod
986 1300 1111 1335 antea
1137 1292 1266 1335 timor
1290 1290 1472 1350 implere

79 1376 169 1405 non
199 1371 397 1421 poterat,
426 1362 611 1406 charitas
644 1360 925 1421 postmodum
962 1361 1177 1420 impleret.
1212 1361 1320 1404 Inde
1342 1370 1405 1405 est
1431 1371 1475 1406 et

79 1429 190 1475 illud
214 1433 407 1491 ejusdem
434 1430 657 1491 Apostoli,
694 1450 714 1472 «
741 1429 975 1474 Plenitudo
998 1440 1143 1474 autem
1170 1431 1294 1488 Legis
1327 1432 1473 1475 chari-

82 1520 103 1544 »
137 1506 241 1547 tas⁵.
261 1505 354 1547 »Et
379 1502 489 1547 illud
512 1522 520 1547 :
545 1522 564 1544 «
586 1502 705 1546 Finis
727 1511 871 1546 autem
896 1503 1101 1562 praecepti
1119 1510 1182 1545 est
1208 1502 1394 1547 charitas
1417 1502 1473 1547 de

82 1591 102 1614 r>
136 1573 267 1618 corde
281 1589 391 1633 puro
408 1609 417 1627 ‚
435 1582 478 1617 et
497 1573 762 1618 conscientia
777 1572 893 1617 bona
910 1608 921 1627 ‚
937 1582 980 1616 et
1002 1571 1087 1616 fide
1107 1588 1196 1616 non
1211 1573 1313 1617 ficta
1327 1575 1360 1616 ⁶.
1387 1592 1406 1614 ιι

150 1647 347 1689 LXXVI.
375 1644 501 1698 Quod
524 1654 670 1688 autem
703 1646 760 1688 ait
791 1664 800 1688 :
831 1663 852 1686 «
870 1647 927 1689 Et
949 1644 1034 1688 hoc
1058 1644 1241 1688 scientes
1266 1653 1466 1704 tempus,

79 1734 101 1767 n
134 1717 236 1778 quia
259 1717 364 1761 hora
386 1726 449 1761 est
466 1718 554 1777 jam
580 1731 660 1761 nos
682 1716 737 1760 de
755 1731 908 1760 somno
927 1730 1100 1774 surgere
1116 1717 1130 1740 ⁷
1152 1751 1163 1770 ,
1178 1734 1198 1756 »
1217 1714 1322 1760 illuc
1347 1730 1470 1774 spec-

78 1798 141 1834 tat
169 1788 287 1850 quod
318 1788 484 1833 dictum
510 1797 575 1832 est
601 1808 609 1832 :
638 1808 654 1829 α
690 1790 806 1832 Ecce
829 1803 948 1831 nunc
974 1797 1145 1846 tempus
1171 1787 1465 1846 acceptabile,

80 1880 101 1903 ι)
135 1876 234 1905 ecce
262 1876 379 1904 nunc
404 1860 493 1903 dies
521 1859 714 1903 salutis⁸.
740 1861 969 1918 »Tempus
992 1858 1107 1902 enim
1129 1857 1353 1916 Evangelii
1381 1859 1470 1916 sig-

78 1932 304 1990 nificatur,
327 1940 369 1975 et
387 1930 458 1975 illa
478 1930 782 1993 opportunitas
804 1929 942 1974 salvos
968 1927 1153 1973 faciendi
1177 1927 1403 1973 credentes
1423 1929 1467 1972 in

78 2007 230 2050 Deum.

136 2079 356 2122 LXXVII.
383 2076 511 2131 Quod
533 2085 677 2121 autem
696 2075 755 2119 ait
773 2094 782 2119 ι
803 2093 823 2116 «
840 2076 896 2118 Et
913 2072 1053 2117 carnis
1070 2068 1389 2131 providentiam
1412 2084 1468 2113 ne

79 2165 99 2191 »
134 2147 318 2193 feceritis
340 2145 771 2207 inconcupiscentiis
787 2147 802 2170 ⁹
822 2181 832 2199 ‚
870 2163 890 2185 n
916 2141 1106 2188 ostendit
1127 2156 1216 2185 non
1251 2154 1341 2184 esse
1365 2138 1461 2182 cul-

79 2221 265 2281 pandam
284 2220 421 2264 carnis
440 2216 774 2279 providentiam,
792 2214 972 2276 quando
991 2229 1039 2258 ea
1058 2210 1344 2272 providentur
1365 2225 1465 2271 quae

79 2292 132 2336 ad
155 2291 451 2335 necessitatem
476 2289 622 2333 salutis
644 2284 879 2347 corporalis
902 2284 1063 2329 valent.
1089 2284 1131 2328 Si
1153 2290 1297 2326 autem
1314 2280 1367 2325 ad
1390 2296 1467 2325 su-

79 2362 265 2422 perfluas
303 2361 611 2405 delectationes
644 2374 756 2419 aque
795 2357 985 2401 luxurias
1004 2391 1014 2410 ,
1054 2363 1103 2398 ut
1129 2353 1314 2414 quisque
1337 2352 1381 2396 in
1403 2351 1469 2395 his

81 2434 265 2492 gaudeat
287 2448 386 2494 quae
408 2448 536 2476 carne
553 2432 676 2491 cupit
693 2466 703 2484 ‚
726 2438 839 2474 recte
862 2426 1196 2488 reprehenditur
1211 2460 1222 2481 ,
1247 2425 1349 2485 quia
1373 2438 1471 2483 pro-

139 2553 145 2566 “
171 2559 180 2578 ι
200 2549 279 2581 Tim.
302 2562 337 2590 n,
360 2550 392 2583 s..
425 2564 461 2569 —
487 2554 499 2568 ²
531 2545 642 2587 liphes.
679 2555 733 2582 vr,
756 2542 788 2575 6.
812 2560 852 2566 —
875 2541 887 2565 ³
914 2545 1002 2573 nom.
1033 2551 1102 2582 xm,
1124 2540 1156 2572 8.
1179 2556 1219 2562 —
1248 2555 1288 2561 --
1310 2537 1326 2567 4
1348 2536 1469 2569 Manli.

78 2611 150 2642 xxn,
175 2602 227 2643 4⁰-
251 2622 286 2626 --
318 2603 330 2626 '⁶
359 2607 448 2636 Rom.
472 2614 544 2641 uu,
575 2613 622 2632 ιο.
652 2617 691 2622 —-
713 2597 729 2621 ⁶
768 2611 776 2630 ι
807 2599 887 2632 Τίιιι.
914 2609 945 2637 ι,
968 2597 996 2628 5.
1019 2613 1056 2620 -
1085 2604 1098 2628 7
1118 2597 1209 2629 Rom.
1244 2605 1316 2630 uu.
1348 2605 1396 2625 ιι.
1431 2608 1469 2614 -

79 2655 93 2678 Β
112 2663 330 2701 2421..·,v.‚‹2‚
383 2679 400 2682 Α
426 2672 439 2685 ι,
461 2663 550 2690 nanu.
580 2668 646 2692 xiii,
671 2657 705 2695 ι’.
