1867 3320
3 0 12 72 l

5 80 11 164 i

6 168 12 277 l

6 280 11 311 Ι
335 256 473 283 senno
505 255 554 294 X,
589 255 643 283 DE
676 257 842 284 Jummo
874 255 1126 286 sALomoms.
1340 251 1420 288 271

6 315 11 379 l
45 322 128 368 tius
158 320 322 367 ferveat
340 342 351 380 3
379 337 468 367 non
490 322 606 366 enim
623 321 792 368 dictum
814 332 878 368 est
892 358 903 379 ‚
925 325 1098 384 penitus
1119 326 1394 384 extinguetur
1411 362 1422 382 ,

7 387 10 407 ¹
44 401 93 438 ut
114 392 292 437 omnino
313 407 402 437 non
430 393 484 438 sit
508 412 516 437 ε
538 393 598 438 sic
619 394 824 440 dormivit
844 395 938 439 haec
961 404 1115 450 mater,
1132 402 1181 438 ut
1203 411 1291 440 non
1310 398 1425 442 occi-

42 464 162 509 deret
181 464 320 508 filium
337 463 438 522 3sed
454 473 600 509 tamen
621 463 850 510 fraudibus
871 465 1157 510 simulationis
1175 464 1345 511 dederit
1364 467 1427 513 lo-

40 549 155 580 cum.
182 533 268 579 Sed
284 534 605 595 expergefacta,
629 551 729 580 cum
754 536 1048 596 impietatem,
1073 551 1206 596 quam
1227 536 1316 595 ipsa
1335 553 1427 582 non

7 607 13 681 l
41 603 170 661 lecit,
206 605 261 649 ab
296 606 356 650 cis
389 606 467 666 qui
498 606 670 651 faciunt
689 606 772 650 sibi
792 607 922 667 objici
944 606 1130 662 viderit,
1169 615 1212 650 et
1245 606 1427 666 spiritali

40 689 168 735 opere
192 676 340 734 gratiae
355 711 366 732 ,
387 692 521 737 quam
547 676 785 723 custodivit
800 712 811 734 ‚
847 678 985 723 cernit
1006 676 1330 723 simulationem
1350 694 1428 723 au-

40 744 141 790 dere
162 745 365 805 gloriari,
404 763 449 792 se
478 748 718 808 iniquitatis
747 750 1034 808 operatricem
1051 783 1063 804 ‚
1104 747 1427 794 simulationem

7 816 13 893 ,
38 830 140 861 vero
156 826 339 863 matrem
361 817 467 862 boni
484 819 623 878 operis
645 819 877 875 nominari,
898 819 1067 879 pacifici
1090 822 1114 863 J
1119 819 1255 864 udicis
1272 820 1427 879 implo-

37 895 103 931 rat
123 887 345 932 auxilium.
363 891 472 935 Nam
489 888 693 934 Salomon
710 890 916 949 pacificus
932 890 1260 949 interpretatur.
1283 892 1424 943 Quem

35 956 233 1002 videmus
254 958 361 1003 duas
379 959 607 1019 protulisse
635 961 891 1015 sententias,
917 961 1101 1019 primam
1123 970 1337 1020 tanquam
1359 962 1425 1019 ig-

8 1029 255 1097 'norantis3
286 1028 484 1074 ultimam
517 1045 620 1075 vero
650 1045 753 1075 cum
784 1028 1011 1075 manifesta
1034 1031 1283 1090 cognitione
1300 1032 1424 1091 judi-

7 1107 14 1190 i
36 1099 186 1144 cantis.
208 1101 439 1146 Certamen
465 1102 634 1161 pietatis
661 1102 801 1162 prima
829 1103 1038 1162 proponit
1057 1123 1068 1161 3
1089 1102 1166 1148 dat
1194 1103 1424 1162 praemium

8 1191 14 1241 Ι
36 1168 224 1214 secunda
252 1170 431 1217 victori:
456 1172 503 1216 in
523 1173 663 1232 prima
684 1173 896 1232 probatur
916 1182 1056 1218 mater
1072 1208 1084 1228 ‚
1108 1173 1154 1217 in
1175 1172 1328 1218 ultima
1345 1174 1423 1217 lae-

8 1246 14 1322 Ι
37 1248 171 1285 tatur:
187 1241 232 1285 in
252 1242 393 1300 prima
413 1242 522 1286 flens
542 1244 676 1287 mittit
697 1258 847 1288 semen
867 1259 997 1288 suum
1010 1278 1021 1296 ‚
1040 1243 1088 1286 in
1109 1242 1299 1287 secunda
1321 1259 1422 1287 cum

36 1310 300 1356 exultatione
336 1322 529 1372 reportat
550 1313 798 1373 manipulos
821 1316 962 1358 suos1.
1001 1311 1131 1366 Quod
1157 1313 1344 1372 pertinet
1366 1312 1422 1357 ad

36 1379 126 1426 duo
153 1390 351 1442 tempora
372 1383 599 1440 Ecclesiae‚
624 1400 724 1444 quae
754 1386 962 1430 Dominus
984 1383 1181 1430 Christus
1198 1384 1332 1444 judex
1350 1399 1422 1443 pa-

36 1452 181 1497 cificus
202 1454 476 1512 moderatum
502 1470 641 1499 unum
673 1455 794 1515 quod
832 1471 950 1500 nunc
979 1464 1066 1510 cst,
1093 1454 1279 1499 alterum
1301 1455 1421 1516 quod

36 1519 236 1568 futurum
256 1534 321 1569 est
346 1543 355 1570 ε
378 1525 422 1568 in
440 1526 522 1570 isto
543 1526 805 1584 probamur,
830 1527 876 1570 in
897 1526 975 1571 illo
993 1539 1271 1570 coronamur.

86 1595 209 1638 VIII.
240 1593 323 1640 Sed
349 1594 470 1639 nulla
495 1596 632 1655 major
646 1595 769 1640 estin
796 1596 956 1642 Christi
980 1596 1197 1640 Ecclesia2
1221 1595 1421 1654 probatio

37 1663 272 1720 charitatis,
291 1679 423 1725 quam
436 1680 535 1709 cum
548 1666 680 1710 etiam
698 1667 839 1711 honor
854 1667 941 1727 ipsc
953 1670 1029 1722 (4),
1041 1666 1120 1725 qui
1142 1665 1259 1724 apud
1279 1666 1422 1710 homi-

37 1747 112 1778 nes
134 1734 305 1779 videtur
325 1750 415 1780 esse
431 1770 442 1792 ‚
478 1736 801 1792 contemnitur,
833 1752 887 1781 ne
906 1736 1100 1780 membra
1122 1734 1290 1796 parvuli
1309 1736 1422 1781 divi-

37 1802 214 1858 dantur,
229 1814 273 1847 et
292 1807 471 1847 unitatis
488 1806 664 1848 dissidio
680 1808 915 1849 christiana
932 1806 1167 1848 dilanietur
1181 1807 1421 1849 infirmitas.

38 1872 150 1917 Dicit
170 1872 285 1917 enim
307 1872 542 1932 Apostolus
570 1882 780 1933 tanquam
798 1882 979 1918 matrem
997 1888 1041 1917 se
1059 1874 1303 1918 exhibuisse
1322 1890 1421 1934 par-

38 1943 176 1999 vulis,
207 1943 253 1987 in
282 1944 442 2004 quibus
464 1943 631 1988 bonum
655 1959 763 2003 opus
796 1943 1093 2002 cvangelicum
1120 1944 1307 2001 fecerat3
1333 1961 1422 1990 non

40 2013 151 2074 ipse,
174 2015 249 2059 sed
270 2015 407 2074 gratia
430 2015 504 2058 Dei
542 2029 642 2058 cum
671 2013 761 2058 illo.
787 2017 894 2060 Nam
918 2013 990 2058 illa
1014 2014 1213 2058 meretrix
1235 2030 1311 2058 sua
1334 2031 1423 2060 non

43 2094 210 2146 poterat
230 2085 372 2130 dicere
389 2084 468 2129 nisi
486 2095 661 2145 peccata
680 2105 688 2130 :
709 2084 876 2130 donum
895 2095 1039 2130 autem
1059 2086 1354 2130 foecunditatis
1373 2102 1423 2131 ex

44 2157 147 2201 Deo.
189 2158 327 2201 Tanto
364 2165 511 2201 autem
550 2156 736 2216 amplius
781 2156 975 2215 diligitur
1019 2157 1152 2215 gratia
1191 2157 1393 2201 donantis
1408 2191 1419 2212 ‚

43 2237 207 2289 quanto
228 2228 491 2288 supplicium
516 2228 775 2272 debebatur.
804 2231 858 2272 Et
881 2228 992 2272 bene
1015 2229 1069 2272 dc
1087 2229 1310 2272 meretrice
1334 2232 1421 2273 Do·

43 2298 184 2344 minus
207 2300 295 2344 ait:
326 2317 346 2343 «
371 2299 453 2345 Cui
483 2298 721 2358 plurimum
749 2299 1005 2352 dimittitur,
1048 2298 1285 2357 plurimum
1322 2299 1422 2343 dili—

50 2387 70 2414 »
104 2372 209 2429 giss.
241 2390 258 2414 n
287 2372 398 2416 Dicit
416 2387 518 2430 ergo
545 2373 764 2431 apostolus
784 2371 968 2415 Paulus:
995 2390 1014 2411 u
1031 2373 1184 2414 Factus
1206 2386 1299 2414 sum
1326 2387 1424 2430 par-

52 2458 72 2483 »
105 2441 232 2488 vulus
248 2443 294 2487 in
315 2442 459 2487 medio
483 2452 690 2498 vestrum,
710 2453 917 2502 tanquam
935 2442 967 2484 si
985 2442 1128 2486 nutrix
1154 2441 1295 2486 l'oveat
1321 2442 1427 2486 lilios

99 2545 107 2563 ¹
126 2539 205 2573 Paul.
222 2551 314 2583 cxxv,
333 2540 366 2572 6.
388 2556 429 2564 —-
456 2547 467 2563 ²
488 2543 592 2574 Forte
613 2542 800 2574 Ecclesiam.
820 2557 857 2563 —
882 2540 893 2563 ³
911 2543 984 2573 Luc.
1005 2549 1063 2580 vu,
1084 2539 1135 2582 47.
