1924 3309
500 286 581 326 194
938 297 971 326 s.
1009 296 1237 326 Aucus-nm
1271 300 1450 327 EPISCOPI

546 364 759 408 XXXIII.
788 362 998 410 Intendat
1024 364 1236 409 Sanctitas
1257 366 1410 409 Vestra
1438 364 1559 426 quod
1584 364 1786 409 dicimus.
1811 364 1879 408 Illi

489 443 636 480 autem
652 433 768 478 Esaii
789 448 880 481 non
901 442 1003 478 sunt
1024 434 1138 478 datae
1160 443 1337 493 gentes:
1361 435 1464 495 quia
1486 450 1637 480 omnes
1660 434 1852 479 carnales
1867 469 1879 490 ,

488 506 565 567 qui
586 515 687 551 sunt
714 505 761 550 in
782 505 973 566 Ecclesia
991 540 1002 561 ‚
1029 514 1103 550 aut
1125 506 1250 550 divisi
1272 516 1374 551 sunt
1392 542 1403 562 ‚
1436 516 1513 551 aut
1539 506 1687 551 faciles
1704 515 1806 551 sunt
1828 505 1883 550 ad

488 578 759 624 divisionem.
786 580 900 623 Ecce
917 592 1014 637 pars
1037 577 1194 622 Donati
1215 577 1319 622 inde
1342 576 1454 623 facta
1477 587 1568 634 est,
1593 577 1697 622 inde
1719 586 1807 633 est,
1827 577 1881 622 de

485 649 588 708 ipsis
616 647 863 694 carnalibus
895 647 1126 692 carnaliter
1153 648 1456 693 sentientibus.
1488 647 1692 693 Gamales
1720 657 1844 692 erant
1870 667 1879 693 :

489 719 566 765 sed
583 720 685 781 quia
706 719 974 780 quaesierunt
1002 719 1216 764 honorem
1238 735 1366 764 suum
1384 755 1395 774 ‚
1417 718 1485 764 vel
1508 719 1763 779 patientiam
1781 733 1882 779 per-‘-
1922 716 1924 756 ἶ

486 790 716 846 diderunt‚
747 791 1011 834 invenerunt
1034 790 1201 834 aditum
1217 825 1228 845 ,
1254 800 1298 835 et
1320 790 1444 835 divisi
1467 800 1569 835 sunt
1591 810 1599 835 :
1626 798 1883 835 amaverunt

488 862 701 905 honorem
724 875 876 915 suum,
901 859 1093 905 multum
1122 860 1161 905 ei
1184 860 1436 905 tribuerunt
1453 896 1464 915 ‚
1496 862 1635 921 typho
1666 861 1883 920 superbiae

486 940 774 986 tumuerunt,
800 946 891 976 non
908 931 1160 976 habuerunt
1178 930 1457 977 tolerantiam
1475 967 1485 987 ,
1506 931 1552 976 id
1574 941 1638 976 est
1658 967 1668 987 ‚
1695 947 1785 976 non
1803 932 1882 976 ha-¹

487 1002 681 1047 buerunt
698 1001 972 1047 charitatem.
997 1002 1219 1062 Scriptum
1237 1011 1302 1047 est
1318 1003 1434 1047 enim
1452 1021 1461 1047 ε
1488 1003 1716 1048 «Charitas
1738 1002 1883 1053 omnia

492 1094 511 1116 »
546 1074 703 1119 tolerat
722 1109 733 1130 ,
758 1073 903 1119 omnia
931 1074 1115 1118 sustinet
1137 1093 1145 1118 :
1167 1089 1257 1118 non
1283 1073 1539 1130 aemulatur,
1564 1089 1653 1118 non
1676 1073 1880 1129 inflatur,

492 1163 513 1187 »
548 1161 637 1190 non
655 1145 743 1204 agit
761 1159 987 1204 perperam
1002 1147 1033 1189 ¹.
1055 1162 1075 1185 »
1096 1147 1251 1204 Itaque
1271 1144 1492 1205 quidquid
1515 1144 1633 1189 aliud
1650 1145 1880 1198 haberent,
1918 1151 1919 1154 ’

487 1217 591 1277 quia
617 1216 730 1260 illud
758 1232 848 1261 non
879 1216 1106 1260 habebant
1127 1231 1204 1276 per
1225 1215 1347 1276 quod
1364 1215 1543 1276 prodest
1565 1214 1784 1276 quidquid
1804 1216 1885 1260 ha·-
1916 1222 1922 1246 1

486 1288 633 1343 betur,
661 1287 903 1332 diviserunt
923 1302 982 1331 se.
997 1290 1054 1331 Et
1075 1296 1294 1348 quotquot
1316 1288 1502 1332 haereses
1520 1287 1589 1332 vel
1611 1287 1884 1348 praecisiones
1904 1303 1905 1311 ¹

489 1368 532 1404 et
553 1358 783 1403 schismata
814 1356 926 1402 tacta
949 1366 1076 1413 sunt,
1102 1373 1179 1418 per
1200 1359 1280 1402 hos
1300 1357 1496 1403 carnales
1519 1357 1633 1403 facta
1655 1367 1770 1403 sunt.
1795 1360 1885 1402 Aut
1902 1373 1916 1399 2·

489 1430 605 1474 enim
620 1429 853 1474 carnaliter
874 1438 1120 1485 senserunt,
1136 1438 1179 1473 et
1197 1427 1396 1474 fecerunt
1417 1429 1497 1474 sibi
1519 1429 1726 1488 imagines
1744 1429 1886 1489 phan-

491 1510 725 1546 tasmatum
748 1515 944 1556 suorum,
961 1509 1005 1545 et
1026 1509 1297 1556 erraverunt,
1319 1509 1364 1545 et
1384 1500 1664 1560 reprehendit
1685 1515 1757 1545 eos
1779 1499 1885 1544 fides
1919 1525 1924 1539 ›

489 1571 705 1618 catholica
728 1591 737 1617 ε
766 1581 810 1616 et
842 1586 944 1616 cum
967 1580 1255 1630 arguerentur
1271 1605 1282 1626 ‚
1308 1570 1471 1616 exclusi
1496 1579 1599 1614 sunt
1631 1569 1746 1614 foras
1775 1585 1887 1629 pon·
1920 1587 1924 1613 .·

491 1643 594 1687 dere
609 1659 687 1687 suo
705 1664 716 1700 3
732 1642 1089 1686 autinvenientes
1105 1641 1187 1684 sibi
1199 1641 1296 1685 lites
1311 1651 1354 1684 et
1371 1639 1615 1684 simultates
1627 1655 1730 1685 cum
1742 1639 1886 1685 homi-⁶

491 1715 622 1758 nibus
637 1749 648 1768 ,
677 1713 920 1756 diviserunt
940 1727 998 1755 se.
1025 1711 1111 1764 Qui
1126 1726 1169 1754 se
1186 1725 1289 1770 ergo
1303 1709 1545 1756 diviserunt
1559 1747 1570 1767 ‚
1593 1711 1675 1756 nisi
1699 1710 1755 1755 ad
1777 1724 1902 1771 quos.

491 1784 679 1844 pertinet
705 1782 874 1842 gladius
896 1780 969 1824 ille
985 1816 996 1836 ‚
1023 1780 1080 1824 de
1104 1796 1193 1841 quo
1216 1779 1387 1825 dictum
1406 1790 1471 1825 est
1493 1800 1502 1826 z
1522 1799 1542 1823 «
1566 1785 1617 1825 In
1637 1780 1782 1840 gladio
1809 1790 1886 1826 tuo

497 1873 517 1897 »
554 1855 670 1900 vives
685 1856 732 1896 ²?
751 1871 770 1894 »
790 1855 887 1898 Non
903 1851 1005 1912 quia
1036 1850 1206 1911 gladius
1222 1866 1312 1895 non
1332 1851 1544 1911 accipitur
1559 1851 1606 1894 in
1623 1851 1742 1896 bono
1760 1870 1769 1896 ε
1786 1864 1897 1896 narn*v
1918 1902 1924 1919 1

497 1922 872 1986 quemadmodum
894 1923 1008 1966 (licta
1028 1930 1131 1966 sunt
1144 1921 1218 1966 illa
1246 1921 1491 1981 superiora,
1507 1920 1554 1965 id
1576 1931 1640 1967 est
1665 1921 1924 1982 quomodo-‘l

499 1998 709 2057 accipitur
736 1995 844 2054 lapis
864 1993 937 2037 ille
962 2003 1006 2037 et
1028 1993 1084 2037 ad
1110 1993 1361 2037 firmitatem
1383 2001 1560 2053 propter
1571 1993 1796 2038 Christum
1812 2028 1823 2050 ,
1846 2001 1888 2038 et
1915 1990 1924 2031 l

499 2068 555 2114 ad
580 2065 960 2127 reprehensionem
979 2072 1157 2123 propter
1176 2062 1360 2107 stultum
1377 2083 1388 2121 3
1408 2063 1632 2123 quomodo
1652 2063 1721 2108 leo
1746 2063 1887 2109 dictus
1916 2069 1924 2100 ἰ

500 2149 564 2185 est
582 2138 778 2185 Christus
794 2144 971 2215 propter
986 2134 1106 2179 aliud
1121 2169 1132 2187 ,
1147 2143 1191 2178 et
1203 2134 1273 2179 leo
1286 2133 1430 2178 dictus
1451 2143 1513 2178 est
1536 2133 1738 2179 diabolus
1755 2146 1886 2194 prop*

502 2221 568 2256 ter
592 2209 752 2256 aliud
744 2229 753 2255 z
783 2209 851 2253 sic
863 2206 1072 2266 accipitur
1103 2204 1272 2264 gladius
1297 2203 1568 2265 aliquando
1558 2221 1604 2249 1n
1637 2206 1780 2262 bono,
1811 2205 1891 2250 alia·
1921 2248 1924 2249 γ

502 2282 714 2345 quando
705 2297 752 2326 in
778 2279 910 2325 malo.
941 2277 1026 2324 Sed
1053 2277 1125 2322 hic
1145 2292 1235 2322 non
1261 2276 1352 2321 sine
1379 2292 1507 2322 causa
1537 2293 1627 2323 non
1664 2276 1791 2322 datus
1827 2293 1852 2322 e
1918 2300 1924 2323 ι

503 2354 665 2409 Jacob,
695 2353 771 2397 sed
789 2352 917 2397 datus
931 2358 994 2395 est
1014 2348 1156 2394 Esaii:
1175 2348 1256 2392 nisi
1277 2348 1380 2408 quia
1395 2347 1562 2409 aliquid
1581 2349 1774 2407 mysterii
1802 2349 1886 2409 siga
1921 2374 1924 2377 ·

505 2424 731 2470 nificatur
722 2439 768 2468 m
790 2422 948 2482 gladio.
963 2420 1196 2475 Quomodo
1213 2428 1257 2464 et
1270 2419 1360 2479 ipsa
1374 2420 1556 2465 servitus
1575 2427 1740 2465 nonest
1755 2418 1836 2464 alie
1889 2457 1891 2461 .

507 2513 531 2542 a
548 2495 755 2556 mysterio
773 2515 783 2552 3
800 2493 846 2538 id
861 2502 925 2538 est
939 2528 951 2549 ,
968 2491 1089 2554 quod
1103 2490 1270 2535 dictum
1292 2499 1377 2535 est:
1399 2509 1419 2533 «
1440 2491 1606 2537 Servies
1619 2489 1742 2537 fratri
1756 2500 1854 2537 tuo:
1867 2502 1891 2545 >ij

507 2583 609 2612 nam
631 2576 674 2612 et
693 2567 777 2611 hoc
803 2566 849 2609 in
872 2578 1029 2623 magno
1047 2562 1254 2621 mysterio
1275 2561 1442 2607 dictum
1458 2571 1536 2607 est.

559 2661 568 2675 ¹
594 2665 604 2686 1
623 2655 694 2685 Cor.
715 2662 780 2694 xm,
801 2650 834 2693 4,
860 2655 925 2684 etc.
946 2667 985 2675 --
1008 2657 1021 2674 2
1039 2652 1117 2683 Gen.
1137 2659 1238 2690 xxvu,
1254 2647 1308 2690 40.
