1924 3309
461 267 544 308 458
893 277 927 308 8.
963 277 1196 309 Auens'nm
1227 279 1409 308 zmscom

460 344 602 404 diligis
634 346 795 399 Deum,
820 345 911 389 Deo
940 343 1107 405 aliquid
1134 343 1330 387 aceedit?
1350 352 1394 388 et
1414 343 1449 388 si
1472 351 1522 388 tu
1551 357 1641 388 non
1663 342 1840 403 diligam,

459 415 606 460 minus
621 413 825 459 habebit?
839 415 952 460 Cum
969 413 1134 472 diligis,
1158 421 1209 456 tu
1229 412 1402 472 proficis
1421 431 1431 455 ε
1461 420 1512 457 tu
1533 412 1596 456 ibi
1619 413 1700 457 eris
1714 447 1730 468 ,
1766 413 1844 457 ubi

459 501 551 531 non
571 484 700 544 peris,
733 483 817 529 Sed
839 483 1120 544 respondebis
1135 518 1146 538 ‚
1171 491 1215 527 et
1242 482 1360 527 dices
1382 501 1390 527 ς
1415 483 1602 536 Quando
1619 483 1735 527 enim
1755 498 1846 528 non

460 557 591 602 dilexi
603 558 698 600 me?
715 559 893 601 Prorsus
907 571 997 600 non
1015 554 1225 613 diligebas
1240 562 1299 599 te.
1319 554 1498 614 quando
1514 557 1655 599 Deum
1673 570 1764 599 non
1785 555 1846 599 di-

460 627 652 688 ligebas,
684 626 762 688 qui
782 626 886 671 fecit
907 635 964 670 te.
993 624 1077 671 Sed
1102 640 1204 670 cum
1225 624 1385 670 odisses
1406 634 1465 681 te,
1502 625 1689 685 putabas
1725 625 1847 686 quod

461 713 626 744 amares
651 707 709 743 te.
740 716 761 740 «
785 698 868 751 Qui
895 697 1012 741 enim
1041 696 1183 755 diligit
1205 696 1505 758 iniquitatem,
1534 695 1629 743 odit
1658 697 1847 741 animam

463 787 484 812 »
519 771 678 815 suam.¹
701 786 721 809 η
1443 810 1445 812 ,

521 842 600 884 ΙΧ.
629 838 837 884 Conversi
859 837 915 883 ad
946 838 1182 883 Dominum
1207 840 1348 882 Deum
1371 840 1542 881 Patrem
1566 837 1848 897 omnipoten-

461 919 549 954 tem
587 924 699 968 puro
740 908 871 953 corde
911 909 973 965 ei,
1018 917 1233 969 quantum
1274 916 1418 968 potest
1453 906 1641 967 parvitas
1677 915 1844 962 nostra,

460 980 668 1025 maximas
703 989 836 1040 atque
860 979 1018 1024 uberes
1051 981 1208 1039 gratias
1242 995 1421 1039 agamus
1454 999 1463 1024 ε
1499 987 1724 1040 precantes
1757 987 1850 1023 toto

462 1052 611 1097 animo
633 1051 894 1110 singularem
917 1051 1296 1097 mansuetudinem
1315 1053 1422 1112 ejus,
1448 1060 1496 1096 ut
1515 1066 1663 1111 preces
1684 1058 1850 1095 nostras

461 1124 507 1166 in
541 1122 815 1182 beneplacito
836 1138 915 1167 suo
936 1122 1138 1167 exaudire
1160 1121 1366 1181 dignetur
1388 1138 1399 1166 :
1424 1122 1649 1166 inimicum
1671 1135 1850 1181 quoque

462 1194 485 1236 a
514 1193 668 1237 nostris
699 1193 867 1237 actibus
889 1201 933 1236 et
965 1192 1302 1251 cogitationibus
1334 1207 1410 1236 sua
1443 1192 1604 1236 virtute
1636 1190 1846 1251 expellat,

461 1263 589 1307 nobis
605 1261 867 1321 multiplicet
884 1261 1015 1305 fidem
1033 1297 1044 1317 ,
1068 1270 1260 1306 mentem
1284 1261 1521 1320 gubernet,
1545 1260 1756 1321 spiritales
1777 1276 1852 1305 co-

463 1332 688 1391 gitationes
722 1331 948 1388 concedat,
973 1341 1017 1376 et
1044 1332 1098 1376 ad
1119 1332 1438 1376 beatitudinem
1460 1346 1584 1376 suam
1605 1331 1847 1391 perducat:

464 1406 545 1447 Per
563 1405 711 1446 Jesum
732 1403 955 1447 Christum
978 1401 1140 1446 Filium
1161 1417 1288 1446 suum
1305 1437 1316 1457 ,
1348 1402 1583 1447 Dominum
1617 1409 1815 1446 nostrum
1836 1435 1847 1455 ,

463 1474 538 1534 qui
561 1488 660 1518 cum
681 1488 733 1518 eo
754 1474 860 1519 vivit
879 1483 922 1518 et
940 1482 1093 1533 regnat
1112 1473 1159 1516 in
1177 1473 1345 1517 unitate
1358 1473 1541 1533 Spiritus
1557 1473 1694 1518 saneti
1715 1475 1846 1528 Deus,

461 1559 540 1604 per
560 1544 707 1590 omnia
723 1544 879 1590 saecula
894 1548 1171 1600 saeculorum,
1197 1547 1353 1590 Amen.

514 1661 521 1677 ¹
544 1654 625 1686 Psal.
646 1665 679 1697 x,
697 1654 732 1687 6.
