1867 3320
299 279 437 310 sumo
468 282 562 322 ΧΠ,
596 286 641 314 ΙΝ
674 285 837 317 PSALMO
867 291 999 331 Lxm,
1035 288 1100 324 11.
1293 292 1371 331 3⁴7

19 368 39 392 »
74 356 176 394 nate
199 347 244 392 in
265 361 336 391 me
359 347 614 393 charitatem
630 354 689 396 ¹.»
707 355 873 399 Bonum
893 355 1053 416 aliquid
1074 369 1115 404 te
1135 363 1232 408 iecit
1248 368 1373 424 Deus,

14 421 98 467 sub
119 435 164 464 se
186 417 290 467 fecit
306 418 471 479 aliquid
497 419 672 467 inferius
700 435 741 468 et
763 426 844 470 sub
861 436 903 470 te
928 447 937 472 :
966 429 1046 472 sub
1067 430 1148 476 alio
1169 449 1231 488 es,
1255 452 1377 497 super

15 490 135 539 aliud
156 507 200 537 es
223 509 233 536 :
259 488 349 535 noli
380 489 532 535 relicto
565 495 780 553 superiore
805 497 920 542 bono
939 534 949 553 ,
981 515 1156 545 curvare
1177 514 1217 547 te
1238 506 1288 550 ad
1311 510 1376 554 in-

15 561 150 610 ferius
176 561 355 606 bonum.
376 563 539 605 Rectus
557 572 646 607 esto
664 599 674 618 ‚
699 575 748 609 ut
769 566 953 613 lauderis
974 589 982 615 :
1003 572 1101 630 quia
1115 592 1134 614 u
1150 573 1378 623 laudabun-

20 652 39 676 ι
74 641 148 676 tur
169 647 318 676 omnes
341 631 446 675 recti
469 634 598 676 corde
614 636 647 677 ².
678 654 696 676 »
718 637 840 681 L‘nde
861 640 973 683 enim
995 656 1160 700 peccas,
1186 646 1259 689 nisi
1282 649 1378 706 quia

16 701 262 748 inordinate
284 710 440 747 tractas
462 718 542 756 res,
565 720 670 763 quas
692 706 736 750 in
759 723 878 754 usum
903 712 1130 770 accepisti?
1152 717 1252 758 Esto
1276 716 1380 761 bene

17 783 146 821 utens
177 773 306 818 rebus
342 773 654 832 inferioribus,
691 787 733 821 et
766 779 845 823 eris
878 793 990 826 recte
1010 781 1156 829 fruens
1177 785 1292 830 bono
1313 804 1382 832 su-

15 845 199 906 periore.

9 942 13 946 —
76 917 152 961 lv.
183 916 311 959 Nunc
333 913 435 958 audi
457 949 468 970 ‚
494 923 536 959 et
558 914 724 960 discute
741 918 852 977 ipsas*
872 922 1103 978 agnitiones
1125 933 1217 970 tuas
1238 946 1246 971 :
1266 936 1307 971 et
1324 928 1381 973 in-

6 995 188 1045 -terroga
212 994 255 1029 te
274 985 351 1045 qui
374 993 561 1041 tractaS,
585 995 628 1030 et
655 1003 719 1031 res
742 1005 846 1048 quas
867 1000 1035 1036 tractas.
1060 995 1170 1038 Ecce
1193 996 1223 1038 si
1246 996 1288 1039 in
1310 1012 1384 1041 ne-

0 1058 134 1116 -gotio
158 1066 237 1101 tuo
260 1065 485 1114 argentum
509 1072 732 1117 praeponas
754 1075 882 1115 auro,
901 1061 932 1104 si
951 1061 1174 1120 plumbum
1193 1075 1380 1123 argento,

0 1130 48 1195 μὶ
79 1127 305 1188 pulverem
345 1127 558 1187 plumho3
595 1145 740 1174 nonne
772 1132 826 1175 ab
853 1133 1052 1177 omnibus
1083 1136 1202 1180 sociis
1225 1137 1327 1189 tuis,
1351 1138 1382 1181 si

0 1199 128 1254 {dorte
143 1199 386 1258 negotiator
403 1215 462 1254 es,
474 1201 1095 1262 dementissimusjudicaberis‚
1112 1215 1152 1249 et
1168 1207 1220 1249 ab
1236 1223 1380 1251 eorum

0 1272 218 1319 ¹societate
240 1270 487 1325 seduceris,
513 1271 754 1332 dicerisque
777 1273 1024 1328 damnosus,
1050 1284 1090 1319 et
1119 1275 1226 1320 forte
1257 1279 1379 1322 etiam

0 1350 109 1399 iloto
127 1341 268 1401 capite
289 1341 507 1386 sanandus
520 1344 537 1385 P
551 1342 665 1395 Quid
683 1343 799 1387 aliud
817 1344 928 1388 enirn
947 1345 1134 1389 dicerent
1156 1362 1300 1390 omnes
1319 1363 1380 1391 so-

6 1413 69 1461 eii
88 1410 283 1467 tui‚'cum
303 1413 478 1459 dixeris:
494 1414 677 1459 Charias
691 1425 754 1459 est
769 1426 988 1474 argentum
1010 1433 1129 1470 auro,
1144 1426 1215 1461 aut
1236 1417 1382 1461 melius

2 1493 79 1543 ,est
96 1494 324 1543 argentum
342 1486 472 1529 auro?
486 1487 640 1529 Nonne
656 1486 747 1529 haec
765 1486 1027 1539 clamabunt,
1046 1490 1193 1531 Insane
1214 1487 1382 1546 decipe-

0 1555 92 1614 ςὶε,
104 1554 210 1614 quid
226 1556 400 1616 pateris,
412 1556 589 1615 quando
599 1557 811 1616 praeponis
828 1567 1047 1615 argentum
1063 1559 1189 1601 auro?
1202 1560 1249 1601 Et
1261 1573 1382 1602 nemo

1 1625 93 1676 {tibi
108 1626 240 1679 dicet,
256 1626 361 1686 quid
384 1626 552 1685 pateris,
570 1628 745 1686 quando
760 1628 969 1686 praeponis
983 1644 1130 1672 aurum
1149 1630 1257 1673 Deo?
1273 1631 1383 1680 Quo-

0 1697 167 1749 fmodo.
183 1698 344 1757 inquit,
362 1713 570 1757 praepono
586 1714 738 1742 aurum
758 1702 841 1742 Deo
855 1700 871 1740 ’ζ’
884 1700 923 1744 Si
943 1700 1052 1743 enim
1071 1715 1141 1758 per
1156 1700 1381 1758 quamdam

0 1767 280 1825 *dementiam
300 1783 574 1827 praeposuero
587 1778 809 1825 argentum
826 1784 945 1821 auro,
959 1768 1052 1812 idco
1065 1769 1237 1812 deme-ns
1250 1769 1382 1822 dicor,

0 1839 119 1900 iquia
137 1839 192 1884 de
214 1838 385 1885 duabus
407 1838 655 1897 speciebus,
673 1855 777 1898 quas
797 1841 939 1883 ambas
962 1840 1106 1892 viden,
1128 1856 1231 1899 quas
1246 1842 1386 1884 ambas

0 1910 213 1970 i5ntueor‚
241 1925 349 1970 quas
370 1910 519 1954 ambas
543 1926 672 1955 manu
702 1909 943 1963 contrecto,
967 1927 1170 1968 praepono
1197 1910 1384 1954 viliorem

0 1977 207 2028 kohan-iuri
229 2000 239 2025 :
263 1997 419 2025 aurum
445 1984 533 2026 Deo
554 1980 774 2042 quomodo
797 1984 1026 2039 proepono?
1050 1996 1199 2024 aurum
1234 1981 1380 2029 video,

20 2054 158 2110 Deum
178 2069 266 2098 non
294 2052 435 2098 video.
462 2055 550 2098 Nec
572 2054 672 2098 hinc
701 2064 741 2097 te
766 2053 996 2096 excusabis.
1020 2055 1159 2104 Quare
1187 2068 1298 2094 amas
1317 2067 1384 2094 ar—

50 2126 344 2185 entumi’quia
369 2126 550 2170 charum
578 2136 663 2180 est,
697 2126 795 2186 quia
821 2126 948 2168 charo
975 2125 1098 2167 vah-t.
1131 2126 1268 2176 Quart·
1291 2122 1383 2181 [ilus

28 2197 207 2240 *urumi'
228 2196 330 2256 quia
352 2196 524 2240 charius
543 2206 618 2241 est.
641 2201 874 2254 Argentum
894 2196 1084 2243 charum,
1109 2208 1258 2237 aurum
1282 2193 1382 2236 cha-

16 2266 111 2315 tius
132 2286 142 2312 :
166 2270 276 2311 Deus
293 2268 382 2326 ipsa
403 2268 587 2311 charitas
609 2276 686 2311 est.

20 2333 42 2375 ὅ
87 2338 135 2382 V.
167 2339 279 2382 Ecce
302 2337 466 2398 aliquid
495 2339 636 2383 dicam
667 2338 853 2381 muneris
876 2337 973 2386 Dei,
999 2344 1044 2378 ut
1076 2335 1198 2377 citius
1221 2344 1262 2376 tv
1287 2349 1386 2376 con-

21 2407 191 2457 vincam
209 2443 220 2463 ‚
241 2409 465 2469 quomodo
483 2409 698 2469 praeponis
717 2424 865 2452 aurum
894 2411 975 2450 nvo
994 2427 1002 2457 ;
1022 2406 1214 2465 quamvis
1237 2419 1384 2447 aurum

20 2479 197 2535 fidas,
220 2483 355 2525 Deum
380 2497 467 2525 non
491 2481 635 2525 videas
657 2502 667 2537 3
692 2490 733 2523 et
757 2480 850 2523 idco
877 2478 950 2521 tibi
975 2493 1057 2520 non
1082 2476 1256 2519 vim-nris
1281 2491 1384 2533 pm·-

24 2558 200 2613 ponere‚
222 2551 324 2613 quia
348 2552 450 2596 velit
468 2567 596 2596 nemo
620 2566 865 2611 praeponere
890 2564 973 2592 rem
993 2563 1120 2606 (quam
1138 2545 1249 2589 videt
1273 2546 1307 2586 vi
1329 2545 1382 2587 rvi

32 2626 46 2649 ’ἦ
73 2640 82 2658 ¹
101 2636 298 2679 Cant.11,4.
320 2654 362 2662 --
382 2644 395 2661 ²
416 2636 497 2670 Psoi.
518 2648 604 2675 ιιιιι,
625 2646 655 2667 ιι
