1867 3320
374 257 579 286 EpisTOLAE
611 261 665 288 An
699 264 895 293 Romanos
928 268 1162 300 EXPOSITIO.
1403 272 1457 310 65

79 316 185 360 bum
203 336 216 374 ;
239 326 282 362 et
311 321 488 366 omnino
509 323 544 366 si
565 340 653 384 qua
673 326 959 374 fornicatione
975 366 986 383 ‚
1011 334 1081 377 vel
1108 336 1341 386 homicidio
1359 378 1369 397 ‚
1388 348 1457 390 vel

78 385 168 431 ullo
186 388 372 447 flagitio,
393 402 469 437 aut
486 393 679 440 facinore
700 408 796 457 post
816 400 1081 460 baptismum
1103 421 1194 451 sese
1221 413 1457 461 maculave—

77 456 148 512 rit,
165 472 254 502 non
268 469 410 518 potest
428 464 683 521 poenitendo
697 471 852 513 curari.
865 472 994 524 Quod
1006 474 1040 517 si
1056 489 1283 524 senserunt
1297 483 1459 530 exclusi

75 536 176 571 sunt
207 543 230 571 a
263 533 571 578 communione
605 538 849 591 catholica;
879 542 1067 603 satisque
1092 546 1339 605 judicatum
1364 564 1455 611 est,

74 609 144 641 eos
165 596 211 640 in
227 597 300 643 illa
319 603 591 660 crudelitate,
619 605 779 652 divinae
801 611 1105 658 misericordiae
1124 619 1351 680 participes
1369 639 1458 669 esse

72 680 160 709 non
182 682 321 725 posse.
350 671 392 714 Si
414 681 562 717 autem
583 674 694 719 illud
711 677 868 730 solum,
886 682 1007 741 quod
1027 684 1229 732 adversus
1250 692 1458 750 Spiritum

14 782 21 791 ⁸
70 746 267 781 sanctum
301 738 460 786 dicitur
479 778 489 795 ‚
521 745 612 788 sine
646 749 770 792 venia
798 765 888 794 esse
914 763 1011 811 post
1033 767 1259 816 acceptum
1293 763 1458 822 baptis-

70 821 189 851 mum
213 819 393 867 putatur
411 833 419 857 :
438 815 578 873 primo
597 819 806 864 Dominus
824 832 924 866 cum
948 825 1049 870 inde
1065 827 1335 889 loqueretur,
1351 837 1454 880 nul-

67 877 158 922 lum
192 888 363 940 tempus
394 886 582 944 excepit,
621 888 697 932 sed
727 892 982 950 regulariter
1018 897 1076 941 ait
1102 918 1110 942 :
1142 919 1160 941 «
1186 903 1270 954 Qui
1299 905 1455 953 dixerit

69 965 89 988 »
122 950 308 995 verbum
325 953 528 1000 adversus
553 959 762 1017 Spiritum
780 974 995 1020 sanctum,
1015 982 1101 1012 non
1128 973 1373 1020 remittetur
1396 981 1449 1034 ei,

67 1035 88 1058 »
123 1034 267 1080 neque
286 1022 331 1067 in
359 1025 442 1069 hoc
463 1028 624 1073 saeculo
645 1065 655 1085 ,
681 1047 825 1092 neque
846 1034 891 1078 in
913 1035 1064 1082 futuro
1081 1042 1108 1083 ¹.
1146 1060 1165 1082 »
1193 1045 1359 1090 Deinde
1383 1050 1451 1094 Si-

63 1102 165 1132 mon
181 1124 192 1144 ,
231 1108 363 1151 quem
400 1096 532 1153 paulo
555 1108 655 1144 ante
678 1109 1041 1164 commemoravi,
1073 1111 1162 1170 jam
1185 1113 1450 1174 baptismum

62 1172 310 1219 acceperat,
346 1180 445 1209 cum
483 1169 694 1227 Spiritum
725 1185 924 1221 sanctum
960 1181 1210 1239 turpissimo
1239 1191 1449 1233 mercatui

59 1228 285 1276 subditum
307 1234 492 1281 credidit
507 1240 523 1262 ²
549 1257 558 1281 ;
581 1241 649 1284 eui
669 1254 868 1303 correpto
885 1263 908 1290 a
931 1263 974 1291 se
999 1252 1150 1296 Petrus
1173 1263 1318 1299 tamen
1342 1273 1448 1304 con-

57 1297 199 1345 silium
222 1305 466 1361 poenitendi
485 1306 620 1353 dedit.
635 1313 765 1365 ,Quid
779 1325 923 1361 autem
938 1319 993 1362 de
1010 1320 1059 1363 iis
1080 1355 1090 1375 ‚
1116 1323 1192 1381 qui
1215 1339 1315 1369 cum
1334 1328 1445 1389 bap-

56 1368 169 1413 tismi
197 1384 462 1420 sacramenta
498 1380 620 1436 pueri
649 1382 717 1426 vel
751 1385 881 1430 etiam
919 1387 1106 1434 infantes
1139 1399 1441 1455 perceperint,

52 1448 200 1497 postea
220 1444 494 1503 negligenter
516 1448 705 1506 educati,
722 1468 800 1512 per
815 1455 1074 1514 ignorantiae
1090 1464 1289 1509 tenebras
1310 1468 1443 1514 vitam

53 1510 342 1569 turpissimam
374 1515 574 1573 ducunt,
601 1522 842 1568 nescientes
878 1528 1058 1572 omnino
1079 1532 1187 1590 quid
1209 1536 1440 1584 christiana

49 1579 272 1637 disciplina
290 1586 445 1641 jubeat
462 1597 537 1629 aut.
559 1600 676 1636 vetet
695 1627 705 1646 ‚
727 1594 833 1652 quid
855 1595 1140 1656 polliceatur,
1164 1613 1206 1647 et
1229 1608 1335 1665 quid
1359 1612 1440 1653 mi—

48 1656 176 1691 netur
190 1684 205 1704 ,
229 1650 337 1709 quid
355 1651 623 1698 credendum
641 1690 651 1709 ,
679 1659 786 1716 quid
809 1668 1096 1720 sperandum,
1123 1674 1228 1727 quid
1249 1676 1436 1732 dlligen-

47 1715 153 1761 dum
174 1719 258 1777 sit3
291 1737 396 1765 num
419 1722 676 1770 audebimus
712 1740 888 1787 peccata
915 1748 1066 1778 eorum
1099 1750 1327 1798 propterea
1347 1762 1434 1792 non

45 1786 301 1845 ignorantiae
333 1791 570 1852 deputare,
608 1798 710 1856 quia
746 1800 954 1860 baptizati
992 1821 1304 1869 peccaverunt,
1332 1834 1431 1863 eum

44 1860 222 1903 omnino
244 1861 492 1920 ignorantes
510 1900 521 1918 ‚
547 1875 590 1910 et
612 1869 791 1914 omnino
811 1906 822 1924 ,
850 1875 1221 1931 quemadmodum
1247 1885 1427 1943 dicitur,

43 1927 117 1972 ubi
140 1941 272 1989 caput
305 1933 516 1979 haberent
546 1939 812 1995 nescientes,
840 1942 883 1985 in
920 1959 1078 2004 magno
1107 1964 1251 1996 errore
1274 1971 1428 2014 pecca-

41 1999 213 2042 verint?

97 2071 239 2114 xvn.
266 2073 395 2125 Quod
417 2076 450 2118 si
484 2090 534 2120 eo
564 2087 758 2137 tempore
785 2099 884 2127 cum
910 2086 1084 2132 scientia
1116 2093 1299 2153 quisque
1321 2113 1423 2156 pec-

41 2153 155 2182 casse
183 2139 351 2185 dicatur
367 2178 377 2197 ‚
410 2161 498 2204 quo
517 2149 597 2191 scit
615 2149 774 2195 malum
799 2168 888 2197 esse
910 2157 1030 2214 quod
1056 2157 1156 2204 facit
1174 2197 1184 2215 ,
1214 2174 1255 2208 et
1279 2176 1421 2214 tamen

39 2207 169 2266 facit3
193 2227 270 2255 cur
293 2213 374 2256 hoe
398 2215 441 2258 in
468 2217 676 2274 Spiritum
705 2233 902 2268 sanctum
927 2227 1067 2272 solum
1083 2265 1092 2282 ‚
1115 2246 1202 2276 non
1228 2236 1356 2283 ctiam
1376 2242 1419 2285 in

40 2279 271 2327 Dominum
294 2286 442 2328 Jesum
459 2287 680 2333 Christum
704 2292 993 2339 irremissibile
1008 2299 1263 2356 judicatur?
1281 2312 1367 2354 Aut
1386 2314 1418 2355 si

38 2346 118 2393 hoc
144 2350 284 2410 ipsum
313 2369 402 2398 esse
434 2356 626 2401 creditur
655 2374 852 2418 peccare,
884 2365 950 2411 vel
975 2368 1155 2414 verbum
1178 2373 1320 2420 dicere
1337 2381 1418 2424 ad-

37 2431 180 2463 versus
201 2422 409 2481 Spiritum
427 2436 647 2483 sanetum,
668 2432 896 2489 quodlibet
915 2447 1138 2494 peccatum
1156 2458 1257 2488 cum
1279 2450 1416 2494 scicn—

38 2488 91 2534 tia
109 2494 403 2552 committer03
424 2505 471 2540 ut
492 2498 707 2559 quidquid
733 2503 929 2549 homines
951 2506 1192 2565 ignorando
1216 2531 1409 2577 peccant,

82 2581 89 2596 ¹
111 2576 229 2610 Manli.
251 2589 307 2620 xu,
332 2579 386 2622 32,
402 2584 433 2612 et
460 2582 537 2614 Luc.
560 2594 615 2624 ιιι,
638 2595 689 2617 ιω.
709 2603 749 2610 -
769 2594 779 2609 ³
800 2591 871 2620 Act.
897 2599 962 2630 vni,
984 2592 1033 2623 13.

217 2642 371 2673 cxxiv.
1200 2653 1223 2689 5
