1867 3320
378 252 586 282 EPISTOLAE
617 252 673 282 AD
705 252 905 284 ROMAnos
936 256 1171 286 EXPoslTIO.
1414 251 1463 288 61

89 321 220 366 rentis
241 320 571 380 intelligentiam
593 323 881 381 perducatur,
906 331 1001 366 tum
1032 337 1135 366 vero
1163 325 1470 370 contumeliose

89 393 132 435 in
154 399 318 435 tantam
337 392 612 436 sanctitatem
635 391 704 436 vel
725 393 857 437 verba
879 392 949 437 vel
973 392 1085 436 facta
1110 392 1355 451 protulerit,
1376 411 1472 439 reus

90 461 320 505 tenebitur.
354 465 459 513 Quae
488 477 588 506 cum
613 462 674 505 ita
696 462 808 517 sint,
842 461 1121 506 manifestum
1144 477 1234 506 esse
1262 464 1468 520 arbitror,

88 545 185 575 eum
206 530 282 589 qui
317 530 402 574 hoc
423 531 600 575 nomine
621 531 794 586 audito,
821 531 946 576 aliam
983 548 1063 591 pro
1086 532 1167 576 alia
1195 548 1287 576 rem
1309 534 1473 592 signifi-

88 599 173 645 cari
192 600 437 659 putaverit3
457 610 500 644 et
518 600 721 645 adversus
744 617 838 645 eam
859 617 949 646 rem
974 618 1105 662 quam
1128 603 1360 661 significari
1391 604 1473 649 hoc

89 670 261 714 nomine
282 668 467 713 credidit
485 704 496 724 ,
518 670 701 714 verbum
717 670 872 715 dixerit
892 690 901 715 ;
930 687 1020 716 non
1041 673 1159 717 hunc
1184 674 1243 717 sic
1266 689 1443 732 peccare
1460 709 1470 729 ,

89 748 138 783 ut
166 739 368 783 adversus
394 740 601 798 Spiritum
624 750 822 785 sanctum
843 743 1028 787 verbum
1063 742 1217 788 dixisse
1234 742 1471 803 judicetur.

90 812 154 853 lta
175 824 352 868 quoque
385 810 418 852 si
454 810 685 869 quisquam
708 826 905 870 quaerens
927 813 1036 872 quid
1057 813 1111 857 sit
1135 815 1317 873 Spiritus
1350 830 1476 859 sanc-

90 887 156 922 tus
171 913 182 933 ,
203 878 351 923 audiat
373 880 427 922 ab
450 879 673 938 imperito,
693 881 812 925 hunc
834 896 924 925 esse
962 882 1124 927 Filium
1148 884 1224 927 Dei
1249 900 1324 944 per
1345 900 1477 944 quem

90 947 202 993 facta
224 957 326 992 sunt
343 949 488 993 omnia
503 984 514 1004 ‚
539 951 615 1010 qui
637 951 767 994 etiam
791 960 908 995 certa
925 954 1256 1011 opportunitate
1274 955 1479 1013 temporis

91 1016 144 1061 de
166 1018 330 1077 virgine
351 1027 478 1062 natus
499 1020 574 1074 sit,
597 1029 640 1063 et
660 1021 826 1064 occisus
851 1021 904 1064 sit
922 1037 945 1064 a
969 1022 1148 1076 Judaeis,
1172 1032 1215 1067 et
1234 1039 1481 1067 resurrexe-

91 1087 172 1142 rit,
199 1088 360 1147 quibus
382 1088 540 1132 auditis
560 1088 626 1133 vel
643 1099 774 1148 neget
796 1090 867 1134 vel
885 1090 1064 1136 irrideat
1085 1108 1184 1151 quae
1202 1092 1317 1138 dicta
1340 1103 1441 1138 sunt
1467 1113 1475 1138 :

92 1174 180 1203 non
198 1174 296 1203 eum
320 1159 379 1203 sic
407 1161 542 1204 teneri
563 1160 809 1219 putandum
832 1171 918 1215 est,
942 1177 990 1205 ac
1009 1162 1041 1206 si
1072 1164 1256 1207 verbum
1277 1164 1479 1208 adversus

94 1230 300 1287 Spiritum
316 1239 513 1274 sanctum
530 1230 712 1288 dixerit3
729 1231 804 1275 sed
823 1233 966 1290 potius
985 1232 1188 1278 adversus
1206 1235 1363 1279 Filium
1385 1236 1476 1289 Dei,

90 1299 160 1344 vel
192 1300 331 1344 filium
364 1301 551 1344 bominis
569 1336 579 1356 ‚
611 1303 721 1346 sicut
747 1312 790 1346 et
812 1304 957 1347 vocari
982 1313 1025 1348 et
1062 1320 1150 1348 esse
1173 1305 1375 1363 dignatus
1397 1316 1475 1350 est.

91 1371 190 1415 Non
223 1371 338 1414 enim
368 1370 476 1430 quid
499 1371 553 1414 sit
586 1372 788 1429 imperito
815 1388 893 1430 per
914 1389 1064 1415 vocem
1084 1377 1379 1431 propositum,
1405 1374 1481 1418 sed

93 1454 170 1499 per
201 1441 413 1483 rationem
452 1441 694 1498 expositum
710 1476 720 1496 ‚
757 1442 1123 1486 considerandum
1160 1453 1237 1487 est.
1277 1445 1386 1496 Quia
1410 1444 1482 1488 ille

96 1525 195 1555 cum
228 1508 458 1553 maledicta
489 1509 726 1568 proferret,
765 1512 802 1554 ei
831 1512 982 1570 utique
1005 1512 1313 1567 maledicebat,
1351 1530 1482 1574 quem

97 1580 178 1625 sibi
199 1589 446 1624 enarratum
480 1579 526 1622 in
557 1580 818 1637 cogitatione
845 1581 1111 1625 intuebatur.
1140 1583 1379 1634 Quodlibet
1404 1600 1484 1627 au-

100 1660 182 1695 tem
203 1659 452 1705 vocaretur,
485 1659 633 1694 utrum
665 1666 729 1694 res
751 1651 842 1710 ipsa
871 1651 1117 1696 veneranda
1137 1688 1147 1707 ‚
1174 1669 1227 1696 an
1250 1654 1448 1711 neganda
1470 1689 1481 1708 ‚

100 1720 167 1766 vel
188 1720 474 1780 vituperanda
497 1730 637 1775 esset,
662 1721 746 1764 hoc
777 1722 1003 1780 quaeritur.
1033 1725 1124 1766 Hoc
1149 1723 1279 1767 modo
1301 1724 1429 1767 etiam
1452 1725 1486 1767 si

101 1791 310 1851 quispiam
345 1799 512 1849 quaerat
534 1791 629 1849 quis
650 1790 704 1833 sit
727 1793 850 1834 Jesus
873 1791 1069 1835 Christus
1086 1826 1096 1845 ‚
1135 1802 1178 1835 et
1206 1807 1253 1836 ea
1273 1794 1486 1852 quaerenti

103 1859 445 1919 respondeantur
466 1876 565 1919 quae
588 1875 677 1903 non
702 1860 746 1903 in
767 1859 926 1903 Filium
951 1861 1042 1914 Dei,
1069 1861 1142 1904 sed
1165 1862 1308 1920 potius
1330 1864 1373 1905 in
1394 1863 1488 1921 Spi-

103 1931 235 1975 ritum
272 1939 468 1974 sanctum
491 1930 782 1983 conveniunt,
824 1931 984 1990 quibus
1006 1930 1162 1975 auditis
1186 1932 1258 1976 ille
1282 1933 1487 1992 blasphe-

104 2010 217 2045 met:
242 2016 330 2044 non
349 2002 502 2059 utique
525 2001 729 2045 adversus
752 2001 929 2055 Filium,
955 2002 1031 2045 sed
1054 2001 1258 2047 adversus
1280 2005 1488 2062 Spiritum

105 2079 301 2114 sanetum
320 2070 502 2113 verbum
523 2069 679 2112 dixisse
701 2072 937 2114 tenebitur.

165 2143 261 2184 XV.
276 2140 357 2185 Sed
381 2141 415 2184 si
431 2140 675 2184 transitorie
689 2155 737 2184 ac
756 2142 1024 2198 negligenter
1040 2142 1349 2187 attenderimus
1372 2144 1492 2203 quod

109 2210 273 2254 dictum
311 2219 397 2263 est,
439 2210 480 2253 Si
520 2210 616 2268 quis
654 2209 836 2252 verbum
861 2209 1017 2253 dixerit
1051 2211 1253 2256 adversus
1284 2214 1492 2271 Spiritum

110 2289 305 2325 sanetum
325 2314 335 2334 ,
357 2294 443 2323 non
463 2279 704 2322 remittetur
724 2279 790 2333 ei,
818 2294 960 2338 neque
980 2280 1021 2321 in
1038 2281 1118 2322 hoe
1141 2282 1300 2326 saeculo
1315 2318 1325 2333 ‚
1353 2299 1493 2343 neque

112 2351 155 2394 in
179 2350 326 2394 futuro
353 2369 360 2393 ε
393 2349 489 2409 quis
512 2349 693 2393 inveniri
733 2350 890 2407 poterit
923 2350 992 2392 cui
1016 2351 1183 2394 veniam
1219 2364 1493 2411 peecatorum

114 2419 281 2464 dederit
307 2423 417 2463 Deus
432 2421 449 2462 Ρ
465 2421 569 2463 Nam
588 2428 630 2462 et
656 2420 812 2476 Pagani
833 2420 906 2478 qui
926 2419 1215 2477 appellantur,
1232 2425 1358 2466 etiam
1380 2440 1495 2466 nuuc

118 2499 249 2535 totam
272 2499 462 2533 nostram
485 2488 753 2547 religionem,
769 2490 974 2548 quiajam
1000 2488 1112 2534 ferro
1129 2501 1170 2534 et
1188 2493 1379 2536 ezr-dibus
1405 2509 1497 2551 pro-

119 2560 338 2615 bibentur,
357 2559 596 2603 maledictis
617 2558 978 2618 contumeliisque
1002 2559 1287 2615 insectantium
1305 2573 1347 2607 rt
1369 2563 1498 2622 quid-
