1867 3320
372 293 579 320 Ems‘roLAE
611 290 666 320 An
693 289 880 321 GALATAS
913 294 1148 323 EXPosrrto.
1374 286 1456 324 105

80 357 141 401 vis
163 370 238 415 per
259 355 409 400 eadem
427 356 532 400 salvi
546 357 715 412 fierent,
734 357 947 417 populum
967 368 1111 402 tamen
1133 359 1299 403 salvum
1318 361 1460 404 facere

77 441 166 470 non
199 435 412 485 poterant.
450 427 536 479 Qui
567 427 756 486 populus
789 443 917 482 sane,
963 429 996 471 si
1030 443 1109 488 per
1139 437 1281 472 totum
1309 430 1459 474 orbem

77 496 373 541 consideretur
394 499 525 554 (nam
542 496 597 541 de
619 507 713 542 toto
734 499 841 542 orbe
863 498 1101 542 Ecclesiam
1119 499 1357 542 Jerusalem
1380 515 1463 543 coe-

77 565 226 610 lestem
267 570 534 625 congregat)
556 569 683 626 pauci
705 578 833 623 sunt,
861 569 962 628 quia
984 569 1054 613 via
1083 578 1264 626 angusta
1302 584 1465 628 pauco—

77 652 173 680 rum
197 646 260 681 est
292 657 299 681 :
332 638 377 680 in
399 653 537 680 unum
560 647 706 682 tamen
736 639 1008 697 congregati,
1042 648 1261 698 quotquot
1282 639 1461 682 existere

77 716 314 765 potuerunt
335 742 346 761 ,
368 722 419 751 ex
440 723 529 768 quo
552 709 839 768 Evangelium
861 709 1123 767 praedicatur
1140 744 1152 765 ,
1178 718 1221 753 et
1243 718 1464 769 quotquot

76 786 282 837 poterunt
301 793 438 838 usque
457 779 500 822 in
517 779 647 823 finem
663 779 808 824 saeculi
827 795 904 839 per
921 795 1072 824 omnes
1095 789 1259 838 gentes,
1278 779 1465 840 adjunc—

75 847 128 890 tis
150 847 232 890 sibi
251 848 380 890 etiam
405 846 488 891 illis
505 883 515 902 ,
542 850 739 907 quamvis
772 850 1038 908 paucissimis
1057 885 1067 904 ,
1093 851 1166 910 qui
1199 865 1251 893 ex
1272 850 1358 893 fide
1376 853 1465 893 Do-

75 917 207 971 mini,
228 916 314 961 fide
336 919 589 976 prophetica
606 954 616 973 ,
636 929 736 963 ante
755 920 904 964 ambos
936 920 1149 965 adventus
1171 922 1263 980 ejus
1280 920 1463 964 salutem

76 987 224 1044 gratiae
247 997 538 1046 perceperunt
557 1023 568 1042 ,
603 988 790 1048 implent
811 1000 1060 1034 sanctorum
1082 991 1379 1035 beatissimum
1403 991 1465 1033 ci-

74 1055 218 1099 vitatis
252 1056 526 1115 sempiternae
550 1067 728 1103 statum.
771 1059 1049 1118 Superbienti
1070 1074 1171 1117 ergo
1193 1058 1358 1118 populo
1381 1062 1465 1102 Lex

75 1125 213 1183 posita
231 1135 319 1180 est,
346 1136 394 1170 ut
416 1129 623 1186 quoniam
649 1129 829 1186 gratiam
859 1129 1078 1173 charitatis
1096 1129 1177 1172 nisi
1211 1128 1466 1172 humiliatus

76 1196 269 1254 accipere
290 1212 382 1240 non
401 1207 544 1255 posset
559 1233 569 1252 ,
591 1207 634 1242 et
659 1200 750 1242 sine
771 1200 852 1243 hac
875 1200 1009 1258 gratia
1039 1200 1160 1244 nullo
1195 1199 1328 1243 modo
1351 1214 1464 1257 prae-

75 1274 199 1324 cepta
236 1267 358 1323 Legis
402 1267 601 1326 impleret
619 1304 628 1322 ,
675 1269 1014 1327 transgressione
1050 1269 1354 1312 humiliaretur
1375 1303 1385 1319 ,
1419 1278 1467 1311 ut

76 1346 292 1394 quaereret
313 1337 516 1394 gratiam,
541 1354 620 1382 nec
643 1354 686 1382 se
704 1340 788 1383 suis
810 1340 970 1383 meritis
997 1340 1163 1383 salvum
1195 1340 1287 1382 fieri
1311 1375 1320 1393 ,
1347 1341 1466 1399 quod

76 1408 314 1464 superbum
337 1416 400 1451 est
419 1443 429 1461 ,
455 1409 707 1466 opinaretur
730 1429 738 1454 ε
766 1419 814 1453 ut
837 1419 946 1454 esset
969 1426 1058 1454 non
1080 1410 1126 1452 in
1156 1425 1230 1453 sua
1254 1419 1468 1468 potestate

75 1485 119 1520 et
152 1476 314 1520 viribus
338 1478 480 1536 justus
497 1513 508 1531 ,
546 1478 621 1522 sed
656 1480 700 1522 in
734 1495 869 1523 manu
909 1479 1158 1523 mediatoris
1191 1480 1467 1539 justificantis

74 1546 272 1605 impium.
291 1549 372 1590 Per
394 1547 583 1605 Angelos
612 1557 758 1592 autem
782 1549 1020 1593 ministrata
1044 1558 1107 1592 est
1126 1550 1264 1593 omnis
1288 1548 1465 1608 dispen-

74 1616 181 1660 satio
203 1616 358 1659 veteris
380 1619 657 1671 Testamenti,
681 1627 835 1675 agente
864 1619 909 1661 in
940 1619 998 1662 eis
1025 1619 1184 1678 Spiritu
1226 1629 1399 1668 sancto,
1426 1629 1468 1662 et

75 1685 168 1744 ipso
191 1686 336 1729 Verbo
370 1686 582 1741 veritatis,
619 1687 815 1731 nondum
856 1689 1106 1742 incarnato,
1143 1687 1217 1731 sed
1239 1704 1465 1749 nunquam

75 1758 130 1800 ab
154 1756 297 1816 aliqua
331 1757 518 1800 veridica
559 1757 931 1802 administratione
974 1759 1219 1802 recedente.
1247 1760 1358 1812 Quia
1394 1775 1468 1818 per

75 1825 264 1884 Angelos
280 1826 487 1884 disposita
503 1836 567 1870 est
581 1826 651 1870 illa
670 1827 934 1886 dispensatio
953 1828 1094 1886 Legis,
1115 1844 1213 1872 cum
1232 1828 1467 1888 aliquando

76 1896 152 1938 Dei
174 1910 400 1954 personam
416 1931 426 1948 ,
463 1897 574 1940 sicut
600 1898 915 1955 Prophetarum
940 1898 1067 1940 etiam
1107 1914 1221 1943 mors
1244 1909 1306 1942 est
1324 1935 1334 1952 ,
1366 1914 1466 1955 agv-

77 1975 198 2021 rent,
235 1981 399 2025 perque
432 1966 550 2009 illam
591 1970 746 2025 Legem
796 1968 970 2011 morbos
1005 1969 1302 2012 ostendentem
1322 2005 1333 2023 ,
1378 1986 1464 2013 non

76 2034 362 2089 auferentem,
381 2036 515 2079 etiam
539 2037 904 2094 praevaricationis
918 2037 1098 2080 crimine
1114 2040 1298 2082 contrita
1322 2048 1382 2082 est
1400 2056 1467 2082 su-

76 2106 222 2165 perbia
250 2124 259 2148 :
289 2124 309 2147 «
330 2105 585 2164 dispositum
606 2116 668 2150 cst
685 2122 761 2165 per
781 2107 970 2165 Angelos
988 2124 1133 2150 semen
1159 2109 1201 2151 in
1220 2124 1351 2151 manu
1376 2124 1467 2151 nie-

80 2194 99 2216 »
134 2174 334 2229 diatoris,
362 2194 381 2216 »
404 2185 451 2219 ut
473 2176 562 2234 ipse
600 2176 802 2220 liberaret
826 2193 847 2219 a
872 2179 1057 2235 peccatis
1075 2213 1084 2229 ‚
1102 2180 1189 2236 jani
1216 2194 1291 2236 per
1325 2188 1462 2222 trans-

78 2248 336 2304 gressionem
358 2247 480 2303 Legis
503 2256 674 2290 coactos
695 2249 891 2291 confiteri
911 2284 920 2300 ,
942 2263 1051 2307 opus
1074 2249 1154 2290 sibi
1175 2264 1263 2292 esse
1285 2251 1461 2305 gratiani

78 2324 121 2358 et
153 2315 488 2359 miscricordiam
520 2317 716 2371 Domini,
740 2326 788 2361 ut
810 2317 888 2360 sibi
911 2327 1085 2376 peccata
1117 2318 1462 2370 dimitterentur,

79 2394 122 2428 et
151 2385 193 2427 in
218 2400 326 2429 nova
350 2386 435 2429 vita
457 2401 533 2444 per
553 2402 652 2430 eum
673 2422 681 2435 ‚
713 2388 787 2447 qui
807 2403 884 2446 pro
902 2403 945 2430 se
969 2388 1224 2446 sanguinem
1267 2390 1461 2437 fudisset,

81 2455 462 2499 reconciliarentur
486 2460 588 2500 Deo.

140 2528 278 2569 XXV.
301 2529 350 2569 ln
373 2526 461 2570 istis
476 2528 590 2571 enim
607 2536 697 2572 erat
717 2544 790 2587 per
811 2529 1184 2586 transgressionem
1212 2531 1333 2587 Legis
1357 2546 1461 2572 con-

84 2596 309 2654 fringenda
344 2599 540 2656 superbia
556 2633 566 2648 ,
603 2599 677 2658 qui
712 2599 940 2656 gloriantes
980 2600 1034 2643 de
1068 2610 1188 2658 part(¹
1219 2601 1432 2644 Abraham
1447 2636 1456 2645 ,
