1867 3320
324 268 646 300 rnorosrnonns
677 267 734 297 Ex
766 267 964 297 EPISTOLA
996 266 1052 297 An
1084 267 1297 299 noMANos.
1445 260 1499 300 43

117 336 340 393 mundis1‚
362 352 452 381 non
473 352 517 381 se
534 336 694 381 debere
715 335 925 380 insultare
945 336 1029 391 his,
1053 336 1087 380 si
1109 337 1187 395 qui
1208 337 1321 381 torte
1343 338 1501 383 infirmi

117 425 167 468 ex
184 407 510 454 circumcisione
531 407 694 452 fuerint
709 442 720 462 ,
747 407 825 466 qui
846 415 1024 466 propter
1057 407 1498 454 communicationem

115 478 334 525 idolorum
351 477 491 522 nullas
511 477 690 522 omnino
713 476 902 521 audeant
921 492 1070 521 carnes
1092 477 1321 536 attingere.

174 550 418 593 LXXXIII.
440 547 565 601 Quod
588 556 732 591 autem
751 546 857 591 dicit
877 566 885 591 :
913 566 932 588 «
952 549 1010 592 Ut
1023 547 1219 591 minister
1241 547 1320 591 sim
1341 548 1501 593 Christi

118 638 139 662 n
173 622 277 664 Jesu
305 618 349 662 in
372 618 587 662 Gentibus
604 653 614 673 ,
651 632 904 662 consecrans
927 618 1215 677 Evangelium
1240 618 1338 673 Dei,
1359 628 1410 663 ut
1426 620 1501 664 fiat

118 708 138 731 »
174 688 338 733 oblatio
372 689 580 733 Gentium
615 688 892 747 acceptabilis
912 724 923 744 ‚
960 689 1227 733 sanctificata
1259 689 1304 732 in
1339 689 1499 748 Spiritu

117 778 137 802 »
172 768 320 804 sancto
334 760 350 783 ²
368 794 379 813 ‚
403 777 422 800 »
443 759 527 803 hoc
549 758 807 817 intelligitur
825 794 834 813 ‚
866 768 917 803 ut
938 759 1179 804 offerantur
1202 761 1361 804 Gentes
1381 763 1471 804 Deo
1487 796 1496 813 ‚

114 841 322 891 tanquam
343 829 608 889 acceptabile
630 830 914 884 sacrificium,
948 845 1048 874 cum
1075 831 1121 874 in
1148 831 1371 875 Christum
1404 847 1500 875 cre-

113 901 264 945 dentes
286 915 363 960 per
385 898 670 959 Evangelium
694 900 1020 945 sanctificantur
1045 920 1053 945 :
1079 902 1190 945 sicut
1219 911 1262 946 et
1301 903 1501 961 superius

113 969 219 1016 dicit
239 990 248 1015 ε
278 990 297 1012 «
327 970 518 1014 Obsecro
546 970 695 1030 itaque
717 986 793 1015 vos
808 1005 819 1025 ‚
843 968 998 1015 fratres
1017 1005 1027 1025 ,
1052 985 1130 1030 per
1163 972 1501 1017 misericordiam

115 1061 136 1084 »
172 1043 269 1098 Dei,
290 1051 340 1086 ut
361 1041 597 1086 exhibeatis
618 1057 799 1101 corpora
818 1052 957 1087 vestra
981 1043 1166 1087 hostiam
1190 1044 1350 1099 vivam,
1374 1059 1501 1088 sanc-

114 1130 135 1154 »
170 1121 282 1168 tam,
307 1115 397 1157 Deo
419 1111 662 1171 placentem
679 1114 709 1156 3.
734 1131 753 1153 »

171 1185 412 1227 LXXXIV.
434 1184 559 1236 Quod
581 1192 727 1227 autem
747 1183 806 1227 ait
826 1203 834 1228 :
865 1202 885 1225 «
909 1184 1103 1229 Obsecro
1129 1200 1227 1239 vos,
1252 1184 1427 1240 fratres,
1453 1194 1502 1229 ut

114 1272 134 1295 »
170 1252 404 1298 intendatis
434 1255 479 1297 in
497 1269 568 1298 eos
585 1289 596 1305 ,
622 1254 698 1313 qui
720 1253 1005 1298 dissensiones
1024 1264 1067 1299 et
1089 1256 1291 1300 seandala
1308 1291 1318 1310 ,
1346 1265 1502 1314 praeter

113 1343 135 1366 »
171 1325 413 1369 doctrinam
433 1341 565 1384 quam
588 1341 664 1369 vos
686 1325 915 1380 didicistis,
939 1324 1135 1370 faciunt‘*
1153 1362 1164 1381 ,
1189 1345 1209 1367 »
1227 1327 1281 1370 de
1298 1327 1363 1370 his
1380 1326 1503 1370 intel-

111 1395 262 1454 ligitur
285 1395 450 1449 dicere,
485 1396 540 1438 de
562 1395 723 1454 quibus
738 1404 789 1439 ret
813 1395 868 1439 ad
901 1396 1175 1441 Timotheum
1211 1397 1403 1456 scripsit,
1431 1398 1501 1440 di-

111 1480 211 1510 cens
237 1485 246 1509 :
275 1482 295 1506 «
321 1465 441 1509 Sicut
471 1465 619 1524 rogavi
639 1474 681 1508 te
700 1500 710 1519 ,
736 1474 785 1508 ut
808 1465 1039 1509 sustineres
1055 1467 1244 1526 Ephesi,
1269 1482 1367 1511 cum
1394 1467 1500 1511 irem

113 1554 134 1577 »
169 1536 214 1579 in
247 1535 547 1580 Macedoniam
566 1570 581 1589 ,
610 1544 660 1579 ut
682 1534 960 1579 denuntiares
996 1536 1259 1596 quibusdam
1296 1552 1350 1581 ne
1379 1537 1502 1582 aliter

114 1626 134 1649 υ
170 1606 404 1662 docerent,
430 1622 572 1667 neque
600 1605 877 1651 intenderent
902 1606 1061 1651 sabulis
1083 1617 1126 1652 et
1161 1608 1422 1668 genealogiis
1439 1610 1502 1653 in-

114 1697 134 1720 »
171 1679 409 1723 terminatis
427 1714 437 1733 ,
459 1694 558 1738 quae
587 1679 847 1738 quaestiones
871 1679 1005 1737 magis
1021 1688 1230 1738 praestant
1251 1695 1382 1739 quam
1400 1679 1502 1724 aedi-

114 1767 134 1790 »
170 1749 415 1793 ficationem
434 1749 527 1802 Dei,
544 1765 642 1808 quae
665 1758 729 1792 est
750 1749 792 1791 in
813 1748 898 1792 fide
913 1751 926 1774 ⁵
951 1769 959 1793 ;
982 1768 1000 1790 »
1020 1759 1062 1793 et
1085 1749 1139 1794 ad
1160 1751 1326 1795 Titum:
1352 1770 1371 1792 «
1391 1753 1501 1796 Sunt

115 1838 134 1861 »
169 1821 284 1864 enim
303 1819 431 1864 multi
447 1835 534 1864 non
553 1820 734 1874 subditi,
754 1819 976 1880 vaniloqui
995 1830 1038 1864 et
1056 1821 1211 1865 mentis
1234 1821 1496 1877 seductores,

113 1909 134 1933 »
170 1892 245 1951 qui
263 1891 446 1934 maxime
463 1906 513 1934 ex
534 1891 861 1935 circumcisione
883 1901 1000 1946 sunt,
1016 1907 1124 1951 quos
1148 1902 1320 1951 oportet
1342 1894 1497 1949 refelli,

113 1980 134 2003 »
169 1963 246 2022 qui
273 1963 492 2006 universas
529 1963 682 2007 domos
714 1963 976 2007 subvertunt
995 1998 1006 2017 ‚
1045 1962 1250 2008 docentes
1272 1981 1370 2024 quae
1411 1982 1499 2010 non

114 2051 134 2074 »
170 2042 368 2091 oportet,
404 2034 541 2092 turpis
569 2033 679 2077 lucri
704 2034 841 2092 gratia
857 2037 872 2057 ‘⁵
902 2053 909 2078 z
944 2052 964 2074 »
990 2032 1098 2077 dixit
1118 2034 1297 2094 quidam
1321 2051 1371 2079 ex
1399 2038 1499 2096 ipsis

110 2103 309 2162 proprius
336 2118 486 2147 eorum
524 2105 738 2162 Propheta
757 2139 767 2159 ‚
796 2106 1021 2148 Cretenses
1049 2120 1217 2164 semper
1240 2106 1468 2151 mendaces
1485 2142 1496 2162 ‚

111 2174 236 2218 malae
263 2174 428 2227 bestiae,
446 2184 617 2218 ventres
633 2175 759 2234 pigri.
778 2175 846 2219 Ad
863 2175 947 2219 hoc
970 2176 1084 2218 enim
1110 2174 1294 2219 refertur
1317 2177 1437 2236 quod
1457 2187 1498 2221 ot

110 2245 180 2289 hic
203 2244 260 2288 ait
282 2263 289 2288 :
320 2263 338 2286 «
366 2245 419 2287 lli
438 2246 553 2287 enim
573 2246 746 2290 Christo
770 2246 955 2290 Domino
978 2262 1064 2289 non
1089 2247 1297 2302 serviunt,
1323 2247 1397 2291 sed
1416 2263 1494 2292 suo

114 2333 133 2356 »
168 2315 307 2360 ventri
326 2317 340 2341 ⁷
366 2335 374 2359 :
407 2334 424 2354 n
459 2319 518 2359 De
541 2317 700 2376 quibus
721 2316 804 2361 alio
829 2316 925 2361 loco
947 2316 1052 2360 dicit
1077 2336 1084 2361 :
1115 2337 1134 2359 «
1160 2320 1359 2370 Quorum
1385 2322 1496 2363 Deus

113 2403 133 2427 »
168 2395 319 2429 venter
343 2388 447 2430 est⁸.
473 2404 491 2426 »

158 2491 165 2505 ¹
183 2484 244 2515 Til..
269 2495 290 2523 ι,
316 2486 363 2515 15.
384 2501 422 2506 —-
444 2491 455 2506 ²
473 2486 563 2516 Rom.
581 2495 635 2524 xv,
661 2482 929 2521 i(3.—-1³t‹t.xn‚
953 2496 1024 2516 1.—
1046 2484 1116 2516 ·’·ΙιΙ.
1140 2497 1203 2523 xvi,
1230 2497 1331 2527 17.—
1355 2485 1367 2507 f»
1388 2499 1394 2518 ι
1412 2487 1492 2518 'ri-n.

109 2550 133 2578 ι,
150 2548 183 2580 ’1,
207 2540 236 2572 3.
259 2556 300 2562 —
317 2539 410 2572 12'1'51.
429 2552 452 2581 1,
477 2552 528 2581 ιιι,
550 2544 612 2572 etcv
637 2543 813 2572 -71ἱοιιι,
838 2552 902 2579 xvi,
932 2545 980 2572 1⁸.
999 2557 1036 2562 —
1061 2540 1074 2560 κ
1101 2541 1211 2582 Philip.
1233 2553 1280 2579 ιιι,
1310 2551 1357 2583 ¹9⁴

720 2626 898 2642 Quo-
907 2632 914 2635 —
