1867 3320
382 230 522 258 senno
555 231 679 267 xxxi,
715 233 767 258 1)ss
801 234 945 260 VERMS
977 234 1125 264 psum
1157 242 1282 267 cxxv.
1438 233 1517 272 429

147 293 340 347 bonum,
366 292 547 337 hilarem
570 296 693 338 esse?
712 297 776 338 Ita
797 294 924 354 plane
943 297 1168 344 hilarescit.
1195 303 1383 349 Hilarem
1405 308 1518 351 enim

144 363 343 407 datorem
364 362 507 421 diligit
527 366 683 408 Deus¹.
701 365 885 418 Quando
905 381 1006 425 ergo
1018 368 1187 427 plorat?
1205 374 1386 425 Quando
1406 377 1521 421 bona

144 442 275 494 opera
298 449 375 478 sua
402 433 567 479 orando
598 436 891 481 commendat.
924 439 1147 484 Orationes
1179 453 1422 490 sanctorum
1443 463 1520 492 vo-

143 504 227 549 luit
263 504 569 550 commendare
604 505 799 550 Psalmus
816 541 827 561 ,
869 508 1086 554 orationes
1128 513 1488 570 peregrinantium
1507 553 1517 571 ,

143 575 360 620 orationes
395 575 441 619 in
475 576 557 619 hac
579 575 648 619 via
675 575 970 621 laborantium
985 613 996 633 ,
1023 579 1234 624 orationes
1256 586 1487 629 amantium
1508 622 1518 640 ,

141 645 355 690 orationes
375 645 666 704 gementium,
693 646 906 690 orationes
929 656 1104 692 aeternae
1125 650 1277 708 patriae
1306 655 1522 711 suspiran-

142 716 274 771 tium,
308 715 448 759 donec
470 730 520 759 ea
540 716 628 760 visa
654 715 863 759 satientur
893 717 970 777 qui
999 734 1116 763 nunc
1138 720 1183 763 in
1217 736 1401 765 moerore
1425 734 1525 768 sunt

140 786 379 831 constituti.
417 786 594 829 Etenim
610 820 621 841 ,
644 784 796 830 fratres
820 787 903 830 mei
919 823 930 843 ‚
962 789 1157 848 quandiu
1185 806 1331 836 sumus
1354 792 1399 835 in
1431 809 1524 837 cor-

142 871 273 915 pore,
311 855 639 915 peregrinamur
662 871 685 899 a
708 857 893 901 Domino
908 860 939 900 ².
966 861 1063 903 Non
1100 859 1316 905 desiderat
1345 864 1523 921 patriam

142 925 427 985 peregrinatio
449 926 541 970 sine
566 925 772 983 lacryma.
802 927 845 971 Si
873 926 1088 972 desideras
1109 930 1230 989 quod
1253 946 1341 976 non
1363 931 1494 976 habes
1511 968 1520 986 ,

139 996 278 1042 funde
297 996 525 1054 lacrymas.
551 999 661 1042 Nam
695 998 814 1041 unde
846 997 1040 1042 dicturus
1075 1015 1117 1043 es
1141 1004 1229 1044 Deo
1255 1020 1262 1045 :
1293 1021 1311 1042 «
1343 1004 1524 1046 Posuisti

142 1086 165 1110 n
199 1067 412 1125 lacrymas
433 1082 548 1112 meas
573 1068 618 1111 in
643 1076 880 1126 conspectu
901 1077 979 1112 tuo
994 1070 1042 1110 3?
1076 1087 1095 1109 »
1123 1070 1247 1113 Unde
1270 1070 1462 1115 dicturus
1484 1088 1526 1116 es

143 1141 252 1182 Deo:
270 1141 440 1182 «Factae
455 1147 555 1182 sunt
567 1137 674 1181 mihi
685 1137 893 1194 lacrymae
908 1153 1015 1181 meae
1030 1139 1153 1197 panis
1165 1139 1234 1183 die
1252 1156 1299 1184 ac
1313 1150 1439 1186 nocte
1450 1145 1462 1166 ⁴
1475 1144 1491 1185 Ρ
1504 1161 1522 1182 »

145 1210 270 1254 Panis
290 1209 399 1253 mihi
417 1208 542 1254 factae
564 1218 666 1253 sunt
692 1228 700 1252 ε
726 1208 959 1266 consolatae
981 1218 1082 1253 sunt
1100 1220 1344 1268 gementem
1361 1247 1371 1266 ,
1397 1228 1526 1272 pave-

148 1289 252 1324 runt
276 1279 550 1323 esurientem.
575 1298 594 1321 «
624 1282 769 1324 Factae
790 1288 892 1323 sunt
919 1280 1024 1322 mihi
1054 1279 1256 1337 lacrymae
1279 1297 1384 1325 meze
1405 1284 1526 1341 panis

145 1369 166 1392 »
201 1350 272 1395 die
296 1366 345 1395 ac
365 1360 508 1395 nocte.
530 1369 548 1392 »
576 1349 735 1395 Unde?
764 1353 875 1394 Dum
899 1350 1183 1395 dicitur‘mihi
1205 1352 1421 1411 quotidie,
1445 1354 1525 1397 Ubi

144 1430 208 1465 est
229 1425 344 1465 Deus
366 1421 614 1473 tuus?Quis
629 1422 772 1481 justus
788 1436 877 1464 non
899 1421 1053 1465 habuit
1074 1422 1172 1465 istas
1188 1421 1396 1478 lacrymas
1411 1426 1427 1466 ζ’
1443 1425 1525 1475 Qui

142 1506 233 1536 non
256 1491 424 1545 habuit,
441 1491 719 1549 peregrinum
741 1505 786 1534 se
803 1505 892 1534 esse
909 1506 998 1534 non
1021 1489 1173 1535 doluit.
1196 1494 1291 1544 Qua
1312 1492 1454 1536 fronte
1472 1494 1525 1535 ad

142 1562 325 1622 patriam
347 1561 482 1616 venit,
498 1561 575 1621 qui
593 1577 683 1606 non
705 1561 858 1605 absens
880 1561 1137 1620 suspiravit?
1159 1564 1311 1606 Nonne
1333 1562 1525 1622 quotidie

142 1632 268 1676 nobis
300 1631 460 1675 dicitur
491 1650 499 1674 z
528 1630 613 1675 Ubi
635 1639 700 1675 est
732 1634 844 1674 Deus
870 1633 1005 1674 tuus?
1032 1631 1213 1685 Discite,
1241 1630 1390 1675 fratres
1415 1632 1521 1685 mei,

143 1702 291 1746 discite
317 1701 372 1745 de
406 1701 554 1760 paucis
585 1715 690 1744 esse.
722 1703 839 1744 Bene
860 1700 990 1743 vivite
1006 1735 1016 1754 ,
1041 1700 1261 1744 ambulate
1283 1701 1394 1743 viam
1419 1702 1492 1744 Dei
1513 1719 1522 1751 3

145 1781 188 1817 et
208 1771 352 1817 videte
373 1770 475 1831 quia
505 1769 684 1824 auditis,
713 1770 797 1813 Ubi
819 1778 882 1813 est
903 1772 1017 1813 Deus
1040 1778 1139 1812 tuus
1157 1772 1174 1812 P
1204 1769 1363 1813 Felices
1384 1771 1497 1814 eritis
1512 1806 1521 1823 ,

144 1857 244 1887 cum
264 1842 349 1886 hoc
378 1840 598 1885 audieritis
620 1861 630 1896 3
670 1838 884 1893 infelices,
908 1839 943 1882 si
973 1838 1179 1882 dixeritis
1206 1838 1390 1892 Quando
1412 1841 1524 1883 enim

143 1911 418 1957 defendimus
453 1909 586 1954 fidem
618 1909 899 1954 christianam
918 1944 928 1964 ,
972 1918 1015 1953 et
1054 1908 1337 1968 respondetur
1367 1911 1520 1954 nobis:

144 1987 256 2028 Ecce
279 1982 541 2043 praedicatur
563 1981 727 2041 ubique
756 1995 918 2025 nomen
939 1980 1121 2035 Christi,
1147 1996 1278 2040 quare
1299 1980 1524 2024 abundant

142 2054 286 2099 mala?
317 2053 426 2113 quid
453 2052 572 2096 aliud
599 2051 760 2096 dicitur
777 2086 788 2105 ‚
814 2051 917 2106 nisi,
947 2050 1027 2094 Ubi
1058 2060 1121 2095 est
1154 2054 1263 2094 Deus
1290 2060 1386 2094 tuus
1402 2056 1418 2091 Ὺ
1442 2051 1520 2104 Qui

143 2125 293 2178 audit,
320 2123 453 2181 gemit
475 2142 483 2167 :
509 2123 610 2182 quia
633 2121 709 2181 qui
733 2120 859 2175 dicit,
885 2121 1011 2180 perit.

201 2196 278 2238 VI.
308 2195 418 2239 Sunt
439 2192 643 2250 lacrymae
665 2192 838 2251 piorum
858 2226 868 2245 ,
894 2200 995 2234 sunt
1022 2190 1221 2246 lacrymae
1244 2199 1486 2234 sanctoruni
1507 2227 1517 2243 ,

143 2280 250 2326 quas
278 2264 474 2308 indicant
495 2263 712 2308 orationes
739 2277 906 2307 eorum.
935 2264 1050 2304 Bene
1067 2269 1289 2318 operatur,
1315 2269 1357 2303 et
1380 2261 1520 2303 hilaris

143 2345 207 2381 est
228 2355 236 2380 :
262 2344 305 2379 et
321 2333 464 2394 plorat
489 2343 538 2378 ut
566 2333 678 2376 bene
701 2341 905 2392 operetur
930 2350 937 2374 :
963 2330 1100 2389 plorat
1117 2330 1217 2389 quia
1238 2330 1344 2374 bene
1367 2347 1518 2389 opora-

146 2416 213 2451 tus
230 2415 308 2450 est.
334 2404 551 2450 Plorando
573 2404 703 2462 exigit
727 2404 891 2447 bonum
915 2416 1022 2459 opus
1039 2435 1049 2453 ,
1076 2399 1284 2458 plorando
1308 2416 1520 2443 commvn-

143 2477 219 2522 dat
248 2477 414 2522 bonum
438 2491 548 2535 opus
579 2474 700 2535 quod
737 2473 854 2517 fecit.
881 2471 1052 2515 Crebroe
1074 2484 1174 2528 ergo
1201 2481 1299 2514 sunt
1322 2469 1520 2526 lacryma·

193 2568 199 2584 ¹
222 2570 242 2594 2
260 2563 331 2594 Cor.
351 2571 395 2603 ix,
413 2561 446 2593 6.
467 2577 507 2584 —
529 2566 540 2582 ²
561 2560 606 2592 ld.
631 2570 664 2600 v,
689 2555 907 2591 (i.-—31‘s.11.
930 2566 1093 2596 tv,3).—
1109 2553 1124 2582 4
1141 2555 1183 2587 ld.
1207 2555 1307 2595 ¹²¹2}-
