1924 3309
404 288 488 328 ⁵24
843 299 875 327 s.
910 296 1140 328 Aususwtm
1173 302 1355 330 muscum

399 368 512 409 Ecce
530 365 674 408 statim
691 364 861 408 veniam
882 365 1010 424 petit,
1035 365 1250 422 ignovisti,
1283 367 1392 410 nihil
1415 367 1605 410 amisisti.
1633 367 1788 412 Chari-

403 444 488 479 tate
513 433 697 494 amplior
721 434 900 479 domum
923 433 1085 478 redisti.
1111 433 1229 478 Illud
1250 435 1370 480 aliud
1393 451 1527 494 genus
1551 436 1790 494 eleemosy-

399 522 576 561 narum,
599 506 676 550 ubi
687 506 896 566 jubemur
910 520 1088 564 erogare
1105 505 1278 564 indigen
1287 507 1420 562 tibus,
1439 523 1566 566 grave
1587 506 1760 552 videtur
1777 526 1785 552 :

400 578 501 637 quia
524 578 645 637 quod
670 578 853 637 quisque
878 576 1069 630 dederit,
1109 577 1192 621 hoc
1228 578 1372 637 ipsum
1404 576 1524 638 quod
1547 577 1670 622 dabit
1701 593 1790 622 non

402 649 600 693 habebit.

461 722 519 763 ΙΙ.
546 717 761 778 Equidem
796 726 839 760 et
874 717 976 760 hinc
998 731 1170 761 securos
1198 732 1276 761 nos
1302 718 1406 761 facit
1428 717 1685 776 Apostolus,
1716 719 1792 778 qui

403 789 509 832 dixit
534 808 542 832 ;
574 808 592 829 «
617 791 750 832 Prout
779 787 965 846 quisque
987 787 1141 841 habet,
1174 802 1260 830 non
1295 796 1342 830 ut
1373 787 1463 831 aliis
1496 788 1550 831 sit
1582 787 1788 843 refectio,

405 878 425 899 »
461 859 583 903 vobis
625 857 863 916 angustia¹.
907 876 926 898 »
964 858 1168 901 Metiatur
1201 873 1304 916 ergo
1340 858 1645 918 unusquisque
1681 859 1794 903 vires

402 943 497 971 suas
513 963 523 982 ,
550 943 639 971 non
662 926 950 970 thesaurizare
979 927 1176 971 attendat
1200 927 1245 970 in
1269 936 1383 971 terra
1408 947 1417 972 ε
1454 928 1545 982 det,
1567 943 1656 972 non
1680 928 1793 987 perit

402 997 522 1058 quod
542 997 632 1042 dat.
653 1000 750 1042 Non
772 997 871 1041 dico
893 1016 902 1041 z
925 1000 1018 1041 Hoc
1036 1013 1124 1041 non
1143 998 1373 1056 perit3sed
1385 997 1482 1041 dico
1503 1017 1512 1042 :
1538 1001 1631 1042 Hoc
1654 997 1795 1042 solum

402 1084 493 1113 non
517 1069 643 1128 perit.
676 1067 768 1112 Alia
790 1083 894 1112 vero
921 1084 1021 1127 quae
1043 1084 1131 1112 non
1153 1067 1345 1122 dederis,
1371 1077 1414 1111 et
1442 1067 1672 1112 abundant
1691 1068 1791 1122 tibi,

403 1149 478 1182 aut
499 1154 597 1182 cum
620 1138 726 1182 vivis
750 1138 908 1180 amittis
924 1173 934 1191 ,
961 1146 1035 1180 aut
1057 1151 1157 1180 cum
1182 1137 1362 1180 moreris
1379 1135 1575 1180 dimittis.
1599 1136 1790 1191 Deinde,

403 1208 555 1251 fratres
570 1208 676 1260 mei,
710 1216 830 1250 tanta
850 1206 1074 1264 promissio
1095 1220 1185 1265 quo
1217 1221 1295 1248 nos
1315 1206 1540 1259 hortetur,
1559 1206 1791 1250 attendite:

406 1298 426 1320 «
451 1277 688 1330 Dimittite,
708 1277 870 1335 inquit,
896 1285 939 1320 et
960 1276 1205 1319 dimittetur
1227 1276 1375 1332 vobis,
1402 1275 1523 1331 date,
1551 1285 1594 1320 et
1619 1276 1797 1320 dabitur

405 1367 425 1389 »
443 1348 581 1391 vobis.
598 1346 930 1399 »Quandodicit
956 1366 963 1390 :
989 1366 1009 1387 a
1031 1349 1138 1390 Date
1151 1356 1194 1389 et
1207 1345 1386 1389 dabitur
1407 1346 1548 1401 vobis,
1573 1365 1593 1387 »
1620 1346 1796 1390 attende

401 1419 471 1462 cui
514 1417 644 1460 dicat.
673 1417 848 1460 Homini
882 1416 986 1460 dicit
1010 1419 1145 1470 Deus,
1176 1415 1347 1459 mortali
1373 1414 1477 1459 dicit
1502 1416 1764 1459 Immortalis
1783 1451 1793 1471 ,

402 1487 602 1532 mendico
625 1487 732 1531 dicit
754 1496 901 1530 tantus
919 1485 1243 1545 paterfamilias.
1265 1488 1417 1545 Neque
1438 1485 1555 1545 enim
1572 1486 1656 1529 hoc
1679 1500 1797 1529 revo-

402 1568 575 1602 caturus
605 1568 668 1602 est
705 1556 826 1617 quod
857 1556 1072 1601 dedimus.
1095 1556 1345 1600 Invenimus
1363 1571 1496 1616 quem
1515 1556 1793 1600 foeneremus.

402 1632 562 1672 Demus
591 1629 637 1672 in
664 1643 863 1681 usuram,
902 1627 977 1670 sed
1000 1630 1114 1681 Deo,
1147 1641 1236 1670 non
1262 1625 1446 1670 homini.
1474 1626 1526 1669 Ei
1548 1625 1702 1669 damus
1723 1626 1799 1685 qui

403 1700 614 1753 abundat,
639 1701 676 1742 ei
704 1700 858 1743 damus
880 1698 956 1757 qui
975 1697 1098 1740 dedit
1114 1697 1235 1756 quod
1256 1696 1424 1740 damus.
1444 1698 1501 1739 Et
1518 1711 1597 1754 pro
1619 1695 1799 1741 modicis

402 1771 553 1824 rebus,
572 1785 650 1829 pro
674 1768 860 1821 frivolis,
883 1782 962 1825 pro
989 1766 1264 1818 mortalibus,
1292 1781 1371 1823 pro
1395 1765 1695 1823 putribilibus,
1720 1781 1800 1824 pro

406 1840 600 1894 terrenis,
617 1848 800 1891 aeterna,
824 1835 1168 1894 incorruptibilia
1185 1870 1196 1889 ,
1215 1835 1304 1878 sine
1322 1836 1408 1879 fine
1424 1835 1644 1879 manentia
1667 1835 1799 1896 :quid

403 1908 541 1953 multa
561 1909 759 1952 dicturus
785 1908 906 1949 sum?
930 1921 974 1948 se
994 1905 1230 1963 promittit,
1257 1905 1334 1963 qui
1357 1904 1587 1962 promittit.
1619 1904 1661 1948 Si
1684 1919 1799 1947 amas

403 1980 550 2032 illum,
573 1993 667 2020 eme
689 1976 813 2019 illum
836 1976 890 2019 ab
918 1975 1009 2018 illo.
1034 1977 1090 2018 Et
1112 1984 1161 2017 ut
1184 1974 1353 2017 noveris
1375 1982 1416 2017 te
1439 1974 1519 2032 ipsi
1541 1973 1669 2028 dare,
1696 1973 1799 2017 audi

404 2050 526 2093 illum
549 2049 767 2092 dicentem
797 2066 805 2091 :
836 2066 855 2087 «
876 2044 1068 2098 Esurivi,
1096 2053 1138 2087 et
1166 2043 1344 2087 dedistis
1372 2043 1479 2086 mihi
1505 2042 1792 2100 manducare3

406 2139 426 2161 »
462 2118 595 2171 sitivi,
619 2126 662 2160 et
679 2115 857 2160 dedistis
883 2114 988 2157 mihi
1012 2122 1186 2172 potum3
1212 2114 1367 2171 hospes
1384 2110 1465 2166 fui,
1490 2120 1533 2155 et
1550 2112 1796 2171 suscepistis

406 2210 426 2232 »
464 2206 548 2244 me,
573 2187 717 2232 nudus
737 2186 814 2240 fui,
836 2196 879 2229 et
893 2185 1074 2228 vestistis
1092 2199 1176 2240 mc,
1194 2199 1324 2241 aeger,
1340 2183 1538 2227 visitastis
1553 2198 1638 2239 me,
1652 2183 1797 2227 inclu-

409 2281 427 2303 »
464 2276 550 2311 sus,
564 2258 738 2303 venistis
754 2256 807 2300 ad
822 2271 905 2299 me.
928 2274 947 2295 »
963 2258 1018 2298 Et
1034 2255 1179 2297 dicent
1197 2253 1257 2297 illi
1280 2273 1288 2298 :
1309 2273 1327 2294 «
1345 2253 1531 2306 Quando
1553 2261 1596 2296 te
1612 2252 1800 2298 vidimus

408 2351 428 2373 »
464 2332 508 2374 in
520 2330 586 2373 his
602 2327 927 2372 necessitatibus
939 2326 1243 2376 constitutum,
1259 2323 1644 2368 etministravimus
1661 2323 1765 2366 tibi?
1777 2342 1796 2364 »

406 2404 463 2444 Et
490 2399 563 2442 ille
597 2418 605 2442 ε
627 2418 644 2438 «
675 2396 858 2449 Quando
876 2396 951 2439 uni
974 2411 1025 2438 ex
1055 2394 1241 2437 minimis
1265 2394 1370 2436 meis
1392 2393 1568 2447 fecistis,
1602 2392 1708 2435 mihi
1732 2390 1799 2435 fe-

410 2489 429 2511 »
466 2469 622 2512 cistis2.
650 2485 669 2507 »
700 2469 779 2509 Dat
804 2464 857 2508 de
885 2464 1019 2519 coelo,
1049 2463 1214 2521 accepit
1248 2463 1293 2505 in
1315 2472 1443 2506 terra.
1470 2465 1566 2521 Ipse
1587 2462 1688 2515 dat,
1708 2461 1800 2519 ipse

409 2539 579 2597 accipit.
603 2537 731 2590 Quasi
750 2535 896 2580 foenus
917 2533 1189 2593 trajectitium
1212 2531 1326 2576 facis.
1340 2534 1420 2575 Hic
1435 2530 1525 2583 das,
1543 2531 1601 2573 ibi
1622 2530 1794 2588 recipis:

460 2634 464 2645 ¹
496 2636 513 2653 ν.
533 2626 602 2654 Cor.
640 2634 706 2662 viu,
743 2623 791 2652 ι’ὶ.
811 2638 836 2643 v
855 2628 866 2642 '¹
890 2619 1007 2651 Manli.
1035 2630 1109 2655 xvv⁷
1132 2619 1184 2652 35,
1202 2623 1263 2649 erc.
