1924 3309
472 300 559 340 306
914 307 947 337 s.
983 308 1214 337 ,mensum
1238 309 1421 340 Eiuscom

472 389 563 419 non
582 373 643 418 ibi
663 387 753 417 esse
774 373 865 417 sine
887 388 1016 417 causa
1038 372 1207 432 paleam
1224 407 1234 427 ,
1255 373 1333 417 ubi
1350 389 1504 418 aurum
1528 382 1754 433 purgatur.
1792 374 1868 417 Vi-

471 443 651 489 deamus
667 459 767 504 quae
783 443 846 488 ibi
867 444 953 488 sint
976 443 1122 488 omnia
1142 462 1150 486 :
1177 441 1331 487 fornax
1353 453 1416 488 est
1433 479 1444 499 ,
1468 443 1591 503 palea
1608 452 1687 499 est,
1713 458 1868 488 aurum
1898 462 1900 486 ε

471 524 558 572 est,
582 515 691 574 ignis
710 524 796 571 est,
822 514 975 560 artifex
995 523 1085 558 cst:
1108 513 1185 558 sed
1204 513 1278 558 illa
1297 514 1378 560 tria
1396 549 1407 570 ,
1442 530 1598 559 aurum
1613 550 1623 570 ,
1644 513 1785 574 palea,
1808 515 1870 573 ig-

473 587 555 643 nis,
575 587 620 631 in
640 586 817 632 fornace
839 607 850 645 3
876 584 1052 641 artifex,
1085 584 1142 629 ad
1162 584 1400 630 fornacem.
1447 586 1636 631 Attende
1661 586 1792 630 etiam
1811 585 1870 630 is-

443 676 450 682 ·
470 665 564 701 tum
586 656 804 702 mundum
830 676 838 701 :
864 655 1056 701 mundus
1072 655 1229 701 fornax
1249 665 1313 700 est
1326 673 1337 708 ;
1351 655 1493 716 palea,
1513 655 1714 700 homines
1735 654 1867 714 mali,

450 742 649 783 -aurum,
691 728 891 772 homines
913 726 1021 771 boni
1046 747 1057 785 3
1081 727 1193 786 ignis
1211 761 1222 783 ,
1248 726 1473 772 tribulatio
1498 747 1509 783 3
1533 725 1709 782 artifex,
1734 729 1866 770 Deus.
1900 755 1901 758 =

472 798 663 843 Attende
678 807 722 842 et
732 797 827 842 vide
840 816 848 842 ε
863 813 1019 842 aurum
1036 813 1126 843 non
1143 807 1374 858 purgatur,
1394 798 1427 842 si
1438 797 1561 857 palea
1583 812 1674 842 non
1695 805 1864 841 uratur.

471 868 583 913 Vide
596 884 752 913 aurum
763 868 810 912 in
825 869 908 913 hoc
921 868 1015 928 ipso
1029 868 1217 925 Psalmo,
1238 869 1316 913 ubi
1331 868 1552 928 diligimus
1570 867 1773 912 decorem
1791 866 1866 912 do-

470 953 566 983 mus
587 939 678 993 Dei,
703 947 746 982 et
767 937 915 982 locum
938 938 1208 984 tabernaculi
1226 938 1432 984 claritatis
1449 940 1555 998 ejus.
1584 936 1695 982 Vide
1718 937 1780 981 ibi
1797 952 1868 982 au-

471 1024 568 1052 rum
584 1044 595 1064 ,
623 1008 723 1054 vide
749 1024 899 1054 vocem
920 1009 1012 1053 auri
1037 1029 1048 1066 3
1080 1011 1256 1069 purgari
1278 1009 1403 1069 cupit
1429 1028 1438 1054 ε
1475 1027 1494 1051 α
1520 1008 1663 1053 Proba
1686 1023 1755 1052 me
1776 1011 1868 1052 Do-
1900 1035 1903 1038 >

473 1095 495 1119 »
528 1080 660 1135 mine,
681 1088 724 1123 et
745 1087 865 1123 tenta
883 1094 972 1135 me,
990 1093 1068 1123 ure
1086 1094 1208 1124 renes
1230 1094 1350 1125 meos
1364 1088 1408 1125 et
1429 1094 1503 1124 cor
1524 1093 1690 1124 meum.
1723 1077 1869 1122 Proba
1900 1107 1903 1120 2

472 1166 493 1189 »
529 1163 615 1207 me,
653 1167 674 1191 »
708 1150 873 1209 inquit,
911 1169 932 1192 «
966 1150 1150 1194 Domine
1172 1159 1216 1194 et
1237 1159 1359 1195 tenta
1382 1152 1496 1194 me¹.
1536 1167 1556 1191 »
1593 1150 1679 1202 Qui
1715 1148 1870 1193 timere
1902 1180 1903 1185 ,

469 1216 623 1262 debuit
643 1219 954 1274 tentationem,
999 1220 1109 1278 petit
1130 1221 1433 1264 tentationem.
1481 1238 1502 1261 «
1538 1218 1680 1262 Proba
1701 1233 1772 1261 me
1789 1252 1800 1273 ,
1845 1235 1866 1259 »
1902 1245 1903 1250 ,

470 1287 630 1348 inquit,
657 1306 676 1329 «
711 1287 920 1343 Domine,
946 1297 990 1332 et
1006 1297 1127 1333 tenta
1148 1291 1266 1334 me¹.
1303 1307 1324 1331 »
1359 1292 1416 1334 Et
1437 1288 1538 1334 vide
1566 1288 1704 1332 sinon
1724 1288 1871 1347 ignem

471 1358 653 1417 quaerit:
693 1377 714 1401 «
749 1358 892 1403 Proba
912 1373 999 1414 me,
1024 1368 1068 1403 et
1086 1368 1205 1404 tenta
1225 1375 1296 1404 me
1312 1395 1322 1415 ,
1343 1375 1422 1404 ure
1438 1375 1561 1404 renes
1583 1374 1704 1404 meos
1726 1367 1770 1403 et
1796 1373 1870 1403 cor

475 1444 497 1468 »
531 1442 694 1472 meum.
733 1446 754 1470 »
788 1430 885 1474 Non
902 1429 1026 1473 times
1049 1444 1105 1473 ne
1121 1429 1167 1473 in
1182 1430 1283 1489 igne
1302 1430 1502 1475 deficias?
1539 1432 1637 1475 Non
1655 1463 1665 1483 ,
1706 1428 1864 1488 inquit.

473 1498 647 1550 Quare?
673 1516 694 1540 «
728 1498 836 1551 Quia
858 1497 1151 1543 misericordia
1174 1508 1249 1544 tua
1272 1508 1372 1544 ante
1394 1499 1543 1544 oculos
1565 1513 1685 1544 meos
1708 1501 1816 1542 est2.
1845 1515 1865 1539 »

475 1568 604 1622 Ecce,
622 1567 792 1627 inquit,
817 1583 952 1627 quare
973 1583 1149 1613 securus
1166 1569 1282 1626 dico,
1324 1588 1344 1611 «
1381 1569 1523 1613 Proba
1540 1584 1635 1624 me,
1666 1567 1866 1622 Domine,

479 1654 500 1678 »
535 1645 579 1680 et
594 1645 715 1681 tenta
737 1653 831 1693 me,
857 1653 935 1682 ure
954 1653 1077 1683 renes
1094 1654 1213 1684 meos
1235 1648 1279 1683 et
1299 1654 1374 1683 cor
1390 1654 1539 1683 meum
1567 1658 1576 1682 ε
1608 1657 1629 1678 »
1656 1653 1748 1680 non
1768 1637 1870 1696 quia

478 1706 661 1751 idoneus
682 1720 777 1749 sum
792 1707 957 1749 viribus
981 1709 1086 1749 meis
1109 1710 1255 1764 ignem
1272 1708 1483 1750 sustinere
1500 1705 1776 1760 tentationis,
1795 1704 1871 1750 sed

481 1794 502 1818 »
537 1776 640 1835 quia
651 1775 944 1819 misericordia
965 1783 1041 1818 tua
1063 1784 1164 1819 ante
1183 1774 1332 1820 oculos
1347 1790 1466 1820 meos
1489 1784 1570 1820 est.
1595 1793 1615 1817 »
1636 1775 1723 1828 Qui
1737 1774 1866 1830 mihi,

480 1846 624 1906 inquit
641 1880 651 1901 ,
676 1845 847 1890 donasti
864 1854 914 1889 ut
929 1860 1083 1889 aurum
1102 1846 1336 1905 probatum
1350 1861 1484 1891 essem
1501 1881 1512 1902 ,
1538 1846 1584 1890 in
1599 1845 1778 1890 fornace
1800 1859 1870 1889 me

479 1917 619 1976 perire
640 1916 882 1975 permittis?
923 1919 1102 1959 Prorsus
1137 1916 1272 1961 mittis
1294 1916 1596 1976 purgandum,
1632 1916 1749 1976 ejicis
1770 1931 1871 1975 pur-

481 1995 647 2046 gatum.
687 2004 708 2028 (ι
732 1985 961 2031 Custodiat
990 1986 1200 2031 Dominus
1233 1987 1462 2032 introitum
1483 1995 1614 2031 tuum
1635 1995 1680 2031 et
1706 1985 1869 2030 exitum

484 2075 506 2099 »
540 2057 709 2101 tuum3.
735 2055 881 2100 »Vide
902 2055 1045 2114 ipsum
1067 2056 1252 2113 exitum,
1276 2056 1375 2103 vide
1391 2058 1631 2117 ingressum
1654 2057 1701 2100 in
1715 2054 1868 2101 forna-

481 2143 592 2174 cem.
617 2147 636 2170 «
653 2130 793 2172 Omne
815 2125 1024 2186 gaudium
1041 2127 1291 2184 existimate,
1313 2127 1466 2173 fratres
1480 2128 1582 2184 mei,
1599 2142 1701 2172 cum
1709 2127 1756 2170 in
1770 2135 1869 2171 ten-

484 2218 505 2242 »
540 2199 725 2244 tationes
762 2198 898 2243 varias
930 2197 1206 2242 incideritis4.
1241 2217 1262 2241 »
1288 2201 1401 2244 Ecce
1423 2198 1581 2244 audisti
1599 2199 1840 2257 ingressum
1854 2229 1866 2252 ,

482 2285 630 2331 quaere
644 2270 822 2314 exitum.
848 2268 993 2314 Facile
1010 2269 1125 2313 enim
1138 2278 1202 2314 est
1212 2279 1408 2316 intrare
1433 2271 1548 2315 exire
1564 2283 1774 2348 magnum
1787 2275 1866 2312 est.

484 2341 559 2385 sed
580 2340 672 2385 noli
692 2341 872 2385 timere:
900 2359 920 2382 «
945 2339 1106 2384 Fidelis
1119 2342 1248 2385 Deus.
1286 2359 1307 2382 n
1342 2343 1508 2401 Nempe
1530 2341 1633 2401 quia
1654 2341 1869 2399 ingressus
1894 2343 1900 2418 1

485 2411 582 2456 iuer
585 2426 645 2467 as,
665 2410 720 2455 de
737 2411 854 2455 exitu
870 2411 1104 2470 cogitabas.
1127 2429 1147 2453 «
1163 2410 1324 2456 Fidelis
1342 2414 1472 2467 Deus,
1492 2411 1568 2471 qui
1584 2426 1675 2456 non
1690 2425 1764 2456 vos
1777 2422 1869 2469 per-

490 2500 512 2525 »
547 2482 681 2527 mittit
717 2482 875 2527 tentari
910 2497 1040 2542 supra
1078 2481 1122 2526 id
1146 2482 1265 2542 quod
1287 2483 1485 2541 potestis,
1525 2482 1601 2527 sed
1622 2480 1750 2527 faciet
1770 2491 1870 2525 cum
1894 2495 1900 2574 ¹

540 2581 614 2610 Ps
618 2579 655 2611 al
675 2590 752 2621 xxv,
772 2587 803 2612 2.
821 2596 862 2604 -ι-
882 2586 894 2603 ²
914 2579 997 2612 Ibid.
1018 2579 1048 2612 3.
1067 2595 1107 2602 -—
1129 2577 1141 2602 3
1165 2578 1244 2610 Psal.
1262 2589 1330 2620 cxx,
1350 2579 1381 2611 8.
1404 2577 1475 2608 -4
1493 2578 1607 2612 Jacob.
1631 2586 1694 2620 1‚2
1699 2599 1707 2609 .

1895 2623 1899 2710 ἐ

1895 2714 1899 2755 1

1896 2770 1899 2824 ε

1894 2930 1899 3011 ἔ

1893 3033 1898 3150 ἓ

1894 3154 1898 3206 ε
