1867 3320
320 384 460 412 strumo
493 383 597 423 x1v,
632 385 686 412 m:
719 386 852 416 vnnsu
888 373 940 414 14
973 386 1125 417 psum
1156 392 1217 418 lx.
1378 384 1460 422 299

28 486 32 487 ν
85 449 152 494 bis
172 447 480 494 monstrandus
500 458 605 493 erat.
622 451 718 494 Non
741 460 804 495 est
820 450 995 496 inflatus
1018 454 1139 513 quasi
1161 454 1203 497 in
1219 453 1341 500 bonis
1357 473 1462 516 ope·

83 521 204 564 ribus
231 519 345 571 suis2,
369 521 470 579 quia
494 535 659 579 pauper
686 529 776 564 erat
808 521 927 566 dives
958 522 1051 566 iste.
1083 525 1138 566 Et
1157 533 1206 566 ut
1235 525 1338 568 scias
1365 528 1464 586 quia

84 606 172 635 non
196 599 259 634 est
276 590 467 643 inflatus,
490 598 696 650 tanquam
720 592 762 634 in
787 592 910 636 bonis
928 593 1131 652 operibus
1154 594 1260 638 suis:
1281 595 1468 652 (sciebat

83 661 199 705 enim
224 661 324 720 quia
355 660 570 721 quidquid
603 662 812 715 habebat,
840 678 861 706 a
885 666 973 708 Deo
999 663 1188 707 habebat
1210 684 1220 720 3
1251 673 1292 706 et
1314 681 1398 708 non
1423 667 1467 710 in

84 745 129 776 se
147 731 240 790 ipso
258 766 270 786 ‚
295 730 437 775 sedin
463 731 646 776 Domino
665 732 931 789 gloriabatur
951 735 1108 792 :)audi
1135 735 1315 780 Paulum
1342 753 1468 796 apos-

83 800 223 845 tolum
246 819 256 846 ε
285 820 305 842 «
335 801 378 846 Si
406 801 523 845 enim
547 803 765 845 Abraham
794 819 842 846 ex
876 805 1354 866 operibusjustificatus
1381 816 1467 862 est,

86 888 109 913 »
144 871 278 915 habet
300 871 480 930 gloriam
499 907 510 926 ,
535 871 610 915 sed
635 888 721 916 non
740 874 793 916 ad
819 877 955 918 Deum
973 878 1003 919 ¹.
1029 894 1048 916 »

141 943 196 984 V.
224 941 410 995 Videtis,
437 942 538 1002 quia
562 958 661 986 cum
685 943 911 1006 abundent
939 960 1174 1004 pauperes,
1204 955 1321 990 recte
1344 963 1469 1006 quae·

83 1011 219 1055 rimus
239 1027 475 1071 pauperem
498 1032 507 1057 :
534 1012 579 1055 in
604 1015 731 1057 turba
761 1015 1021 1073 quaerimus‚
1050 1024 1092 1058 et
1112 1016 1183 1059 vix
1212 1016 1467 1060 invenimus.

83 1082 284 1138 Occurrit
318 1082 425 1125 mihi
459 1098 648 1142 pauper,
684 1093 727 1127 et
761 1100 910 1144 quaero
932 1101 1183 1144 pauperem.
1212 1086 1387 1129 Interim
1425 1096 1471 1130 tu

83 1167 262 1196 manum
301 1154 471 1211 porrige
513 1155 689 1213 pauperi
727 1171 858 1214 quem
897 1156 1074 1199 invenis.
1108 1157 1249 1201 Corde
1290 1157 1470 1215 quaeris,

83 1238 212 1283 quem
237 1223 410 1282 quaeris.
440 1226 504 1266 Tu
522 1223 628 1267 dicis
650 1243 658 1268 :
682 1228 851 1282 Pauper
868 1241 961 1268 sum
985 1226 1094 1269 sicut
1119 1229 1301 1269 Lazarus
1325 1227 1471 1270 :dives

83 1293 163 1336 iste
197 1307 316 1336 meus
339 1293 516 1337 humilis
545 1309 629 1337 non
665 1293 800 1338 dicit:
828 1296 951 1338 Dives
974 1311 1066 1338 sum
1093 1296 1202 1339 sieut
1232 1296 1468 1339 Abraham.

84 1365 202 1421 Ergo
224 1373 275 1407 tu
299 1372 342 1407 te
363 1364 530 1408 extollis
549 1400 559 1418 ,
586 1364 657 1408 ille
675 1380 718 1408 se
742 1366 956 1408 humiliat.
980 1366 1094 1418 Quid
1119 1366 1294 1419 inflaris,
1321 1376 1362 1409 et
1386 1383 1473 1411 non

83 1434 295 1478 imitaris?
327 1437 449 1493 Ego,
474 1435 643 1495 inquit,
676 1450 842 1494 pauper
870 1435 989 1479 levor
1020 1437 1063 1479 in
1097 1437 1236 1479 sinum
1270 1437 1470 1481 Abrahae.

83 1506 181 1549 Non
204 1503 322 1548 vides
345 1505 445 1564 quia
474 1519 708 1563 pauperem
734 1505 852 1548 dives
878 1506 1077 1564 excepit?
1105 1509 1200 1549 Non
1235 1505 1353 1549 vides
1376 1506 1474 1566 quia

85 1576 205 1619 dives
223 1587 448 1635 susceptor
471 1585 536 1619 est
563 1575 795 1634 pauperis?
814 1576 854 1620 Si
878 1577 990 1618 enim
1012 1576 1207 1635 superbis
1228 1586 1376 1620 contra
1404 1593 1475 1621 eos

85 1646 160 1705 qui
185 1645 348 1687 habent
377 1645 630 1702 pecuniam,
662 1656 703 1687 et
727 1660 854 1702 negas
876 1660 946 1688 eos
976 1647 1029 1689 ad
1054 1661 1232 1703 regnum
1262 1646 1474 1690 coelorum

86 1712 335 1774 pertinere3
360 1728 459 1755 cum
489 1715 534 1754 in
557 1714 616 1754 eis
641 1712 817 1754 fortasse
839 1716 1082 1755 inveniatur
1104 1712 1323 1757 humilitas
1340 1750 1350 1767 ‚
1378 1731 1475 1775 quse

84 1784 130 1827 in
154 1792 195 1826 te
219 1797 307 1825 non
331 1781 579 1825 invenitur:
602 1796 689 1824 non
710 1781 834 1825 times
856 1797 909 1824 ne
930 1781 1024 1833 tibi,
1043 1798 1140 1825 cum
1167 1792 1362 1827 mortuus
1387 1783 1477 1828 fue-

85 1853 142 1898 ris
159 1889 171 1908 ,
197 1853 312 1897 dicat
328 1852 547 1896 Abraham
568 1871 577 1896 ε
597 1853 767 1895 Recede
783 1868 803 1895 a
821 1867 905 1906 me,
919 1853 1018 1912 quia
1039 1851 1342 1912 blasphemasti
1361 1871 1443 1898 me.

145 1926 220 1967 VI.
257 1922 583 1968 Admoucamus
607 1938 710 1981 ergo
728 1923 882 1967 divites
905 1933 1089 1977 nostros,
1113 1924 1229 1984 quod
1247 1925 1478 1984 Apostolus

87 1993 330 2040 admonuit.
366 1997 464 2040 Non
488 1995 674 2053 superbe
697 2010 868 2053 sapere,
895 2009 1036 2054 neque
1062 1995 1288 2054 sperarein
1314 1996 1477 2042 incerto

87 2064 334 2110 divitiarum
365 2065 577 2110 admoniti
599 2081 747 2109 sumus
770 2069 802 2108 ².
848 2065 1015 2108 Divitias
1039 2065 1145 2119 illae,
1189 2069 1295 2126 q‘uas
1318 2067 1477 2126 putatis

87 2136 238 2196 plenas
255 2151 346 2180 esse
367 2136 620 2180 deliciarum
637 2173 647 2190 ‚
674 2136 888 2195 pleniores
910 2146 1010 2179 sunt
1033 2135 1341 2195 periculorum.
1367 2140 1477 2181 Pau-

89 2222 168 2266 per
189 2216 305 2260 erat,
331 2215 371 2250 et
390 2208 580 2251 securior
603 2207 846 2251 dormiebat
869 2226 876 2250 :
902 2222 1075 2249 somnus
1102 2205 1265 2250 facilius
1296 2209 1476 2251 aecede-

90 2277 166 2321 bat
186 2276 241 2320 ad
259 2276 411 2333 duram
437 2286 610 2330 terram,
629 2293 757 2337 quam
778 2277 830 2320 ad
848 2277 1002 2320 lectum
1027 2277 1360 2334 inargentatum.
1400 2282 1478 2322 At-

91 2347 257 2392 tendite
275 2363 397 2391 curas
419 2347 602 2392 divitum
621 2384 631 2403 ‚
657 2358 699 2392 et
716 2358 961 2406 comparate
979 2349 1195 2390 securitati
1217 2363 1472 2407 pauperum.

95 2418 177 2464 Sed
199 2419 346 2461 audiat
367 2418 486 2462 dives
511 2419 608 2472 iste,
636 2429 684 2463 ut
708 2436 793 2462 nou
817 2418 1000 2477 superbe
1029 2418 1187 2477 sapiat,
1213 2434 1354 2477 neque
1379 2433 1476 2476 spe·

93 2498 159 2532 ret
194 2489 236 2532 in
260 2489 424 2532 incerto
447 2488 709 2532 divitiarum.
743 2492 893 2532 Utatur
925 2487 1114 2540 mundo,
1142 2497 1345 2548 tanquam
1391 2504 1476 2531 uon

93 2568 236 2603 utens.
266 2560 378 2604 Sciat
404 2576 448 2603 se
471 2561 582 2604 viam
598 2561 835 2610 ambulare,
862 2570 903 2604 et
926 2560 969 2603 iu
994 2561 1066 2604 has
1081 2559 1252 2604 divitias
1269 2570 1473 2618 tauquam

144 2664 152 2680 ¹
170 2660 260 2690 Rom.
283 2669 325 2698 tv,
345 2669 376 2691 a.
398 2675 439 2681 —
460 2665 472 2681 ²
492 2666 511 2689 ¹1
529 2658 609 2690 Tim.
631 2669 671 2694 vr,
699 2669 747 2699 ¹7·
