<?xml version="1.0" encoding="UTF-8"?>
<!DOCTYPE html PUBLIC "-//W3C//DTD XHTML 1.0 Transitional//EN"
    "http://www.w3.org/TR/xhtml1/DTD/xhtml1-transitional.dtd">
<html xmlns="http://www.w3.org/1999/xhtml" xml:lang="en" lang="en">
 <head>
  <title>
</title>
<meta http-equiv="Content-Type" content="text/html;charset=utf-8" />
  <meta name='ocr-system' content='tesseract 3.04.00' />
  <meta name='ocr-capabilities' content='ocr_page ocr_carea ocr_par ocr_line ocrx_word'/>
</head>
<body>
  <div class='ocr_page' id='page_1' title='image "./operaomniaaccura17auguuoft_0467.png"; bbox 0 0 1867 3320; ppageno 0'>
   <div class='ocr_carea' id='block_1_1' title="bbox 319 215 1405 259">
    <p class='ocr_par' dir='ltr' id='par_1_1' title="bbox 319 215 1405 259">
     <span class='ocr_line' id='line_1_1' title="bbox 319 215 1405 259; baseline 0.006 -11"><span class='ocrx_word' id='word_1_1' title='bbox 319 219 457 249; x_wconf 73' lang='lat' dir='ltr'>sssnmo</span> <span class='ocrx_word' id='word_1_2' title='bbox 487 219 625 259; x_wconf 83' lang='lat' dir='ltr'>xxxn,</span> <span class='ocrx_word' id='word_1_3' title='bbox 660 220 706 248; x_wconf 78' lang='lat' dir='ltr'>m</span> <span class='ocrx_word' id='word_1_4' title='bbox 737 216 939 250; x_wconf 72' lang='lat' dir='ltr'>rsAmez</span> <span class='ocrx_word' id='word_1_5' title='bbox 969 225 1113 253; x_wconf 78' lang='lat' dir='ltr'>cxmu.</span> <span class='ocrx_word' id='word_1_6' title='bbox 1321 215 1405 256; x_wconf 82' lang='lat'>447</span> 
     </span>
    </p>
   </div>
   <div class='ocr_carea' id='block_1_2' title="bbox 0 285 1452 2525">
    <p class='ocr_par' dir='ltr' id='par_1_2' title="bbox 0 285 1452 2525">
     <span class='ocr_line' id='line_1_2' title="bbox 35 285 1409 348; baseline 0.006 -18"><span class='ocrx_word' id='word_1_7' title='bbox 35 289 144 334; x_wconf 89' lang='lat' dir='ltr'>Nam</span> <span class='ocrx_word' id='word_1_8' title='bbox 184 285 463 330; x_wconf 87' lang='lat' dir='ltr'>manifestum</span> <span class='ocrx_word' id='word_1_9' title='bbox 485 296 549 331; x_wconf 88' lang='lat' dir='ltr'>est</span> <span class='ocrx_word' id='word_1_10' title='bbox 574 287 801 333; x_wconf 87' lang='lat' dir='ltr'>sceleratos</span> <span class='ocrx_word' id='word_1_11' title='bbox 840 303 928 332; x_wconf 90' lang='lat' dir='ltr'>esse</span> <span class='ocrx_word' id='word_1_12' title='bbox 948 290 1204 348; x_wconf 89' lang='lat' dir='ltr'>puniendos.</span> <span class='ocrx_word' id='word_1_13' title='bbox 1225 295 1282 337; x_wconf 89' lang='lat' dir='ltr'>Et</span> <span class='ocrx_word' id='word_1_14' title='bbox 1307 293 1409 337; x_wconf 82' lang='lat' dir='ltr'>hinc</span> 
     </span>
     <span class='ocr_line' id='line_1_3' title="bbox 37 356 1414 420; baseline 0.004 -18"><span class='ocrx_word' id='word_1_15' title='bbox 37 357 201 402; x_wconf 88' lang='lat' dir='ltr'>debent</span> <span class='ocrx_word' id='word_1_16' title='bbox 220 356 464 416; x_wconf 81' lang='lat' dir='ltr'>intelligere</span> <span class='ocrx_word' id='word_1_17' title='bbox 486 370 585 417; x_wconf 78' lang='lat' dir='ltr'>quae</span> <span class='ocrx_word' id='word_1_18' title='bbox 607 373 738 417; x_wconf 84' lang='lat' dir='ltr'>poena</span> <span class='ocrx_word' id='word_1_19' title='bbox 760 373 831 403; x_wconf 91' lang='lat' dir='ltr'>eos</span> <span class='ocrx_word' id='word_1_20' title='bbox 853 368 1047 418; x_wconf 78' lang='lat' dir='ltr'>expectet</span> <span class='ocrx_word' id='word_1_21' title='bbox 1066 395 1076 415; x_wconf 85' lang='grc'>,</span> <span class='ocrx_word' id='word_1_22' title='bbox 1096 362 1269 420; x_wconf 87' lang='lat' dir='ltr'>quando</span> <span class='ocrx_word' id='word_1_23' title='bbox 1289 364 1414 407; x_wconf 89' lang='lat' dir='ltr'>inno-</span> 
     </span>
     <span class='ocr_line' id='line_1_4' title="bbox 38 427 1413 490; baseline 0.002 -18"><span class='ocrx_word' id='word_1_24' title='bbox 38 443 138 472; x_wconf 87' lang='lat' dir='ltr'>cens</span> <span class='ocrx_word' id='word_1_25' title='bbox 150 427 334 487; x_wconf 87' lang='lat' dir='ltr'>quisque</span> <span class='ocrx_word' id='word_1_26' title='bbox 351 442 450 471; x_wconf 93' lang='lat' dir='ltr'>cum</span> <span class='ocrx_word' id='word_1_27' title='bbox 466 427 532 471; x_wconf 91' lang='lat' dir='ltr'>his</span> <span class='ocrx_word' id='word_1_28' title='bbox 549 429 733 486; x_wconf 85' lang='lat' dir='ltr'>superbe</span> <span class='ocrx_word' id='word_1_29' title='bbox 747 429 884 472; x_wconf 90' lang='lat' dir='ltr'>utitur</span> <span class='ocrx_word' id='word_1_30' title='bbox 899 437 941 472; x_wconf 91' lang='lat' dir='ltr'>et</span> <span class='ocrx_word' id='word_1_31' title='bbox 953 428 1249 486; x_wconf 77' lang='lat' dir='ltr'>immoderate,</span> <span class='ocrx_word' id='word_1_32' title='bbox 1265 447 1413 490; x_wconf 89' lang='lat' dir='ltr'>repro-</span> 
     </span>
     <span class='ocr_line' id='line_1_5' title="bbox 37 495 1413 558; baseline 0.002 -18"><span class='ocrx_word' id='word_1_33' title='bbox 37 496 166 541; x_wconf 91' lang='lat' dir='ltr'>batur</span> <span class='ocrx_word' id='word_1_34' title='bbox 187 512 211 540; x_wconf 91' lang='lat' dir='ltr'>a</span> <span class='ocrx_word' id='word_1_35' title='bbox 234 499 346 552; x_wconf 88' lang='lat' dir='ltr'>Deo,</span> <span class='ocrx_word' id='word_1_36' title='bbox 381 505 424 541; x_wconf 91' lang='lat' dir='ltr'>et</span> <span class='ocrx_word' id='word_1_37' title='bbox 463 497 575 539; x_wconf 90' lang='lat' dir='ltr'>inter</span> <span class='ocrx_word' id='word_1_38' title='bbox 606 495 715 541; x_wconf 85' lang='lat' dir='ltr'>filios</span> <span class='ocrx_word' id='word_1_39' title='bbox 751 497 1088 555; x_wconf 85' lang='lat' dir='ltr'>alienigenarum</span> <span class='ocrx_word' id='word_1_40' title='bbox 1123 508 1413 558; x_wconf 89' lang='lat' dir='ltr'>computatur.</span> 
     </span>
     <span class='ocr_line' id='line_1_6' title="bbox 40 568 1421 630; baseline 0 -15"><span class='ocrx_word' id='word_1_41' title='bbox 40 571 138 615; x_wconf 92' lang='lat' dir='ltr'>Non</span> <span class='ocrx_word' id='word_1_42' title='bbox 159 569 275 613; x_wconf 89' lang='lat' dir='ltr'>enim</span> <span class='ocrx_word' id='word_1_43' title='bbox 297 578 341 613; x_wconf 88' lang='lat' dir='ltr'>et</span> <span class='ocrx_word' id='word_1_44' title='bbox 363 569 482 614; x_wconf 88' lang='lat' dir='ltr'>dives</span> <span class='ocrx_word' id='word_1_45' title='bbox 504 568 578 612; x_wconf 87' lang='lat' dir='ltr'>ille</span> <span class='ocrx_word' id='word_1_46' title='bbox 599 569 760 614; x_wconf 89' lang='lat' dir='ltr'>alienos</span> <span class='ocrx_word' id='word_1_47' title='bbox 781 570 948 615; x_wconf 88' lang='lat' dir='ltr'>fructus</span> <span class='ocrx_word' id='word_1_48' title='bbox 970 570 1193 630; x_wconf 89' lang='lat' dir='ltr'>quaerebat</span> <span class='ocrx_word' id='word_1_49' title='bbox 1210 606 1220 626; x_wconf 85' lang='lat'>,</span> <span class='ocrx_word' id='word_1_50' title='bbox 1241 573 1311 615; x_wconf 87' lang='lat' dir='ltr'>cui</span> <span class='ocrx_word' id='word_1_51' title='bbox 1327 587 1421 615; x_wconf 87' lang='lat' dir='ltr'>suc-</span> 
     </span>
     <span class='ocr_line' id='line_1_7' title="bbox 41 638 1422 698; baseline 0 -14"><span class='ocrx_word' id='word_1_52' title='bbox 41 639 165 684; x_wconf 88' lang='lat' dir='ltr'>cessit</span> <span class='ocrx_word' id='word_1_53' title='bbox 194 639 311 698; x_wconf 82' lang='lat' dir='ltr'>regio</span> <span class='ocrx_word' id='word_1_54' title='bbox 340 640 386 682; x_wconf 90' lang='lat' dir='ltr'>in</span> <span class='ocrx_word' id='word_1_55' title='bbox 407 638 645 693; x_wconf 89' lang='lat' dir='ltr'>fructibus,</span> <span class='ocrx_word' id='word_1_56' title='bbox 684 649 727 684; x_wconf 87' lang='lat' dir='ltr'>et</span> <span class='ocrx_word' id='word_1_57' title='bbox 748 655 847 683; x_wconf 91' lang='lat' dir='ltr'>cum</span> <span class='ocrx_word' id='word_1_58' title='bbox 877 649 1105 694; x_wconf 76' lang='lat' dir='ltr'>aestuaret,</span> <span class='ocrx_word' id='word_1_59' title='bbox 1135 655 1224 684; x_wconf 92' lang='lat' dir='ltr'>non</span> <span class='ocrx_word' id='word_1_60' title='bbox 1258 642 1422 684; x_wconf 88' lang='lat' dir='ltr'>habens</span> 
     </span>
     <span class='ocr_line' id='line_1_8' title="bbox 42 708 1423 770; baseline -0.001 -15"><span class='ocrx_word' id='word_1_61' title='bbox 42 726 130 770; x_wconf 93' lang='lat' dir='ltr'>quo</span> <span class='ocrx_word' id='word_1_62' title='bbox 151 718 437 768; x_wconf 84' lang='lat' dir='ltr'>congregaret</span> <span class='ocrx_word' id='word_1_63' title='bbox 472 708 641 753; x_wconf 87' lang='lat' dir='ltr'>fructus</span> <span class='ocrx_word' id='word_1_64' title='bbox 662 709 929 765; x_wconf 91' lang='lat' dir='ltr'>mundanos,</span> <span class='ocrx_word' id='word_1_65' title='bbox 955 719 998 754; x_wconf 86' lang='lat' dir='ltr'>et</span> <span class='ocrx_word' id='word_1_66' title='bbox 1018 725 1108 754; x_wconf 92' lang='lat' dir='ltr'>non</span> <span class='ocrx_word' id='word_1_67' title='bbox 1129 710 1295 754; x_wconf 87' lang='lat' dir='ltr'>videret</span> <span class='ocrx_word' id='word_1_68' title='bbox 1312 726 1423 770; x_wconf 89' lang='lat' dir='ltr'>pau-</span> 
     </span>
     <span class='ocr_line' id='line_1_9' title="bbox 41 778 1422 840; baseline 0 -16"><span class='ocrx_word' id='word_1_69' title='bbox 41 795 164 840; x_wconf 86' lang='lat' dir='ltr'>peres</span> <span class='ocrx_word' id='word_1_70' title='bbox 194 780 240 822; x_wconf 90' lang='lat' dir='ltr'>in</span> <span class='ocrx_word' id='word_1_71' title='bbox 263 779 422 839; x_wconf 92' lang='lat' dir='ltr'>quibus</span> <span class='ocrx_word' id='word_1_72' title='bbox 444 779 526 822; x_wconf 89' lang='lat' dir='ltr'>sibi</span> <span class='ocrx_word' id='word_1_73' title='bbox 558 780 866 823; x_wconf 79' lang='lat' dir='ltr'>thesaurizaret</span> <span class='ocrx_word' id='word_1_74' title='bbox 887 781 932 823; x_wconf 86' lang='lat' dir='ltr'>in</span> <span class='ocrx_word' id='word_1_75' title='bbox 953 778 1067 824; x_wconf 88' lang='lat' dir='ltr'>coelo</span> <span class='ocrx_word' id='word_1_76' title='bbox 1093 798 1102 823; x_wconf 75' lang='grc' dir='ltr'>ε</span> <span class='ocrx_word' id='word_1_77' title='bbox 1134 798 1153 821; x_wconf 93' lang='lat'>«</span> <span class='ocrx_word' id='word_1_78' title='bbox 1174 782 1422 836; x_wconf 91' lang='lat' dir='ltr'>Destruam‚</span> 
     </span>
     <span class='ocr_line' id='line_1_10' title="bbox 46 849 1428 909; baseline 0.002 -17"><span class='ocrx_word' id='word_1_79' title='bbox 46 868 66 892; x_wconf 89' lang='lat'>»</span> <span class='ocrx_word' id='word_1_80' title='bbox 100 850 244 909; x_wconf 90' lang='lat' dir='ltr'>inquit</span> <span class='ocrx_word' id='word_1_81' title='bbox 258 884 270 904; x_wconf 83' lang='lat'>,</span> <span class='ocrx_word' id='word_1_82' title='bbox 295 850 526 909; x_wconf 86' lang='lat' dir='ltr'>apothecas</span> <span class='ocrx_word' id='word_1_83' title='bbox 548 864 664 893; x_wconf 87' lang='lat' dir='ltr'>meas</span> <span class='ocrx_word' id='word_1_84' title='bbox 680 884 691 904; x_wconf 80' lang='lat'>‚</span> <span class='ocrx_word' id='word_1_85' title='bbox 716 860 758 893; x_wconf 82' lang='lat' dir='ltr'>et</span> <span class='ocrx_word' id='word_1_86' title='bbox 779 849 935 894; x_wconf 87' lang='lat' dir='ltr'>faciam</span> <span class='ocrx_word' id='word_1_87' title='bbox 958 865 1090 894; x_wconf 90' lang='lat' dir='ltr'>novas</span> <span class='ocrx_word' id='word_1_88' title='bbox 1113 849 1361 909; x_wconf 87' lang='lat' dir='ltr'>ampliores,</span> <span class='ocrx_word' id='word_1_89' title='bbox 1384 860 1428 895; x_wconf 91' lang='lat' dir='ltr'>et</span> 
     </span>
     <span class='ocr_line' id='line_1_11' title="bbox 46 917 1425 978; baseline 0.002 -17"><span class='ocrx_word' id='word_1_90' title='bbox 46 938 67 961; x_wconf 86' lang='lat'>»</span> <span class='ocrx_word' id='word_1_91' title='bbox 101 919 280 978; x_wconf 89' lang='lat' dir='ltr'>replebo</span> <span class='ocrx_word' id='word_1_92' title='bbox 302 934 386 963; x_wconf 87' lang='lat' dir='ltr'>eas.</span> <span class='ocrx_word' id='word_1_93' title='bbox 407 937 426 960; x_wconf 90' lang='lat'>»</span> <span class='ocrx_word' id='word_1_94' title='bbox 449 917 595 973; x_wconf 86' lang='lat' dir='ltr'>Unde,</span> <span class='ocrx_word' id='word_1_95' title='bbox 614 919 694 962; x_wconf 89' lang='lat' dir='ltr'>nisi</span> <span class='ocrx_word' id='word_1_96' title='bbox 711 919 765 963; x_wconf 93' lang='lat' dir='ltr'>de</span> <span class='ocrx_word' id='word_1_97' title='bbox 782 918 996 963; x_wconf 86' lang='lat' dir='ltr'>fructibus</span> <span class='ocrx_word' id='word_1_98' title='bbox 1028 920 1146 964; x_wconf 79' lang='lat' dir='ltr'>suis?</span> <span class='ocrx_word' id='word_1_99' title='bbox 1171 923 1262 964; x_wconf 88' lang='lat' dir='ltr'>«Et</span> <span class='ocrx_word' id='word_1_100' title='bbox 1284 920 1425 964; x_wconf 89' lang='lat' dir='ltr'>dicam</span> 
     </span>
     <span class='ocr_line' id='line_1_12' title="bbox 47 988 1429 1043; baseline 0.003 -13"><span class='ocrx_word' id='word_1_101' title='bbox 47 1007 68 1030; x_wconf 94' lang='lat'>»</span> <span class='ocrx_word' id='word_1_102' title='bbox 104 990 258 1033; x_wconf 85' lang='lat' dir='ltr'>animae</span> <span class='ocrx_word' id='word_1_103' title='bbox 275 1003 399 1043; x_wconf 82' lang='lat' dir='ltr'>meae,</span> <span class='ocrx_word' id='word_1_104' title='bbox 426 988 570 1032; x_wconf 88' lang='lat' dir='ltr'>Habes</span> <span class='ocrx_word' id='word_1_105' title='bbox 591 989 729 1032; x_wconf 85' lang='lat' dir='ltr'>multa</span> <span class='ocrx_word' id='word_1_106' title='bbox 752 988 892 1043; x_wconf 87' lang='lat' dir='ltr'>bona,</span> <span class='ocrx_word' id='word_1_107' title='bbox 930 990 1097 1034; x_wconf 86' lang='lat' dir='ltr'>satiare.</span> <span class='ocrx_word' id='word_1_108' title='bbox 1130 991 1246 1034; x_wconf 80' lang='lat' dir='ltr'>Dixit</span> <span class='ocrx_word' id='word_1_109' title='bbox 1283 999 1429 1034; x_wconf 88' lang='lat' dir='ltr'>autem</span> 
     </span>
     <span class='ocr_line' id='line_1_13' title="bbox 48 1057 1425 1113; baseline 0.003 -13"><span class='ocrx_word' id='word_1_110' title='bbox 48 1078 68 1100; x_wconf 88' lang='lat'>»</span> <span class='ocrx_word' id='word_1_111' title='bbox 102 1057 166 1102; x_wconf 87' lang='lat' dir='ltr'>illi</span> <span class='ocrx_word' id='word_1_112' title='bbox 188 1062 301 1103; x_wconf 89' lang='lat' dir='ltr'>Deus</span> <span class='ocrx_word' id='word_1_113' title='bbox 317 1093 328 1113; x_wconf 91' lang='lat'>,</span> <span class='ocrx_word' id='word_1_114' title='bbox 355 1058 495 1103; x_wconf 90' lang='lat' dir='ltr'>Stulte</span> <span class='ocrx_word' id='word_1_115' title='bbox 512 1093 523 1113; x_wconf 84' lang='lat'>‚</span> <span class='ocrx_word' id='word_1_116' title='bbox 544 1058 625 1102; x_wconf 85' lang='lat' dir='ltr'>hac</span> <span class='ocrx_word' id='word_1_117' title='bbox 647 1067 773 1102; x_wconf 88' lang='lat' dir='ltr'>nocte</span> <span class='ocrx_word' id='word_1_118' title='bbox 795 1057 1017 1103; x_wconf 86' lang='lat' dir='ltr'>auferetur</span> <span class='ocrx_word' id='word_1_119' title='bbox 1039 1075 1063 1103; x_wconf 92' lang='lat' dir='ltr'>a</span> <span class='ocrx_word' id='word_1_120' title='bbox 1086 1069 1127 1104; x_wconf 89' lang='lat' dir='ltr'>te</span> <span class='ocrx_word' id='word_1_121' title='bbox 1145 1060 1287 1104; x_wconf 86' lang='lat' dir='ltr'>anima</span> <span class='ocrx_word' id='word_1_122' title='bbox 1317 1070 1392 1104; x_wconf 90' lang='lat' dir='ltr'>tua</span> <span class='ocrx_word' id='word_1_123' title='bbox 1417 1078 1425 1104; x_wconf 92' lang='lat'><strong>:</strong></span> 
     </span>
     <span class='ocr_line' id='line_1_14' title="bbox 48 1128 1430 1188; baseline 0.002 -18"><span class='ocrx_word' id='word_1_124' title='bbox 48 1147 68 1170; x_wconf 89' lang='lat'>»</span> <span class='ocrx_word' id='word_1_125' title='bbox 104 1142 204 1188; x_wconf 80' lang='lat' dir='ltr'>quae</span> <span class='ocrx_word' id='word_1_126' title='bbox 231 1128 501 1187; x_wconf 81' lang='lat' dir='ltr'>praeparasti,</span> <span class='ocrx_word' id='word_1_127' title='bbox 530 1129 654 1187; x_wconf 89' lang='lat' dir='ltr'>cujus</span> <span class='ocrx_word' id='word_1_128' title='bbox 677 1131 868 1185; x_wconf 79' lang='lat' dir='ltr'>erunt1?</span> <span class='ocrx_word' id='word_1_129' title='bbox 897 1147 916 1169; x_wconf 72' lang='lat' dir='ltr'>n</span> <span class='ocrx_word' id='word_1_130' title='bbox 947 1130 1067 1173; x_wconf 91' lang='lat' dir='ltr'>Sicut</span> <span class='ocrx_word' id='word_1_131' title='bbox 1090 1145 1191 1187; x_wconf 87' lang='lat' dir='ltr'>ergo</span> <span class='ocrx_word' id='word_1_132' title='bbox 1213 1131 1257 1173; x_wconf 91' lang='lat' dir='ltr'>in</span> <span class='ocrx_word' id='word_1_133' title='bbox 1284 1133 1430 1174; x_wconf 90' lang='lat' dir='ltr'>Evan-</span> 
     </span>
     <span class='ocr_line' id='line_1_15' title="bbox 49 1197 1434 1258; baseline 0.001 -16"><span class='ocrx_word' id='word_1_134' title='bbox 49 1198 176 1258; x_wconf 84' lang='lat' dir='ltr'>gelio,</span> <span class='ocrx_word' id='word_1_135' title='bbox 202 1197 379 1253; x_wconf 80' lang='lat' dir='ltr'>fratres,</span> <span class='ocrx_word' id='word_1_136' title='bbox 412 1198 667 1242; x_wconf 87' lang='lat' dir='ltr'>insultatum</span> <span class='ocrx_word' id='word_1_137' title='bbox 710 1208 773 1242; x_wconf 89' lang='lat' dir='ltr'>est</span> <span class='ocrx_word' id='word_1_138' title='bbox 810 1199 977 1255; x_wconf 78' lang='lat' dir='ltr'>homini</span> <span class='ocrx_word' id='word_1_139' title='bbox 1011 1201 1217 1258; x_wconf 84' lang='lat' dir='ltr'>gaudenti</span> <span class='ocrx_word' id='word_1_140' title='bbox 1246 1200 1300 1243; x_wconf 90' lang='lat' dir='ltr'>de</span> <span class='ocrx_word' id='word_1_141' title='bbox 1323 1209 1434 1243; x_wconf 88' lang='lat' dir='ltr'>tem-</span> 
     </span>
     <span class='ocr_line' id='line_1_16' title="bbox 47 1267 1434 1329; baseline 0.001 -17"><span class='ocrx_word' id='word_1_142' title='bbox 47 1268 185 1328; x_wconf 87' lang='lat' dir='ltr'>porali</span> <span class='ocrx_word' id='word_1_143' title='bbox 216 1268 446 1323; x_wconf 78' lang='lat' dir='ltr'>felicitate,</span> <span class='ocrx_word' id='word_1_144' title='bbox 482 1268 678 1327; x_wconf 87' lang='lat' dir='ltr'>quamvis</span> <span class='ocrx_word' id='word_1_145' title='bbox 710 1267 771 1311; x_wconf 90' lang='lat' dir='ltr'>illi</span> <span class='ocrx_word' id='word_1_146' title='bbox 803 1268 1011 1312; x_wconf 85' lang='lat' dir='ltr'>felicitate</span> <span class='ocrx_word' id='word_1_147' title='bbox 1039 1269 1093 1312; x_wconf 88' lang='lat' dir='ltr'>de</span> <span class='ocrx_word' id='word_1_148' title='bbox 1124 1285 1226 1327; x_wconf 88' lang='lat' dir='ltr'>agro</span> <span class='ocrx_word' id='word_1_149' title='bbox 1258 1270 1434 1329; x_wconf 88' lang='lat' dir='ltr'>proprio</span> 
     </span>
     <span class='ocr_line' id='line_1_17' title="bbox 48 1338 1435 1398; baseline -0.001 -13"><span class='ocrx_word' id='word_1_150' title='bbox 48 1349 183 1395; x_wconf 82' lang='lat' dir='ltr'>esset,</span> <span class='ocrx_word' id='word_1_151' title='bbox 209 1355 298 1384; x_wconf 93' lang='lat' dir='ltr'>non</span> <span class='ocrx_word' id='word_1_152' title='bbox 320 1339 374 1383; x_wconf 91' lang='lat' dir='ltr'>de</span> <span class='ocrx_word' id='word_1_153' title='bbox 396 1340 555 1398; x_wconf 88' lang='lat' dir='ltr'>rapinis</span> <span class='ocrx_word' id='word_1_154' title='bbox 587 1338 734 1382; x_wconf 89' lang='lat' dir='ltr'>alienis</span> <span class='ocrx_word' id='word_1_155' title='bbox 758 1358 765 1382; x_wconf 89' lang='lat'>:</span> <span class='ocrx_word' id='word_1_156' title='bbox 792 1340 852 1383; x_wconf 92' lang='lat' dir='ltr'>sic</span> <span class='ocrx_word' id='word_1_157' title='bbox 875 1349 918 1383; x_wconf 88' lang='lat' dir='ltr'>et</span> <span class='ocrx_word' id='word_1_158' title='bbox 952 1340 997 1382; x_wconf 89' lang='lat' dir='ltr'>in</span> <span class='ocrx_word' id='word_1_159' title='bbox 1018 1341 1100 1383; x_wconf 92' lang='lat' dir='ltr'>isto</span> <span class='ocrx_word' id='word_1_160' title='bbox 1123 1339 1294 1385; x_wconf 88' lang='lat' dir='ltr'>Psalmo</span> <span class='ocrx_word' id='word_1_161' title='bbox 1321 1350 1435 1384; x_wconf 87' lang='lat' dir='ltr'>tem-</span> 
     </span>
     <span class='ocr_line' id='line_1_18' title="bbox 48 1408 1436 1471; baseline -0.001 -16"><span class='ocrx_word' id='word_1_162' title='bbox 48 1409 186 1471; x_wconf 85' lang='lat' dir='ltr'>porali</span> <span class='ocrx_word' id='word_1_163' title='bbox 210 1408 406 1454; x_wconf 85' lang='lat' dir='ltr'>felicitati</span> <span class='ocrx_word' id='word_1_164' title='bbox 428 1408 688 1463; x_wconf 75' lang='lat' dir='ltr'>insultatur,</span> <span class='ocrx_word' id='word_1_165' title='bbox 725 1418 774 1451; x_wconf 88' lang='lat' dir='ltr'>ut</span> <span class='ocrx_word' id='word_1_166' title='bbox 805 1408 940 1452; x_wconf 86' lang='lat' dir='ltr'>discat</span> <span class='ocrx_word' id='word_1_167' title='bbox 976 1410 1120 1453; x_wconf 88' lang='lat' dir='ltr'>anima</span> <span class='ocrx_word' id='word_1_168' title='bbox 1156 1411 1360 1454; x_wconf 85' lang='lat' dir='ltr'>innovata</span> <span class='ocrx_word' id='word_1_169' title='bbox 1394 1419 1436 1454; x_wconf 88' lang='lat' dir='ltr'>et</span> 
     </span>
     <span class='ocr_line' id='line_1_19' title="bbox 50 1477 1437 1540; baseline -0.001 -15"><span class='ocrx_word' id='word_1_170' title='bbox 50 1489 301 1540; x_wconf 85' lang='lat' dir='ltr'>regenerata</span> <span class='ocrx_word' id='word_1_171' title='bbox 333 1494 410 1538; x_wconf 89' lang='lat' dir='ltr'>per</span> <span class='ocrx_word' id='word_1_172' title='bbox 449 1479 631 1537; x_wconf 80' lang='lat' dir='ltr'>gratiam</span> <span class='ocrx_word' id='word_1_173' title='bbox 662 1477 804 1532; x_wconf 85' lang='lat' dir='ltr'>lactis,</span> <span class='ocrx_word' id='word_1_174' title='bbox 840 1478 959 1522; x_wconf 91' lang='lat' dir='ltr'>illam</span> <span class='ocrx_word' id='word_1_175' title='bbox 999 1478 1242 1523; x_wconf 88' lang='lat' dir='ltr'>desiderare</span> <span class='ocrx_word' id='word_1_176' title='bbox 1281 1495 1437 1539; x_wconf 86' lang='lat' dir='ltr'>perpe-</span> 
     </span>
     <span class='ocr_line' id='line_1_20' title="bbox 50 1548 1439 1609; baseline -0.001 -13"><span class='ocrx_word' id='word_1_177' title='bbox 50 1561 172 1596; x_wconf 88' lang='lat' dir='ltr'>tuam</span> <span class='ocrx_word' id='word_1_178' title='bbox 204 1559 247 1594; x_wconf 87' lang='lat' dir='ltr'>et</span> <span class='ocrx_word' id='word_1_179' title='bbox 283 1549 590 1608; x_wconf 89' lang='lat' dir='ltr'>sempiternam</span> <span class='ocrx_word' id='word_1_180' title='bbox 629 1548 896 1591; x_wconf 80' lang='lat' dir='ltr'>beatitatem.</span> <span class='ocrx_word' id='word_1_181' title='bbox 943 1548 1047 1592; x_wconf 88' lang='lat' dir='ltr'>Ideo</span> <span class='ocrx_word' id='word_1_182' title='bbox 1078 1549 1178 1592; x_wconf 91' lang='lat' dir='ltr'>vide</span> <span class='ocrx_word' id='word_1_183' title='bbox 1217 1550 1439 1609; x_wconf 90' lang='lat' dir='ltr'>quomodo</span> 
     </span>
     <span class='ocr_line' id='line_1_21' title="bbox 53 1617 1438 1671; baseline -0.002 -4"><span class='ocrx_word' id='word_1_184' title='bbox 53 1629 285 1667; x_wconf 87' lang='lat' dir='ltr'>connectat</span> <span class='ocrx_word' id='word_1_185' title='bbox 312 1639 320 1663; x_wconf 89' lang='lat'>:</span> <span class='ocrx_word' id='word_1_186' title='bbox 352 1638 372 1660; x_wconf 87' lang='lat'>«</span> <span class='ocrx_word' id='word_1_187' title='bbox 397 1621 595 1671; x_wconf 89' lang='lat' dir='ltr'>Quorum</span> <span class='ocrx_word' id='word_1_188' title='bbox 618 1617 696 1661; x_wconf 85' lang='lat' dir='ltr'>filii</span> <span class='ocrx_word' id='word_1_189' title='bbox 734 1633 885 1661; x_wconf 90' lang='lat' dir='ltr'>eorum</span> <span class='ocrx_word' id='word_1_190' title='bbox 913 1619 1025 1662; x_wconf 91' lang='lat' dir='ltr'>sicut</span> <span class='ocrx_word' id='word_1_191' title='bbox 1060 1619 1243 1663; x_wconf 83' lang='lat' dir='ltr'>novellae</span> <span class='ocrx_word' id='word_1_192' title='bbox 1264 1630 1438 1664; x_wconf 86' lang='lat' dir='ltr'>consta-</span> 
     </span>
     <span class='ocr_line' id='line_1_22' title="bbox 57 1688 1439 1748; baseline -0.001 -13"><span class='ocrx_word' id='word_1_193' title='bbox 57 1710 78 1734; x_wconf 85' lang='lat'>»</span> <span class='ocrx_word' id='word_1_194' title='bbox 113 1691 249 1735; x_wconf 80' lang='lat' dir='ltr'>bilitae</span> <span class='ocrx_word' id='word_1_195' title='bbox 268 1724 279 1745; x_wconf 84' lang='lat'>‚</span> <span class='ocrx_word' id='word_1_196' title='bbox 304 1688 404 1732; x_wconf 83' lang='lat' dir='ltr'>filiae</span> <span class='ocrx_word' id='word_1_197' title='bbox 420 1703 573 1732; x_wconf 86' lang='lat' dir='ltr'>eorum</span> <span class='ocrx_word' id='word_1_198' title='bbox 591 1697 755 1732; x_wconf 75' lang='lat' dir='ltr'>ornatae</span> <span class='ocrx_word' id='word_1_199' title='bbox 778 1697 827 1731; x_wconf 91' lang='lat' dir='ltr'>ut</span> <span class='ocrx_word' id='word_1_200' title='bbox 849 1688 1087 1733; x_wconf 89' lang='lat' dir='ltr'>similitudo</span> <span class='ocrx_word' id='word_1_201' title='bbox 1110 1689 1275 1748; x_wconf 85' lang='lat' dir='ltr'>templi.</span> <span class='ocrx_word' id='word_1_202' title='bbox 1295 1689 1439 1734; x_wconf 89' lang='lat' dir='ltr'>Cella-</span> 
     </span>
     <span class='ocr_line' id='line_1_23' title="bbox 58 1758 1444 1818; baseline 0.001 -15"><span class='ocrx_word' id='word_1_203' title='bbox 58 1781 79 1804; x_wconf 84' lang='lat'>»</span> <span class='ocrx_word' id='word_1_204' title='bbox 114 1762 175 1806; x_wconf 89' lang='lat' dir='ltr'>ria</span> <span class='ocrx_word' id='word_1_205' title='bbox 198 1775 347 1804; x_wconf 90' lang='lat' dir='ltr'>eorum</span> <span class='ocrx_word' id='word_1_206' title='bbox 371 1758 526 1818; x_wconf 74' lang='lat' dir='ltr'>plena,</span> <span class='ocrx_word' id='word_1_207' title='bbox 560 1758 800 1802; x_wconf 87' lang='lat' dir='ltr'>eructantia</span> <span class='ocrx_word' id='word_1_208' title='bbox 836 1773 888 1801; x_wconf 82' lang='lat' dir='ltr'>ex</span> <span class='ocrx_word' id='word_1_209' title='bbox 910 1759 993 1802; x_wconf 93' lang='lat' dir='ltr'>hoc</span> <span class='ocrx_word' id='word_1_210' title='bbox 1025 1759 1071 1802; x_wconf 90' lang='lat' dir='ltr'>in</span> <span class='ocrx_word' id='word_1_211' title='bbox 1103 1759 1200 1803; x_wconf 93' lang='lat' dir='ltr'>hoc.</span> <span class='ocrx_word' id='word_1_212' title='bbox 1226 1761 1338 1804; x_wconf 91' lang='lat' dir='ltr'>Oves</span> <span class='ocrx_word' id='word_1_213' title='bbox 1370 1776 1444 1804; x_wconf 91' lang='lat' dir='ltr'>eo-</span> 
     </span>
     <span class='ocr_line' id='line_1_24' title="bbox 60 1826 1444 1886; baseline 0 -11"><span class='ocrx_word' id='word_1_214' title='bbox 60 1850 80 1874; x_wconf 88' lang='lat'>»</span> <span class='ocrx_word' id='word_1_215' title='bbox 116 1846 212 1875; x_wconf 90' lang='lat' dir='ltr'>rum</span> <span class='ocrx_word' id='word_1_216' title='bbox 235 1829 457 1874; x_wconf 85' lang='lat' dir='ltr'>foecundae</span> <span class='ocrx_word' id='word_1_217' title='bbox 473 1863 484 1882; x_wconf 81' lang='lat'>‚</span> <span class='ocrx_word' id='word_1_218' title='bbox 509 1826 848 1886; x_wconf 87' lang='lat' dir='ltr'>multiplicantes</span> <span class='ocrx_word' id='word_1_219' title='bbox 873 1827 918 1870; x_wconf 91' lang='lat' dir='ltr'>in</span> <span class='ocrx_word' id='word_1_220' title='bbox 955 1828 1141 1872; x_wconf 79' lang='lat' dir='ltr'>exitibus</span> <span class='ocrx_word' id='word_1_221' title='bbox 1164 1830 1249 1872; x_wconf 88' lang='lat' dir='ltr'>suis</span> <span class='ocrx_word' id='word_1_222' title='bbox 1277 1849 1285 1874; x_wconf 70' lang='grc' dir='ltr'>ς</span> <span class='ocrx_word' id='word_1_223' title='bbox 1312 1830 1444 1875; x_wconf 85' lang='lat' dir='ltr'>boves</span> 
     </span>
     <span class='ocr_line' id='line_1_25' title="bbox 61 1898 1445 1960; baseline 0 -16"><span class='ocrx_word' id='word_1_224' title='bbox 61 1920 82 1944; x_wconf 88' lang='lat'>»</span> <span class='ocrx_word' id='word_1_225' title='bbox 116 1915 268 1946; x_wconf 90' lang='lat' dir='ltr'>eorum</span> <span class='ocrx_word' id='word_1_226' title='bbox 292 1899 435 1943; x_wconf 89' lang='lat' dir='ltr'>crassi.</span> <span class='ocrx_word' id='word_1_227' title='bbox 461 1900 559 1942; x_wconf 90' lang='lat' dir='ltr'>Non</span> <span class='ocrx_word' id='word_1_228' title='bbox 576 1906 639 1940; x_wconf 83' lang='lat' dir='ltr'>est</span> <span class='ocrx_word' id='word_1_229' title='bbox 654 1898 777 1941; x_wconf 90' lang='lat' dir='ltr'>ruina</span> <span class='ocrx_word' id='word_1_230' title='bbox 799 1899 909 1955; x_wconf 85' lang='lat' dir='ltr'>sepis</span> <span class='ocrx_word' id='word_1_231' title='bbox 924 1933 935 1951; x_wconf 76' lang='lat'>,</span> <span class='ocrx_word' id='word_1_232' title='bbox 956 1914 1100 1958; x_wconf 84' lang='lat' dir='ltr'>neque</span> <span class='ocrx_word' id='word_1_233' title='bbox 1122 1903 1280 1954; x_wconf 84' lang='lat' dir='ltr'>exitus,</span> <span class='ocrx_word' id='word_1_234' title='bbox 1301 1916 1445 1960; x_wconf 90' lang='lat' dir='ltr'>neque</span> 
     </span>
     <span class='ocr_line' id='line_1_26' title="bbox 62 1967 1446 2028; baseline 0 -14"><span class='ocrx_word' id='word_1_235' title='bbox 62 1990 84 2014; x_wconf 87' lang='lat'>»</span> <span class='ocrx_word' id='word_1_236' title='bbox 118 1971 282 2017; x_wconf 88' lang='lat' dir='ltr'>clamor</span> <span class='ocrx_word' id='word_1_237' title='bbox 298 1970 343 2013; x_wconf 88' lang='lat' dir='ltr'>in</span> <span class='ocrx_word' id='word_1_238' title='bbox 365 1968 518 2028; x_wconf 87' lang='lat' dir='ltr'>plateis</span> <span class='ocrx_word' id='word_1_239' title='bbox 535 1982 700 2012; x_wconf 86' lang='lat' dir='ltr'>eorum.</span> <span class='ocrx_word' id='word_1_240' title='bbox 727 1970 908 2010; x_wconf 87' lang='lat' dir='ltr'>Beatum</span> <span class='ocrx_word' id='word_1_241' title='bbox 927 1967 1128 2012; x_wconf 73' lang='lat' dir='ltr'>dixerunt</span> <span class='ocrx_word' id='word_1_242' title='bbox 1144 1969 1355 2028; x_wconf 86' lang='lat' dir='ltr'>populum</span> <span class='ocrx_word' id='word_1_243' title='bbox 1374 1972 1446 2014; x_wconf 89' lang='lat' dir='ltr'>cui</span> 
     </span>
     <span class='ocr_line' id='line_1_27' title="bbox 63 2037 1445 2098; baseline -0.001 -11"><span class='ocrx_word' id='word_1_244' title='bbox 63 2062 86 2086; x_wconf 87' lang='lat'>»</span> <span class='ocrx_word' id='word_1_245' title='bbox 118 2044 214 2087; x_wconf 86' lang='lat' dir='ltr'>haec</span> <span class='ocrx_word' id='word_1_246' title='bbox 236 2043 379 2086; x_wconf 75' lang='lat' dir='ltr'>sunt2.</span> <span class='ocrx_word' id='word_1_247' title='bbox 403 2058 423 2080; x_wconf 86' lang='lat'>»</span> <span class='ocrx_word' id='word_1_248' title='bbox 452 2038 535 2084; x_wconf 92' lang='lat' dir='ltr'>Sed</span> <span class='ocrx_word' id='word_1_249' title='bbox 557 2039 631 2098; x_wconf 85' lang='lat' dir='ltr'>qui</span> <span class='ocrx_word' id='word_1_250' title='bbox 649 2037 890 2082; x_wconf 75' lang='lat' dir='ltr'>dixerunt?</span> <span class='ocrx_word' id='word_1_251' title='bbox 917 2058 935 2080; x_wconf 88' lang='lat'>«</span> <span class='ocrx_word' id='word_1_252' title='bbox 962 2041 1158 2091; x_wconf 89' lang='lat' dir='ltr'>Quorum</span> <span class='ocrx_word' id='word_1_253' title='bbox 1183 2055 1228 2084; x_wconf 91' lang='lat' dir='ltr'>os</span> <span class='ocrx_word' id='word_1_254' title='bbox 1249 2040 1445 2086; x_wconf 90' lang='lat' dir='ltr'>locutum</span> 
     </span>
     <span class='ocr_line' id='line_1_28' title="bbox 66 2109 1225 2168; baseline -0.003 -11"><span class='ocrx_word' id='word_1_255' title='bbox 66 2132 87 2156; x_wconf 84' lang='lat'>»</span> <span class='ocrx_word' id='word_1_256' title='bbox 121 2121 185 2157; x_wconf 88' lang='lat' dir='ltr'>est</span> <span class='ocrx_word' id='word_1_257' title='bbox 208 2111 461 2156; x_wconf 87' lang='lat' dir='ltr'>vanitatem.</span> <span class='ocrx_word' id='word_1_258' title='bbox 483 2128 502 2149; x_wconf 85' lang='lat'>»</span> <span class='ocrx_word' id='word_1_259' title='bbox 528 2109 733 2168; x_wconf 88' lang='lat' dir='ltr'>Superius</span> <span class='ocrx_word' id='word_1_260' title='bbox 750 2109 863 2152; x_wconf 91' lang='lat' dir='ltr'>enim</span> <span class='ocrx_word' id='word_1_261' title='bbox 883 2110 1086 2168; x_wconf 81' lang='lat' dir='ltr'>descripti</span> <span class='ocrx_word' id='word_1_262' title='bbox 1110 2120 1225 2155; x_wconf 88' lang='lat' dir='ltr'>sunt.</span> 
     </span>
     <span class='ocr_line' id='line_1_29' title="bbox 122 2179 1449 2239; baseline -0.002 -10"><span class='ocrx_word' id='word_1_263' title='bbox 122 2185 334 2229; x_wconf 82' lang='lat' dir='ltr'><strong>XXVIII.</strong></span> <span class='ocrx_word' id='word_1_264' title='bbox 363 2184 427 2225; x_wconf 92' lang='lat' dir='ltr'>Tu</span> <span class='ocrx_word' id='word_1_265' title='bbox 446 2189 590 2224; x_wconf 89' lang='lat' dir='ltr'>autem</span> <span class='ocrx_word' id='word_1_266' title='bbox 617 2179 724 2239; x_wconf 87' lang='lat' dir='ltr'>quid</span> <span class='ocrx_word' id='word_1_267' title='bbox 746 2179 851 2222; x_wconf 89' lang='lat' dir='ltr'>dicis</span> <span class='ocrx_word' id='word_1_268' title='bbox 869 2181 886 2220; x_wconf 72' lang='lat'>⁶?</span> <span class='ocrx_word' id='word_1_269' title='bbox 904 2181 1010 2223; x_wconf 84' lang='lat' dir='ltr'>Nam</span> <span class='ocrx_word' id='word_1_270' title='bbox 1035 2179 1097 2223; x_wconf 89' lang='lat' dir='ltr'>illi</span> <span class='ocrx_word' id='word_1_271' title='bbox 1126 2200 1145 2221; x_wconf 90' lang='lat'>«</span> <span class='ocrx_word' id='word_1_272' title='bbox 1172 2181 1349 2226; x_wconf 87' lang='lat' dir='ltr'>beatum</span> <span class='ocrx_word' id='word_1_273' title='bbox 1380 2183 1449 2226; x_wconf 91' lang='lat' dir='ltr'>di-</span> 
     </span>
     <span class='ocr_line' id='line_1_30' title="bbox 0 2250 1451 2312; baseline -0.001 -13"><span class='ocrx_word' id='word_1_274' title='bbox 0 2254 2 2258; x_wconf 69' lang='grc'>’</span> <span class='ocrx_word' id='word_1_275' title='bbox 68 2274 89 2298; x_wconf 92' lang='lat'>»</span> <span class='ocrx_word' id='word_1_276' title='bbox 124 2263 281 2299; x_wconf 85' lang='lat' dir='ltr'>xerunt</span> <span class='ocrx_word' id='word_1_277' title='bbox 298 2251 510 2312; x_wconf 88' lang='lat' dir='ltr'>populum</span> <span class='ocrx_word' id='word_1_278' title='bbox 533 2251 601 2294; x_wconf 89' lang='lat' dir='ltr'>cui</span> <span class='ocrx_word' id='word_1_279' title='bbox 620 2251 713 2293; x_wconf 84' lang='lat' dir='ltr'>haec</span> <span class='ocrx_word' id='word_1_280' title='bbox 735 2258 850 2293; x_wconf 87' lang='lat' dir='ltr'>sunt.</span> <span class='ocrx_word' id='word_1_281' title='bbox 873 2269 891 2290; x_wconf 90' lang='lat'>»</span> <span class='ocrx_word' id='word_1_282' title='bbox 914 2252 1006 2308; x_wconf 84' lang='lat' dir='ltr'>Ego</span> <span class='ocrx_word' id='word_1_283' title='bbox 1025 2250 1130 2309; x_wconf 85' lang='lat' dir='ltr'>quid</span> <span class='ocrx_word' id='word_1_284' title='bbox 1153 2251 1285 2296; x_wconf 79' lang='lat' dir='ltr'>dico?</span> <span class='ocrx_word' id='word_1_285' title='bbox 1309 2271 1327 2293; x_wconf 88' lang='lat'>«</span> <span class='ocrx_word' id='word_1_286' title='bbox 1350 2256 1451 2297; x_wconf 87' lang='lat' dir='ltr'>Bea-</span> 
     </span>
     <span class='ocr_line' id='line_1_31' title="bbox 70 2320 1452 2383; baseline 0 -16"><span class='ocrx_word' id='word_1_287' title='bbox 70 2344 91 2367; x_wconf 83' lang='lat'>»</span> <span class='ocrx_word' id='word_1_288' title='bbox 126 2335 196 2369; x_wconf 90' lang='lat' dir='ltr'>tus</span> <span class='ocrx_word' id='word_1_289' title='bbox 218 2322 406 2383; x_wconf 86' lang='lat' dir='ltr'>populus</span> <span class='ocrx_word' id='word_1_290' title='bbox 425 2322 548 2380; x_wconf 84' lang='lat' dir='ltr'>cujus</span> <span class='ocrx_word' id='word_1_291' title='bbox 570 2329 633 2364; x_wconf 88' lang='lat' dir='ltr'>est</span> <span class='ocrx_word' id='word_1_292' title='bbox 655 2320 864 2363; x_wconf 86' lang='lat' dir='ltr'>Dominus</span> <span class='ocrx_word' id='word_1_293' title='bbox 890 2322 999 2363; x_wconf 81' lang='lat' dir='ltr'>Deus</span> <span class='ocrx_word' id='word_1_294' title='bbox 1020 2321 1164 2379; x_wconf 85' lang='lat' dir='ltr'>ipsius.</span> <span class='ocrx_word' id='word_1_295' title='bbox 1193 2340 1212 2362; x_wconf 88' lang='lat'>»</span> <span class='ocrx_word' id='word_1_296' title='bbox 1239 2325 1355 2382; x_wconf 79' lang='lat' dir='ltr'>Ergo</span> <span class='ocrx_word' id='word_1_297' title='bbox 1381 2322 1452 2367; x_wconf 89' lang='lat' dir='ltr'>ille</span> 
     </span>
     <span class='ocr_line' id='line_1_32' title="bbox 70 2390 1451 2452; baseline -0.003 -12"><span class='ocrx_word' id='word_1_298' title='bbox 70 2405 133 2440; x_wconf 89' lang='lat' dir='ltr'>est</span> <span class='ocrx_word' id='word_1_299' title='bbox 153 2395 305 2438; x_wconf 84' lang='lat' dir='ltr'>beatus</span> <span class='ocrx_word' id='word_1_300' title='bbox 335 2391 524 2452; x_wconf 87' lang='lat' dir='ltr'>populus</span> <span class='ocrx_word' id='word_1_301' title='bbox 541 2427 550 2445; x_wconf 84' lang='lat'><strong>‚</strong></span> <span class='ocrx_word' id='word_1_302' title='bbox 574 2391 649 2451; x_wconf 86' lang='lat' dir='ltr'>qui</span> <span class='ocrx_word' id='word_1_303' title='bbox 673 2406 751 2449; x_wconf 92' lang='lat' dir='ltr'>pro</span> <span class='ocrx_word' id='word_1_304' title='bbox 776 2390 870 2434; x_wconf 78' lang='lat' dir='ltr'>liliis</span> <span class='ocrx_word' id='word_1_305' title='bbox 913 2391 997 2434; x_wconf 89' lang='lat' dir='ltr'>suis</span> <span class='ocrx_word' id='word_1_306' title='bbox 1020 2401 1062 2434; x_wconf 87' lang='lat' dir='ltr'>et</span> <span class='ocrx_word' id='word_1_307' title='bbox 1087 2408 1162 2450; x_wconf 83' lang='lat' dir='ltr'>pro</span> <span class='ocrx_word' id='word_1_308' title='bbox 1187 2391 1356 2438; x_wconf 85' lang='lat' dir='ltr'>filiabus</span> <span class='ocrx_word' id='word_1_309' title='bbox 1379 2410 1451 2437; x_wconf 86' lang='lat' dir='ltr'>or-</span> 
     </span>
     <span class='ocr_line' id='line_1_33' title="bbox 70 2461 1450 2525; baseline -0.001 -14"><span class='ocrx_word' id='word_1_310' title='bbox 70 2467 181 2512; x_wconf 86' lang='lat' dir='ltr'>natis</span> <span class='ocrx_word' id='word_1_311' title='bbox 199 2501 210 2522; x_wconf 78' lang='lat'><strong>‚</strong></span> <span class='ocrx_word' id='word_1_312' title='bbox 241 2480 320 2525; x_wconf 89' lang='lat' dir='ltr'>pro</span> <span class='ocrx_word' id='word_1_313' title='bbox 342 2462 624 2508; x_wconf 87' lang='lat' dir='ltr'>crassitudine</span> <span class='ocrx_word' id='word_1_314' title='bbox 666 2462 822 2516; x_wconf 84' lang='lat' dir='ltr'>boum,</span> <span class='ocrx_word' id='word_1_315' title='bbox 864 2477 941 2521; x_wconf 85' lang='lat' dir='ltr'>pro</span> <span class='ocrx_word' id='word_1_316' title='bbox 969 2461 1257 2509; x_wconf 82' lang='lat' dir='ltr'>foecunditate</span> <span class='ocrx_word' id='word_1_317' title='bbox 1279 2465 1450 2521; x_wconf 85' lang='lat' dir='ltr'>ovium,</span> 
     </span>
    </p>
   </div>
   <div class='ocr_carea' id='block_1_3' title="bbox 118 2547 863 2591">
    <p class='ocr_par' dir='ltr' id='par_1_3' title="bbox 118 2547 863 2591">
     <span class='ocr_line' id='line_1_34' title="bbox 118 2547 863 2591; baseline -0.007 -7"><span class='ocrx_word' id='word_1_318' title='bbox 118 2557 130 2575; x_wconf 86' lang='lat'><em>¹</em></span> <span class='ocrx_word' id='word_1_319' title='bbox 151 2552 228 2584; x_wconf 72' lang='lat' dir='ltr'>Luc,</span> <span class='ocrx_word' id='word_1_320' title='bbox 249 2561 304 2591; x_wconf 84' lang='lat' dir='ltr'>xn,</span> <span class='ocrx_word' id='word_1_321' title='bbox 328 2549 379 2591; x_wconf 89' lang='grc' dir='ltr'>ι8,</span> <span class='ocrx_word' id='word_1_322' title='bbox 399 2553 463 2582; x_wconf 84' lang='lat' dir='ltr'>etc.</span> <span class='ocrx_word' id='word_1_323' title='bbox 483 2564 524 2571; x_wconf 89' lang='lat'>—</span> <span class='ocrx_word' id='word_1_324' title='bbox 546 2553 559 2570; x_wconf 87' lang='lat'>²</span> <span class='ocrx_word' id='word_1_325' title='bbox 576 2547 657 2580; x_wconf 80' lang='lat' dir='ltr'>Psal.</span> <span class='ocrx_word' id='word_1_326' title='bbox 681 2558 789 2589; x_wconf 74' lang='lat' dir='ltr'>cnm,</span> <span class='ocrx_word' id='word_1_327' title='bbox 812 2547 863 2580; x_wconf 85' lang='lat'>15.-</span> 
     </span>
    </p>
   </div>
  </div>
 </body>
</html>
