1924 3309
468 232 553 271 282
873 240 907 271 s.
943 240 1177 273 Auavsnm
1208 243 1391 284 Ειηεοοιξι

468 326 489 350 »
510 316 616 352 runt
628 306 783 366 Angeli
804 308 849 352 in
867 318 1150 369 conspectum
1165 308 1292 354 Dei1:
1307 326 1328 351 »
1347 309 1546 370 quamvis
1568 323 1591 354 a
1614 318 1855 370 conspectu

464 379 543 423 Dei
566 393 796 439 nunquam
817 378 1035 425 recedant
1062 382 1353 440 Quocumque
1370 380 1487 424 enim
1509 380 1769 435 mittuntur,
1792 380 1854 425 ibi

464 465 642 511 quoque
664 459 822 510 praesto
844 461 909 496 est
931 460 1189 510 conspectus
1209 451 1302 495 Dei.
1318 451 1402 496 Sed
1424 451 1512 497 illic
1531 452 1705 512 proprie
1726 467 1854 497 cons-

462 531 615 582 pectus
652 522 730 567 Dei
764 522 944 578 dicitur,
977 538 1067 583 quo
1104 523 1323 568 humanus
1354 538 1444 568 non
1467 532 1609 583 potest
1630 532 1856 584 penetrare

463 603 721 654 conspectus
739 615 749 652 3
765 594 875 639 sicut
889 603 990 638 sunt
1012 604 1176 639 secreta
1193 595 1482 639 conscientiae.
1500 598 1734 654 Propterea
1754 609 1857 639 cum

1891 0 1898 190 ἒ

1894 211 1899 256 1

462 665 764 724 redarguimus
781 666 1089 721 mentientem,
1115 680 1205 710 non
1223 680 1325 709 eum
1347 664 1532 710 dicimus
1554 665 1601 709 in
1621 674 1858 724 conspectu
1900 663 1906 716 l

463 736 541 780 Dei
564 736 761 781 locutum
786 758 796 794 3
822 737 924 796 quia
957 751 1047 781 non
1082 736 1166 781 hoc
1188 736 1361 781 locutus
1383 745 1448 780 est
1463 771 1474 791 ‚
1500 735 1622 797 quod
1643 737 1689 780 in
1712 736 1857 781 animo

463 808 554 866 ejus
577 807 789 866 conspicit
811 810 925 851 Deus
940 842 951 862 ,
985 822 1074 867 quo
1097 816 1381 867 conspectum
1402 806 1586 865 dirigere
1604 822 1694 851 non
1711 815 1856 866 potest

462 878 612 922 homo.
639 878 749 931 Quia
773 893 877 937 ergo
893 879 988 922 haec
1010 887 1098 922 tam
1120 877 1307 922 latenter
1326 887 1444 936 gesta
1466 887 1584 933 sunt,
1606 886 1657 921 ut
1676 876 1859 922 indicari

462 950 714 993 hominibus
737 965 814 1009 per
846 950 1085 1008 Scripturas
1108 958 1298 1004 sanctas,
1330 949 1411 993 nisi
1435 958 1585 994 sancto
1606 949 1770 1008 Spiritu
1787 965 1858 993 re-

462 1020 662 1077 velante,
689 1037 778 1066 non
800 1031 979 1081 possent
997 1057 1010 1076 ‚
1043 1022 1088 1065 in
1111 1030 1396 1081 conspectum
1421 1022 1499 1066 Dei
1529 1030 1712 1066 ventum
1741 1036 1855 1077 esse,

464 1101 595 1151 atque
619 1092 679 1135 ibi
702 1101 820 1150 gesta
842 1107 932 1136 esse
957 1101 1201 1136 narrantur.

523 1165 623 1206 VII.
661 1162 791 1215 Quod
813 1171 959 1207 autem
988 1163 1187 1207 diabolus
1207 1164 1253 1207 in
1278 1161 1425 1207 medio
1453 1161 1722 1220 Angelorum
1743 1161 1828 1206 fuit
1844 1196 1855 1218 ,

464 1234 499 1277 si
523 1233 662 1277 honos
685 1233 876 1292 Angelos
896 1233 1124 1292 intelligis,
1150 1234 1208 1278 sic
1238 1234 1284 1276 in
1307 1231 1453 1277 medio
1483 1247 1636 1276 eorum
1665 1231 1860 1292 intellige
1876 1261 1888 1271 .

465 1303 719 1359 diabolum,
750 1304 860 1349 sicut
893 1319 991 1348 reus
1024 1304 1070 1348 in
1102 1303 1247 1348 medio
1275 1303 1575 1362 apparitorum
1601 1301 1755 1363 judicii
1784 1318 1859 1347 au·

465 1373 651 1419 diendus
689 1375 858 1419 assistit.
889 1377 986 1420 Non
1020 1375 1137 1418 enim
1162 1375 1381 1434 Scriptura
1414 1373 1605 1418 declarat
1625 1372 1776 1434 quales
1795 1372 1858 1417 illi

464 1446 619 1503 Angeli
642 1445 825 1490 fuerint.
853 1446 897 1491 Si
918 1455 1065 1490 autem
1087 1446 1132 1489 in
1154 1446 1300 1490 medio
1330 1444 1586 1504 angelorum
1613 1444 1828 1489 malorum
1844 1477 1856 1499 ‚

464 1515 574 1575 quid
595 1517 756 1560 mirum
778 1525 866 1572 est,
893 1517 1136 1576 principem
1158 1531 1207 1560 ac
1227 1517 1384 1561 ducem
1408 1516 1537 1560 turba
1560 1515 1856 1559 ministrorum

464 1602 645 1631 suorum
685 1602 775 1631 esse
818 1586 1171 1632 circumdatum?
1206 1588 1247 1632 Si
1285 1597 1431 1632 autem
1460 1606 1480 1629 «
1511 1587 1556 1631 in
1578 1594 1858 1646 conspectum

468 1675 488 1698 »
526 1658 602 1702 Dei
628 1676 647 1699 »
674 1657 795 1718 quod
817 1658 985 1703 dictum
1003 1667 1067 1702 est
1083 1694 1094 1713 ‚
1116 1659 1175 1703 sic
1198 1659 1382 1718 accipias
1397 1693 1408 1713 ,
1431 1667 1480 1702 ut
1497 1656 1558 1701 illi
1582 1657 1628 1701 in
1649 1671 1859 1716 conspec-

464 1737 559 1773 tum
580 1732 656 1774 Dei
681 1730 873 1786 veniant,
899 1731 974 1790 qui
996 1746 1085 1774 non
1105 1729 1245 1774 solum
1264 1731 1592 1790 conspiciuntur
1615 1729 1671 1773 ab
1691 1744 1759 1784 eo,
1784 1726 1859 1772 sed

463 1800 593 1840 etiam
610 1801 884 1854 conspiciunt
907 1815 1004 1842 enm
1020 1821 1031 1852 3
1046 1801 1103 1844 Sic
1121 1800 1458 1854 intelligendum
1480 1809 1543 1839 est
1559 1800 1605 1838 in
1622 1798 1769 1840 modio
1792 1813 1870 1862 (ἑο-Ι

465 1884 562 1912 rum
583 1868 716 1912 fuisse
743 1865 970 1910 diabolum
991 1900 1003 1921 ‚
1028 1875 1079 1910 ut
1108 1875 1255 1910 tamen
1279 1869 1417 1910 Deum
1434 1901 1445 1921 ‚
1471 1881 1605 1926 quem
1630 1867 1712 1926 ipsi
1733 1865 1858 1911 vide-

464 1940 593 1993 bant,
631 1937 703 1981 ille
731 1953 821 1982 non
842 1935 1028 1995 viderit3
1059 1945 1109 1981 ut
1131 1937 1262 1980 etiam
1284 1952 1361 1996 per
1392 1936 1585 1997 aliquem
1607 1946 1856 1982 sanctorum

463 2008 735 2068 Angelorum
764 2011 878 2053 Deus
900 2007 1076 2052 diabolo
1099 2008 1153 2052 sit
1173 2007 1362 2052 locutus.
1389 2010 1477 2053 Nec
1504 2017 1652 2052 tamen
1675 2009 1721 2052 in
1741 2008 1855 2052 libro

464 2081 673 2139 scriptum
696 2088 759 2123 est
774 2114 784 2134 ‚
810 2079 892 2123 nisi
918 2098 938 2120 «
964 2078 1080 2123 Dixit
1103 2082 1232 2123 Deus.
1262 2097 1282 2120 »
1311 2079 1431 2124 Sicut
1455 2079 1583 2122 etiam
1604 2079 1650 2122 in
1674 2079 1855 2137 negotiis

464 2152 650 2212 publicis
669 2187 679 2207 ‚
717 2165 971 2212 quanquam
1003 2149 1212 2209 pleraque
1240 2164 1316 2210 per
1349 2165 1597 2209 praeconem
1627 2148 1760 2210 judex
1793 2149 1856 2210 lo-

465 2233 647 2284 quatur,
667 2222 825 2283 judicis
848 2231 992 2266 tamen
1011 2236 1195 2276 nomen,
1219 2236 1321 2265 cum
1340 2231 1457 2281 gesta
1474 2221 1746 2276 scribuntur,
1768 2236 1855 2266 non

466 2296 597 2339 etiam
620 2294 831 2353 praeconis
866 2293 1084 2338 inseritur.
1125 2293 1244 2337 Sicut
1276 2301 1423 2337 autem
1447 2292 1603 2353 aliquis
1637 2293 1770 2337 homo
1791 2293 1855 2336 vi·

465 2366 586 2410 sione
606 2365 861 2424 prophetica
891 2364 1120 2422 indignus,
1159 2372 1303 2423 potest
1333 2372 1478 2408 tamen
1506 2364 1552 2407 in
1580 2364 1725 2408 medio
1746 2367 1853 2408 Pro-

465 2437 696 2496 phetarum
719 2444 853 2490 stare⁷
874 2444 924 2479 ut
950 2444 1119 2479 tantum
1141 2433 1289 2478 audiat
1306 2434 1425 2495 quod
1449 2450 1526 2494 per
1545 2450 1616 2479 eos
1639 2434 1745 2479 dicit
1766 2438 1849 2478 Do-

465 2508 609 2551 minus
627 2543 637 2563 ,
663 2522 743 2551 nec
767 2516 914 2552 tamen
936 2506 1080 2552 videat
1110 2506 1231 2566 quod
1252 2506 1313 2549 illi
1340 2506 1490 2551 vident
1516 2526 1524 2551 :
1556 2507 1615 2551 sic
1646 2507 1787 2565 potuit
1808 2514 1849 2548 et

516 2599 523 2613 ¹
545 2592 618 2625 Job.
640 2603 661 2632 1,
683 2592 715 2623 6.

1903 920 1908 977 1

1908 1370 1924 1475 ³.
