1924 3309
506 264 590 301 380
930 272 964 301 s.
1000 270 1232 300 AUGUSTINI
1265 273 1444 300 nmscom

509 360 516 379 )

519 359 527 379 v

564 339 873 398 prudentibus,
909 348 951 382 et
975 336 1169 381 revelasti
1197 351 1243 380 ea
1265 336 1470 396 parvulis.
1503 339 1568 379 lta
1600 340 1748 391 Pater,
1772 352 1884 395 quo-

509 429 527 450 »
562 409 679 453 niam
711 410 769 453 sic
804 408 1011 468 placitum
1050 415 1113 450 est
1145 421 1288 450 coram
1312 416 1369 450 te.
1394 407 1551 450 Omnia
1584 406 1692 450 mihi
1728 405 1884 450 tradita

505 499 525 521 »
560 488 662 523 sunt
673 496 695 524 a
712 484 836 524 Patre
851 494 960 523 meo.
971 496 992 520 »
1011 480 1123 521 Ecce
1137 477 1233 537 quis
1247 485 1388 521 vocat.
1399 495 1419 518 ι(
1435 477 1593 521 Omnia
1605 476 1712 521 mihi
1729 476 1886 522 tradita

507 569 527 591 »
562 559 665 595 sunt
681 567 700 594 a
726 554 852 595 Patre
872 564 984 593 meo.
1011 548 1118 600 Quia
1136 563 1264 592 nemo
1282 548 1502 606 cognoscit
1524 547 1686 591 Filium
1703 547 1786 591 nisi
1804 551 1887 592 Pa-

507 640 526 661 »
563 631 649 676 ter,
668 630 710 664 et
727 635 855 664 nemo
872 619 1094 677 cognoscit
1108 621 1282 662 Patrem
1304 617 1385 661 nisi
1410 616 1546 661 Filius
1561 652 1572 672 ,
1593 627 1637 662 et
1651 617 1722 662 cui
1737 617 1889 661 volue-

507 709 527 732 »
563 691 619 734 rit
641 690 776 734 Filius
798 688 985 733 revelare
1001 692 1031 731 1.
1062 706 1081 728 »
1109 690 1263 745 Ingens
1285 685 1562 745 magnitudo,
1594 696 1637 731 et
1657 685 1888 732 ineffabilis

505 759 704 805 altitudo.
729 778 747 800 «
768 759 923 803 Omnia
936 757 1094 802 tradita
1110 766 1212 801 sunt
1227 758 1349 812 mihi,
1366 757 1524 817 inquit,
1544 760 1705 801 aPatre
1727 771 1839 801 meo.
1866 776 1884 799 »ι

507 829 630 875 Solus
654 844 864 888 agnosco,
889 845 912 872 a
936 826 1027 872 solo
1056 843 1280 886 agnoscor.
1308 827 1423 880 Quid
1440 862 1451 881 ,
1476 843 1554 871 nos
1576 827 1890 870 remansimus?

504 916 593 945 non
626 901 931 959 agnoscimus?
953 903 1009 943 Et
1041 899 1119 943 ubi
1147 908 1234 952 est,
1271 899 1354 943 Cui
1385 897 1574 942 voluerit
1593 896 1730 941 Filius
1764 912 1888 941 reve-

506 972 595 1015 lare
609 972 627 1015 Ρ

564 1043 614 1083 V.
642 1041 823 1084 Animus
845 1049 985 1084 vester
1008 1049 1051 1083 et
1072 1039 1265 1083 studium
1289 1038 1412 1094 fidei,
1439 1048 1481 1083 et
1504 1037 1726 1096 flagrantia
1749 1037 1891 1081 chari-

505 1111 624 1163 tatis,
649 1119 692 1153 et
720 1109 985 1153 abundantia
1010 1109 1090 1153 zeli
1119 1109 1275 1153 domus
1299 1109 1401 1162 Dei,
1428 1108 1630 1167 apparuit
1647 1108 1692 1150 in
1714 1106 1891 1151 vocibus

502 1179 677 1233 vestris,
714 1194 820 1238 quas
853 1179 953 1222 satis
986 1178 1120 1222 claras
1154 1178 1285 1222 vestri
1320 1178 1460 1221 cordis
1494 1186 1622 1221 testes
1660 1175 1887 1220 habuistis.

504 1248 639 1293 Sinite
661 1257 711 1292 ut
747 1256 952 1307 appareat
981 1257 1025 1291 et
1058 1262 1297 1306 paucorum
1318 1245 1515 1290 fidelium
1544 1246 1642 1300 Dei,
1678 1260 1754 1304 per
1783 1260 1892 1305 quos

504 1317 808 1375 gubernamini
830 1353 840 1371 ,
896 1316 1091 1361 studium
1133 1317 1244 1361 circa
1301 1316 1425 1360 istam
1469 1314 1740 1360 voluntatem
1797 1330 1890 1359 ves-

504 1397 612 1432 tram
628 1393 658 1432 ².
686 1391 773 1432 Vos
795 1389 911 1431 enim
928 1423 938 1443 ,
971 1386 1145 1443 fratres,
1170 1387 1359 1447 populus
1391 1386 1467 1431 Dei
1494 1387 1618 1440 estis,
1658 1386 1770 1429 sicut
1801 1385 1891 1444 ipse

504 1458 638 1514 dixit,
677 1468 720 1502 et
742 1474 841 1503 oves
860 1474 1030 1518 pascuae
1057 1460 1194 1518 ejusss.
1218 1458 1396 1501 Habetis
1423 1457 1468 1500 in
1495 1457 1670 1500 nomine
1698 1456 1774 1499 Dei
1793 1471 1891 1514 pas-

506 1539 617 1573 tores
633 1564 645 1584 ,
684 1545 827 1574 servos
864 1530 1047 1588 pastoris
1085 1538 1128 1572 et
1161 1529 1357 1572 membra
1403 1528 1599 1587 pastoris.
1644 1525 1892 1571 Multitudi-

506 1601 569 1644 nis
592 1600 760 1644 animus
784 1609 827 1644 et
848 1600 1050 1644 voluntas
1079 1599 1134 1644 ad
1167 1614 1387 1659 quamque
1409 1614 1500 1642 rem
1526 1597 1770 1642 faciendam
1803 1597 1892 1640 istis

504 1671 684 1716 vocibus
705 1671 863 1730 poterit
885 1685 1092 1730 apparere
1119 1690 1126 1715 :
1152 1685 1393 1729 paucorum
1412 1679 1555 1714 autem
1585 1684 1688 1713 cura
1719 1684 1798 1727 pro
1815 1684 1894 1712 vo-

506 1742 598 1796 bis,
622 1756 711 1785 non
733 1742 913 1784 vocibus
928 1775 939 1794 ,
965 1740 1041 1784 sed
1061 1740 1190 1783 rebus
1217 1739 1350 1783 debet
1371 1738 1556 1783 ostendi.
1591 1742 1744 1797 Itaque
1760 1773 1771 1792 ,
1803 1737 1892 1781 ira-

508 1821 591 1854 tres
607 1845 618 1864 ,
643 1810 850 1868 quoniam
866 1811 957 1869 jam
979 1808 1099 1868 quod
1119 1807 1174 1852 ad
1197 1823 1270 1852 vos
1292 1807 1540 1866 pertinebat
1554 1842 1566 1861 ,
1591 1806 1798 1866 implestis
1821 1823 1892 1851 ac-

506 1881 735 1925 clamando
756 1901 766 1936 3
792 1880 918 1923 sinite
952 1888 1002 1922 ut
1028 1879 1239 1937 probetur
1259 1877 1381 1921 vobis
1398 1911 1409 1930 ,
1440 1885 1587 1920 utrum
1617 1885 1660 1920 et
1693 1877 1813 1936 quod
1836 1878 1890 1921 ad

507 1967 585 1995 nos
600 1952 802 2010 pertinet,
817 1950 1075 2008 impleamus
1093 1947 1276 2007 agendo.
1295 1947 1580 1992 Probavimus
1595 1963 1691 1999 vos;
1711 1947 1891 2007 probate

508 2037 610 2076 nos,
633 2021 666 2064 si
687 2030 784 2079 post
809 2020 910 2064 istas
943 2034 1069 2064 voces
1092 2028 1220 2063 testes
1242 2017 1383 2063 cordis
1411 2026 1454 2061 et
1477 2016 1610 2061 studii
1636 2019 1788 2073 vestri,
1814 2034 1891 2062 nos

508 2093 551 2135 in
570 2091 743 2149 agendis
761 2106 860 2151 quae
885 2091 951 2148 agi
976 2099 1175 2148 oportet,
1199 2104 1349 2148 segnes
1373 2086 1598 2132 fuerimus.
1624 2089 1746 2132 Absit
1768 2105 1791 2132 a
1812 2104 1892 2133 no-

508 2164 573 2206 bis
590 2197 601 2217 ,
626 2171 676 2206 ut
699 2177 774 2205 vos
796 2160 1072 2204 inveniamini
1096 2159 1244 2218 probi,
1270 2168 1313 2202 et
1344 2173 1422 2202 nos
1450 2158 1638 2216 reprobi.
1675 2157 1759 2203 Sed
1777 2175 1891 2218 quo-

508 2233 624 2276 niam
643 2232 843 2276 voluntas
860 2229 1016 2289 agendi
1034 2231 1088 2272 de
1110 2229 1159 2271 iis
1173 2229 1332 2289 quibus
1351 2227 1637 2282 acclamastis,
1659 2244 1745 2272 una
1767 2238 1830 2272 est
1849 2239 1890 2273 et

507 2310 646 2345 vestra
666 2311 708 2346 et
727 2310 894 2358 nostra3
920 2298 1075 2344 modus
1096 2314 1198 2343 vero
1219 2297 1374 2356 agendi
1396 2313 1475 2357 par
1496 2312 1585 2341 esse
1606 2313 1696 2342 non
1718 2307 1859 2357 potest
1878 2318 1887 2344 ε

512 2382 729 2432 putam11S‚
750 2371 1021 2425 Charissimi,
1044 2369 1143 2414 ideo
1165 2379 1380 2429 oportere,
1406 2378 1456 2412 ut
1478 2369 1678 2413 voluntas
1708 2370 1890 2429 accipia—

513 2455 581 2488 tur
601 2459 623 2486 a
645 2443 766 2487 vobis
783 2479 793 2498 ,
811 2442 1040 2488 consilium
1057 2440 1291 2500 implendae
1309 2440 1544 2485 voluntatis
1566 2450 1718 2485 vestrae
1739 2456 1892 2500 expec-

511 2523 624 2557 tetur
642 2530 665 2557 a
678 2514 817 2558 nobis.
845 2516 897 2559 Ut
914 2513 1107 2557 membra
1121 2511 1281 2557 Christi
1299 2526 1388 2555 non
1400 2509 1663 2564 discordent,
1681 2511 1890 2571 impleant

560 2606 564 2619 ¹
588 2598 703 2629 Matth.
727 2598 842 2637 x1,2'›‚
864 2602 926 2630 μιν.
954 2615 990 2620 ν*
1012 2604 1022 2620 ²
1042 2597 1147 2628 Flam<
1171 2596 1207 2627 :nl
1234 2608 1241 2627 1
1265 2597 1335 2626 «tor.
1358 2605 1410 2626 w.
1436 2612 1474 2617 —
1496 2595 1508 2616 '3¹
1530 2594 1604 2626 psat.
1627 2605 1707 2635 xciv,
1731 2605 1761 2636 ¹5.
1820 2632 1830 2636 ψ
