1924 3309
433 285 515 324 522
868 293 902 324 s.
938 293 1170 325 Avensa-1⁸1
1202 297 1383 326 muscom

429 360 543 405 milis
564 360 732 420 accipe,
756 369 800 405 et
819 360 1012 420 intellige
1033 360 1295 420 proximum.
1328 366 1469 424 Prope
1490 373 1556 408 est
1581 365 1696 409 enim
1721 368 1810 411 Do-

429 430 574 474 minus
593 430 660 474 his
682 430 759 490 qui
779 431 1054 476 obtriverunt
1074 446 1149 475 cor
1169 449 1178 476 ε
1203 441 1253 475 ut
1280 431 1396 478 dicas
1420 434 1467 478 in
1487 435 1682 479 oratione
1699 445 1773 480 tua
1798 456 1806 482 :

433 521 450 542 «
476 502 596 546 Sicut
628 500 895 560 proximum,
916 501 1027 544 sicut
1048 499 1227 545 fratrem
1244 512 1440 546 nostrum
1460 539 1471 559 ,
1492 505 1551 549 ita
1563 505 1811 565 complace-

433 590 451 613 »
471 571 588 614 bam.
600 590 617 612 »
635 572 780 615 Unum
792 585 892 628 ergo
900 571 1100 626 verbum,
1116 571 1237 631 quod
1253 574 1469 632 Propheta
1480 574 1649 619 addidit
1666 576 1816 635 proxi-

427 657 550 686 mum
585 642 839 686 nominans¹
866 661 875 686 :
909 642 1164 701 prophetica
1201 644 1318 687 enim
1346 637 1510 689 locutio
1540 645 1813 706 aliquantum

426 712 570 756 fuerat
582 713 770 771 tegenda
785 712 1041 756 sacramenti
1052 712 1282 768 velamine,
1294 723 1343 758 ut
1356 714 1684 760 desiderabilius
1698 732 1814 776 quae-

426 792 594 827 reretur
609 818 620 837 ,
646 792 696 826 ut
717 782 890 826 suavius
917 782 1200 828 inveniretur.
1237 784 1321 828 Ubi
1342 799 1443 843 ergo
1471 785 1545 829 ille
1566 786 1814 845 proximum

426 853 682 907 nominavit,
703 862 753 896 tu
765 853 988 897 Christum
1009 854 1186 897 nomina
1203 874 1215 912 3
1237 854 1340 914 quia
1361 865 1405 899 et
1419 854 1492 899 ille
1513 856 1737 901 Christum
1753 857 1813 901 ita

426 924 683 982 prophetice
705 923 950 967 nominavit
971 942 980 968 ε
1000 932 1050 967 tu
1072 923 1294 968 Christum
1311 925 1489 969 nomina
1507 959 1519 980 ‚
1542 934 1585 969 et
1604 925 1704 970 vide
1720 941 1814 970 cur-

425 1002 591 1037 rentem
623 992 837 1053 liquidam
859 993 1119 1038 sententiam
1135 1028 1146 1048 ,
1180 1003 1223 1037 et
1244 1003 1453 1053 tanquam
1478 994 1532 1038 de
1553 995 1677 1039 fonte
1698 996 1815 1040 veri-

424 1064 522 1108 tatis
541 1064 793 1122 irrigantem
812 1064 929 1108 sitim
950 1073 1088 1107 tuam.
1112 1081 1133 1106 «
1153 1063 1308 1108 Fidem
1326 1064 1498 1122 posside
1519 1079 1620 1109 cum
1641 1065 1814 1110 Christo

427 1151 446 1174 »
482 1135 525 1177 in
553 1144 810 1193 paupertate
847 1135 1010 1193 ipsius,
1044 1143 1094 1177 ut
1124 1143 1169 1178 et
1202 1134 1326 1178 bonis
1356 1135 1490 1192 ipsius
1510 1136 1758 1193 perfruaris.
1788 1153 1809 1177 »

423 1202 541 1255 Quid
568 1213 653 1257 est,
682 1223 701 1245 «
728 1203 884 1246 Fidem
912 1203 1085 1261 posside
1115 1218 1217 1247 cum
1249 1205 1452 1248 Christo?
1476 1223 1496 1245 »
1526 1208 1577 1248 In
1609 1220 1660 1249 eo
1691 1205 1812 1264 quod

423 1282 601 1332 propter
622 1282 665 1317 te
698 1273 832 1316 homo
854 1273 996 1316 factus
1018 1281 1081 1316 est
1097 1307 1108 1327 ,
1139 1273 1184 1316 in
1206 1288 1257 1316 eo
1279 1272 1399 1332 quod
1421 1273 1476 1316 de
1497 1274 1663 1331 virgine
1684 1283 1810 1319 natus

423 1352 509 1397 est,
527 1344 572 1386 in
589 1358 640 1387 eo
662 1344 784 1403 quod
801 1343 968 1401 accepit
986 1343 1295 1397 contumelias,
1326 1342 1447 1403 quod
1467 1343 1710 1402 flagellatus
1726 1353 1806 1400 est,

422 1414 542 1474 quod
560 1413 678 1471 ligno
701 1429 932 1471 suspensus
951 1448 962 1468 ‚
987 1412 1107 1473 quod
1123 1413 1270 1458 lancea
1292 1413 1548 1458 vulneratus
1565 1449 1575 1466 ‚
1602 1414 1723 1474 quod
1744 1430 1811 1459 se-

421 1483 570 1543 pultus
597 1502 605 1527 :
632 1483 721 1527 noli
753 1484 832 1527 ista
855 1498 1082 1542 spernere,
1108 1499 1197 1528 non
1220 1483 1301 1527 tibi
1336 1483 1608 1528 incredibilia
1629 1483 1811 1528 videan-

423 1562 524 1597 tur:
550 1562 592 1597 et
621 1553 679 1597 sic
712 1554 845 1597 fidem
882 1553 1052 1612 posside
1085 1569 1185 1597 cum
1219 1553 1433 1612 proximo.
1462 1556 1566 1597 Haec
1596 1562 1660 1598 est
1694 1554 1810 1597 enim

421 1632 653 1683 paupertas
677 1624 785 1683 ejus.
822 1625 939 1677 Quid
959 1633 1022 1668 est
1045 1633 1190 1668 autem
1209 1659 1220 1679 ,
1253 1643 1273 1666 «
1298 1626 1355 1668 Ut
1377 1633 1418 1667 et
1439 1623 1566 1668 bonis
1588 1624 1677 1683 ejus
1707 1638 1809 1683 per-

424 1712 445 1735 »
481 1693 667 1737 fruaris?
692 1713 711 1734 »
739 1694 879 1749 Audi,
905 1695 1008 1754 quia
1037 1695 1120 1739 hoc
1141 1693 1310 1738 voluit:
1344 1693 1477 1748 audi,
1512 1694 1614 1752 quia
1639 1694 1738 1737 ideo
1763 1694 1809 1737 in

419 1772 676 1824 paupertate
698 1763 753 1807 ad
782 1773 824 1807 te
852 1765 972 1807 venit
994 1782 1003 1807 ι
1030 1764 1132 1807 audi
1166 1779 1319 1807 vocem
1342 1763 1543 1822 pauperis
1565 1772 1744 1823 propter
1765 1773 1808 1807 te

420 1835 595 1879 Domini
615 1834 690 1879 Dei
712 1834 778 1878 tui
796 1834 974 1877 ditantis
989 1843 1056 1879 te:
1082 1833 1180 1878 vide
1201 1834 1424 1894 quomodo
1447 1833 1573 1878 bonis
1595 1836 1685 1894 ejus
1707 1849 1808 1893 per-

419 1905 575 1950 fruaris
592 1940 602 1959 ‚
638 1906 670 1948 si
694 1904 826 1948 fidem
849 1919 951 1948 cum
974 1919 1026 1948 eo
1049 1905 1095 1947 in
1117 1914 1373 1964 paupertate
1395 1906 1642 1950 servaveris.
1673 1924 1694 1947 «
1721 1908 1805 1949 Pa-

425 1994 443 2016 »
480 1985 559 2030 ter,
576 1976 734 2034 inquit,
759 1974 858 2019 volo
876 1984 925 2019 ut
945 1974 1022 2019 ubi
1044 1990 1125 2034 ego
1147 1991 1259 2031 sum,
1285 1984 1327 2020 et
1347 1976 1425 2035 ipsi
1443 1977 1530 2021 sint
1550 1991 1720 2020 mecum
1734 1979 1798 2019 2.»

471 2091 476 2106 ¹
502 2083 580 2115 Psal.
601 2094 714 2125 xxxrv,
733 2082 784 2124 14.
808 2100 848 2105 -—
876 2090 886 2106 ⁷
910 2085 1000 2116 Joan.
1023 2093 1099 2124 xvn,
1127 2082 1182 2125 24.
