1867 3320
335 279 657 310 rnoposrrmuns
688 281 746 308 Ex
777 277 977 309 zmsron
1009 278 1064 308 An
1097 279 1307 310 nonnos.
1453 270 1508 310 25

133 366 153 389 »
188 355 232 391 et
248 345 443 391 dolorem
465 345 611 390 inveni
626 379 637 400 ,
664 354 705 389 et
727 360 888 389 nomen
903 345 1074 388 Domini
1095 345 1330 388 invocav'11.
1357 363 1375 385 »
1397 348 1510 391 Cum

130 418 244 461 enim
261 416 389 471 dicit,
420 416 589 470 inveni,
607 415 818 483 significat
831 414 999 459 utilem.
1016 417 1115 460 Non
1141 415 1257 458 enim
1282 423 1397 464 recte
1418 431 1513 474 gra-

128 487 320 532 tulamur
332 502 410 531 nos
426 487 654 542 invenisse,
669 487 748 530 nisi
764 485 886 546 quod
900 486 1218 546 quaerebamus.
1236 488 1352 543 Ergo
1371 503 1391 526 «
1407 486 1514 544 quid

131 576 152 600 »
187 572 358 602 oremus
386 558 496 602 sicut
523 566 716 616 oportet,
739 558 968 601 nescimus.
989 560 1139 600 »Deus
1165 556 1280 599 enim
1308 555 1451 609 novit,
1473 565 1515 599 et

128 628 234 688 quid
261 629 386 672 nobis
405 630 450 672 in
472 629 553 673 hac
576 630 662 673 vita
689 629 908 687 expediat,
934 638 975 672 et
994 627 1101 688 quid
1127 637 1225 687 post
1245 627 1359 670 hanc
1381 627 1514 670 vitam

129 698 309 743 daturus
325 700 393 743 sit.
424 701 548 744 «Sed
573 701 664 759 ipse
692 700 875 759 Spiritus
901 698 1149 758 interpellat
1172 697 1404 757 gemitibus
1422 698 1514 741 ine-

127 787 148 811 »
186 768 476 813 narrabilibus
496 773 527 813 2.
557 787 578 810 »
604 771 785 813 Gemere
809 768 914 813 dicit
945 769 1142 828 spiritum
1159 803 1169 823 ‚
1197 767 1317 828 quod
1346 782 1424 811 nos
1448 782 1517 825 ge-

128 855 245 884 mere
271 839 400 884 saciat
419 841 628 884 charitate
645 875 655 894 ‚
678 841 899 884 concitans
921 839 1185 883 desiderium
1209 838 1371 882 futurae
1388 838 1489 881 vitae
1503 872 1514 892 ‚

129 910 239 954 sicut
256 910 361 955 dicit
388 930 396 954 :
428 928 447 951 «
468 913 622 953 Tentat
640 924 716 954 vos
740 909 948 953 Dominus
970 912 1082 952 Deus
1099 917 1264 963 vester,
1290 916 1339 951 ut
1361 908 1466 951 sciat
1483 908 1517 951 si

130 998 150 1021 n
186 980 364 1038 diligitis
389 995 487 1024 eum
503 982 518 1005 3
539 997 550 1023 .·
571 998 591 1021 >›
616 980 663 1024 id
685 989 770 1034 est,
795 988 844 1023 ut
869 980 976 1023 scire
998 995 1074 1023 vos
1106 979 1251 1023 faciat.
1279 980 1375 1023 Non
1399 978 1515 1021 enim

127 1052 267 1093 Deum
291 1049 458 1109 aliquid
482 1049 601 1093 latet.

187 1122 277 1164 LV.
302 1120 432 1173 Quod
450 1113 596 1164 autem
627 1121 687 1164 ait
706 1141 716 1165 ’.
747 1139 767 1162 «
793 1122 912 1173 Quos
935 1119 1107 1164 vocavit
1126 1153 1136 1173 ,
1159 1119 1273 1177 ipsos
1296 1128 1339 1162 et
1357 1119 1519 1178 justifi-

131 1208 151 1231 »
186 1190 298 1235 cavit
314 1191 329 1215 4
347 1225 358 1245 ‚
387 1208 407 1231 »
433 1199 575 1250 potest
596 1205 771 1234 movere
786 1225 796 1244 ‚
829 1198 872 1233 et
895 1190 1057 1249 quaeri,
1093 1197 1243 1232 utrum
1266 1203 1415 1233 omnes
1443 1189 1518 1247 qui

128 1262 270 1305 vocati
286 1270 388 1305 sunt
405 1296 416 1316 ‚
436 1261 745 1320 justificentur.
772 1260 856 1304 Sed
880 1260 983 1304 alibi
999 1260 1182 1316 legimus
1209 1278 1219 1304 ε
1243 1278 1262 1300 «
1288 1258 1417 1303 Multi
1438 1273 1518 1302 vo-

133 1348 152 1371 »
188 1331 293 1384 cati,
318 1331 445 1389 pauci
478 1339 625 1374 autem
658 1329 783 1372 electi
801 1332 832 1371 ⁵.
862 1347 882 1369 »
921 1331 1083 1372 Tamen
1110 1329 1210 1387 quia
1233 1328 1313 1386 ipsi
1341 1343 1519 1388 quoque

130 1399 255 1443 electi
278 1400 431 1459 utique
459 1399 600 1443 vocati
623 1408 746 1452 sunt,
773 1397 1053 1441 manifestum
1076 1406 1139 1441 est
1157 1412 1246 1441 non
1260 1397 1519 1456 justificatos

130 1469 211 1512 nisi
228 1477 429 1524 vocatos,
450 1482 704 1528 quanquam
728 1482 817 1511 non
841 1482 991 1511 omnes
1019 1475 1195 1511 vocatos
1212 1501 1223 1521 ‚
1249 1466 1326 1510 sed
1350 1482 1422 1511 eos
1444 1468 1519 1527 qui

130 1537 371 1583 secundum
405 1538 678 1597 propositum
710 1537 853 1581 vocati
886 1546 987 1580 sunt
1004 1571 1014 1591 ,
1040 1537 1149 1580 sicut
1171 1537 1369 1596 superius
1391 1536 1515 1581 dixit.

131 1608 404 1667 Propositum
438 1617 583 1652 autem
610 1607 688 1650 Dei
711 1605 1013 1665 accipiendum
1038 1616 1101 1650 est
1117 1641 1128 1661 ‚
1160 1622 1249 1650 non
1272 1607 1465 1665 ipsorum
1483 1611 1514 1650 ⁰.

131 1681 226 1737 Ipse
250 1687 393 1721 autem
421 1678 597 1736 exponit
614 1677 722 1736 quid
745 1678 799 1720 sit
822 1676 1062 1720 secundum
1090 1678 1362 1736 propositum
1381 1712 1391 1731 ‚
1419 1692 1518 1721 cum

131 1746 236 1791 dicit
262 1766 270 1791 :
301 1765 320 1788 «
346 1746 564 1799 Quoniam
601 1761 711 1805 quos
748 1754 848 1789 ante
876 1746 1091 1804 praescivit
1128 1755 1171 1789 ct
1192 1746 1520 1804 praedestinavit

133 1835 153 1858 »
191 1815 434 1861 conformes
452 1816 650 1873 imaginis
677 1815 775 1858 Filii
798 1816 888 1874 ejus
904 1817 934 1858 ⁷.
964 1833 983 1855 »
1010 1818 1106 1859 Non
1128 1816 1244 1859 enim
1269 1831 1419 1860 omnes
1443 1818 1518 1876 qui

132 1887 270 1931 vocati
293 1895 410 1940 sunt,
428 1885 669 1930 secundum
689 1885 959 1944 propositum
977 1886 1118 1929 vocati
1141 1895 1243 1929 sunt
1265 1905 1274 1930 ε
1295 1886 1378 1930 hoc
1402 1888 1518 1929 enim

133 1956 401 2016 propositum
424 1956 478 1999 ad
502 1955 817 2014 praescientiam
841 1964 883 1998 et
906 1954 960 1998 ad
988 1955 1415 2013 praedestinationem
1443 1957 1518 1998 Dei

131 2027 318 2086 pertinet
337 2048 346 2083 3
373 2041 452 2070 nec
480 2025 805 2084 praedestinavit
826 2026 1031 2084 aliquem,
1053 2026 1131 2068 nisi
1152 2041 1281 2086 quem
1302 2029 1519 2085 praescivit

132 2096 398 2142 crediturum
423 2105 466 2140 ct
483 2105 736 2140 secuturum
759 2096 1032 2140 vocationem
1057 2111 1195 2150 suam,
1222 2111 1330 2156 quos
1346 2106 1389 2139 ct
1412 2097 1518 2141 clec-

134 2176 198 2211 tos
218 2165 337 2210 dicit.
362 2165 491 2211 Multi
515 2166 630 2209 enim
668 2181 758 2210 non
786 2166 995 2220 veniunt,
1022 2181 1123 2209 cum
1144 2166 1283 2210 vocati
1316 2165 1479 2210 fuerint
1507 2186 1514 2210 :

133 2250 261 2281 nemo
280 2245 424 2280 autem
447 2237 565 2280 venit
587 2237 661 2295 qui
681 2245 860 2280 vocatus
883 2251 971 2280 non
994 2236 1141 2279 suerit.

197 2308 304 2349 LVI.
333 2304 460 2357 Quod
482 2315 624 2350 autem
646 2305 750 2350 dicit
777 2325 785 2350 z
817 2325 836 2347 «
860 2308 913 2350 Ut
937 2306 988 2349 sit
1005 2306 1318 2363 primogenitus
1340 2306 1382 2349 in
1402 2306 1518 2349 mul-

138 2393 156 2415 »
192 2377 245 2418 tis
270 2373 474 2418 fratribus
493 2377 507 2400 ὅ
526 2410 536 2429 ‚
567 2394 585 2416 »
611 2376 710 2419 satis
732 2374 884 2428 docet,
911 2374 1033 2418 aliter
1063 2374 1395 2432 intelligendum
1430 2379 1517 2418 no-

134 2445 301 2488 minum
333 2454 527 2489 nostrum
550 2446 846 2503 unigenitum,
875 2445 997 2488 alitor
1030 2445 1382 2503 primogenitum.
1411 2448 1516 2489 Nam

185 2544 192 2559 ¹
215 2539 291 2568 psal.
307 2549 391 2578 cxiv,
408 2539 440 2579 3,
460 2538 536 2580 4.-
553 2546 564 2561 ²
587 2542 674 2570 l'unn.
699 2550 763 2580 vin,
783 2550 884 2581 27··-
901 2538 913 2561 3
930 2543 1021 2571 nent.
1043 2550 1113 2579 1111,
1130 2539 1207 2571 3.—
1227 2539 1349 2571 4110111.
1369 2551 1439 2580 vm,
1462 2542 1513 2571 llo.

139 2609 177 2615 —
194 2591 206 2613 ⁵
223 2594 339 2624 ΜηῑΙΙι.
359 2603 437 2633 xxii,
461 2594 507 2635 14,
538 2594 602 2615 —‘²
621 2597 707 2625 nom.
732 2605 801 2632 νιιι,
817 2597 869 2626 ’>.8.
898 2611 933 2616 -
952 2601 963 2626 7
983 2594 1050 2625 lbi-l
1081 2604 1134 2635 ⁹9-
1157 2612 1193 2617 —-
1213 2595 1326 2625 ³11·i.l.
