1867 3320
412 271 549 299 sznmo
581 271 641 298 lv.
678 271 732 298 m:
764 265 884 298 neon
917 271 970 297 ET
1000 270 1119 299 Esau
1371 263 1452 302 185

81 338 233 384 occisio
255 335 482 380 haedorum
503 345 546 380 et
567 335 755 395 portatio
778 334 958 395 pellium
982 354 990 379 :
1012 350 1103 378 rem
1127 344 1270 380 tamen
1291 339 1455 396 signifi-

78 417 198 463 cant,
218 423 316 468 quae
333 422 423 451 uno
449 416 644 466 tempore
666 407 758 450 fieri
780 414 935 465 potest.
951 404 1089 450 Simul
1112 406 1228 449 enim
1251 415 1294 450 et
1315 410 1456 466 arguit

68 481 210 540 -justus
231 486 476 538 peccatores
493 512 504 532 ,
544 477 665 537 quod
687 486 750 521 est
770 476 921 521 haedos
953 474 1150 521 occidere
1171 497 1182 534 3
1217 485 1259 520 et
1282 489 1455 535 peccata

76 563 223 594 eorum
260 547 592 592 misericorditer
628 547 783 592 tolerat
799 582 811 602 ‚
851 547 973 607 quod
1007 555 1071 591 est
1100 546 1236 606 pelles
1264 556 1452 606 portare.

10 655 12 659 .
75 622 295 674 Quantum
317 619 362 662 in
384 619 477 678 ipso
498 619 582 663 fuit
597 653 608 675 ,
629 618 789 663 occidit
805 619 954 663 haedos
967 653 979 674 ,
1003 617 1163 669 occidit
1182 626 1453 678 peccatores:

10 707 13 744 j
74 689 148 735 sed
165 689 368 750 portabat
385 689 524 734 aliena
541 699 718 749 peccata
735 724 746 745 ‚
773 698 816 733 et
842 689 1044 749 portabat
1074 703 1175 734 cum
1196 688 1425 734 tolerantia
1443 712 1454 748 3

11 783 13 795 2
73 762 229 806 meruit
250 760 451 806 benedici
472 781 480 806 z
505 762 608 820 quia
630 762 812 806 charitas
833 762 978 818 omnia
1001 760 1171 807 tolerat.
1196 763 1294 820 Ipsa
1313 762 1456 806 chari-

74 841 135 876 tas
152 840 243 876 erat
263 832 309 875 in
326 840 478 886 matre,
505 841 548 876 et
569 833 755 891 figuram
779 832 996 876 charitatis
1016 832 1149 892 ipsius
1171 831 1348 891 gerebat
1364 847 1458 877 ma-

73 911 138 947 ter
159 922 167 947 :
193 918 292 962 quae
313 903 452 961 figura
475 902 671 946 omnium
693 910 943 947 sanctorum
966 912 1080 958 erat,
1105 904 1291 962 figuram
1321 903 1457 947 chari·

71 973 168 1016 tatis
190 972 394 1030 gerebat,
419 973 519 1031 quia
542 972 678 1017 sancti
716 987 805 1016 non
833 981 934 1016 sunt
951 1007 962 1027 ,
1004 972 1085 1017 nisi
1117 973 1194 1032 qui
1221 972 1456 1017 habuerint

69 1043 339 1087 charitatem.
370 1042 528 1095 «Quid
563 1042 679 1087 enim
718 1041 938 1102 proderit,
980 1043 1015 1087 si
1044 1042 1203 1102 linguis
1224 1043 1455 1087 hominum

11 1145 13 1148 .
73 1129 94 1154 »
127 1111 281 1172 loquar
302 1121 344 1157 et
362 1112 627 1170 Angelorum
648 1148 659 1168 ,
684 1113 937 1158 charitatem
955 1122 1101 1158 autem
1125 1128 1215 1158 non
1237 1112 1456 1157 habeam?

11 1192 14 1221 τ
75 1200 96 1224 »
132 1185 289 1227 Factus
311 1199 406 1227 sum
439 1193 724 1228 aeramentum
746 1200 903 1229 sonans
919 1219 931 1238 ,
968 1193 1043 1228 aut
1077 1183 1331 1242 cymbalum
1364 1183 1454 1227 tin-

73 1271 94 1294 »
128 1253 263 1296 niens.
283 1256 338 1297 Et
353 1253 388 1296 si
410 1253 606 1298 habuero
629 1269 804 1298 omnem
821 1255 971 1308 fidem,
990 1254 1048 1299 ita
1070 1265 1116 1298 ut
1133 1262 1303 1298 montes
1321 1262 1454 1298 trans-

70 1341 90 1364 »
127 1322 259 1367 feram
274 1358 284 1378 ‚
301 1323 552 1367 charitatem
576 1333 720 1368 autem
741 1340 829 1369 non
851 1324 1054 1375 habeam,
1077 1322 1187 1368 nihil
1204 1339 1316 1368 sum.
1343 1327 1399 1369 Et
1419 1325 1454 1369 si

75 1412 94 1434 »
129 1395 264 1438 sciero
304 1394 448 1438 omnia
481 1404 768 1448 sacramenta,
810 1405 852 1439 et
890 1410 1067 1440 omnem
1088 1395 1387 1454 prophetiam,
1412 1405 1455 1441 et

69 1483 90 1505 »
127 1465 294 1509 tradam
312 1481 468 1525 corpus
491 1481 636 1510 meum
651 1474 700 1509 ut
716 1465 907 1517 ardeam,
928 1466 1184 1510 charitatem
1202 1476 1347 1511 autem
1364 1483 1454 1512 non

70 1553 89 1576 »
124 1535 334 1588 habeam,
364 1535 473 1579 nihil
496 1537 603 1580 mihi
633 1536 852 1596 prodest1.
883 1555 902 1578 »
929 1536 1079 1590 Qualis
1097 1546 1161 1581 est
1182 1552 1283 1596 ergo
1310 1538 1453 1582 chari-

11 1619 15 1647 }
66 1612 144 1658 tas,
165 1618 264 1663 quae
283 1602 373 1647 sola
395 1604 584 1649 multum
608 1606 806 1666 prodest,
827 1607 920 1650 sine
942 1622 1029 1666 qua
1051 1616 1206 1652 caetera
1228 1607 1339 1652 nihil
1357 1623 1454 1668 pro-

66 1674 198 1717 sunt?
222 1675 335 1731 Ergo
371 1673 462 1732 ipsa
501 1673 685 1719 charitas
707 1674 782 1719 dat
821 1676 1049 1720 consilium
1065 1711 1076 1731 ,
1103 1688 1146 1722 et
1167 1678 1318 1722 obedit
1339 1678 1454 1724 filius

65 1743 300 1787 charitatis.

123 1815 244 1856 XXI.
269 1811 406 1866 Quale
435 1814 665 1858 consilium
699 1814 808 1859 dat?
835 1818 888 1860 Ut
909 1817 1092 1876 accipiat
1109 1816 1181 1860 ille
1212 1817 1346 1876 pelles
1368 1819 1454 1863 hae-

65 1882 186 1927 dinas
206 1918 217 1937 ,
248 1892 291 1927 et
321 1884 498 1928 accedat
520 1884 575 1928 ad
598 1894 782 1943 patrem.
820 1888 1028 1946 Majorem
1061 1888 1219 1948 quaerit
1240 1898 1383 1948 pater,
1409 1901 1452 1936 et

64 1954 276 1998 minorem
299 1953 541 1998 benedicit:
565 1958 698 1999 Vetus
718 1958 1040 2002 Testamentum
1059 1961 1082 2002 J
1089 1959 1235 2003 udaeos
1255 1959 1451 2005 intuetur

63 2039 140 2083 per
162 2024 371 2079 litteram,
402 2034 445 2068 et
467 2040 544 2084 per
565 2026 799 2084 spiritalem
835 2028 924 2087 ejus
950 2028 1281 2088 intelligentiam
1300 2031 1449 2075 Chris·

65 2095 169 2140 tiani
200 2096 245 2139 in
279 2095 353 2140 illo
399 2095 731 2141 benedicuntur.
774 2099 977 2144 Intendat
1013 2101 1225 2144 Sanctitas
1263 2103 1413 2146 Vestra
1435 2139 1445 2157 ,

65 2180 269 2223 magnum
287 2167 556 2222 mysterium,
584 2183 790 2226 magnum
814 2180 1148 2215 sacramentum.
1175 2171 1288 2215 Dicit
1308 2175 1445 2218 Isaac:

69 2253 87 2276 α
123 2237 250 2280 'Venit
283 2237 415 2280 frater
453 2246 552 2282 tuus
581 2254 681 2282 cum
711 2239 834 2294 dolo,
865 2259 884 2281 »
913 2241 967 2284 de
1004 2242 1180 2285 homine
1215 2242 1307 2286 sine
1326 2242 1442 2288 dolo.

67 2306 165 2350 Sine
186 2306 323 2350 dubio
350 2310 464 2351 Isaac
482 2308 555 2352 ille
570 2345 580 2362 ,
608 2318 654 2353 ut
677 2319 767 2355 erat
789 2312 940 2370 spiritu
970 2313 1247 2372 prophetico,
1269 2325 1447 2360 noverat

63 2377 169 2437 quid
193 2379 424 2436 agebatur,
460 2381 614 2439 etipse
647 2382 830 2440 figurate
869 2384 1054 2442 agebat,
1081 2385 1224 2429 omnia
1247 2387 1369 2444 ponit
1402 2387 1446 2430 iu

63 2461 217 2505 magna
246 2447 475 2492 altitudine
508 2463 876 2497 sacramentorum
906 2473 913 2497 z
954 2469 1052 2498 nam
1075 2455 1108 2498 si
1134 2456 1317 2500 nesciret
1340 2457 1445 2515 quid

13 2531 17 2564 ς
62 2526 229 2576 ageret,
254 2520 505 2563 irasceretur
527 2519 694 2566 fallenti
718 2539 762 2566 se
781 2523 883 2567 lilio.
916 2525 1042 2568 Venit
1068 2526 1228 2584 major,
1249 2535 1293 2571 ct
1314 2525 1440 2571 dicit:

109 2609 116 2624 ¹
142 2613 150 2633 ι
173 2604 244 2635 Cor.
264 2615 330 2645 nu,
356 2616 384 2644 ι,
403 2609 465 2636 etc.
