1924 3309
440 244 523 282 374
864 257 896 282 s.
933 253 1163 283 Auens-nm
1195 255 1375 282 Emscom

498 322 617 364 XVI.
643 320 859 380 Apparuit
877 355 888 376 ,
914 321 1026 365 sicut
1053 334 1297 378 congruum
1312 319 1569 380 judicabat3
1592 321 1741 376 latuit,
1763 322 1821 366 si·

438 404 510 438 cut
531 401 637 437 erat.
663 394 801 436 Verus
824 392 1006 437 affectus
1028 407 1119 436 non
1139 389 1335 447 videtur,
1359 408 1452 437 non
1482 393 1654 437 videtur
1675 408 1816 449 amor,

437 479 527 509 non
558 462 733 508 videtur
761 461 954 507 dilectio.
993 465 1056 506 De
1088 460 1163 505 illo
1197 461 1377 520 pignore
1410 462 1455 506 in
1483 461 1530 506 id
1562 471 1744 519 aestuet,
1776 464 1821 508 in

435 534 561 596 quod
579 533 792 578 aestuabat
812 543 855 577 et
876 535 1048 590 Moyses
1066 567 1077 587 ‚
1097 531 1174 591 qui
1196 531 1235 575 ei
1257 547 1388 591 quem
1405 532 1600 589 videbat,
1622 533 1817 580 dicebat:

440 626 461 649 «ι
495 603 688 648 Ostende
710 603 817 647 mihi
836 602 1156 660 temetipsum.»
1171 601 1216 646 Si
1238 601 1322 646 hoc
1344 616 1448 660 ergo
1468 603 1720 661 quaerimus,
1745 603 1823 648 filii

436 675 568 735 ipsius
581 689 744 718 sumus.
764 672 898 717 «Filii
915 673 1032 715 enim
1049 671 1128 716 Dei
1146 687 1315 728 sumus,
1341 681 1385 716 et
1406 672 1605 716 nondum
1622 675 1823 734 apparuit

439 764 460 787 »
485 744 595 805 quid
624 744 799 787 erimus.
825 742 993 786 Scimus
1027 741 1128 801 quia
1157 757 1257 785 cum
1291 743 1568 802 apparuerit,
1601 743 1759 788 similes
1783 743 1822 787 ei

439 834 475 857 »·
495 815 671 869 erimus,
692 813 899 873 quoniam
913 810 1160 856 videbimus
1183 827 1285 855 eum
1307 813 1434 857 sicuti
1454 814 1587 857 est¹.»
1598 815 1697 858 Non
1714 814 1825 858 sicut

435 885 551 930 visus
584 893 647 929 est
672 883 728 928 ad
755 883 899 927 ilicem
924 882 1122 927 Mambre
1139 917 1150 937 ‚
1185 897 1275 926 non
1310 883 1422 926 sicut
1438 882 1551 926 visus
1573 892 1636 926 est
1653 884 1820 941 Moysi,

434 965 485 1000 ut
517 955 660 999 adhuc
687 954 726 998 ei
752 953 977 998 dicamus:
1010 953 1204 997 Ostende
1235 953 1361 997 nobis
1395 954 1672 1012 temetipsum
1706 973 1716 998 ε
1746 953 1823 998 sed

434 1025 675 1071 videbimus
713 1039 814 1067 eum
849 1023 975 1067 sicuti
1013 1033 1092 1067 est.
1137 1023 1235 1074 Quo
1273 1025 1461 1068 merito?
1493 1023 1604 1076 Quia
1635 1022 1713 1068 filii
1745 1023 1823 1068 Dei

433 1110 598 1140 sumus.
624 1097 682 1138 Et
702 1095 787 1138 hoc
822 1109 912 1137 non
943 1108 997 1136 ex
1019 1093 1175 1137 nostris
1209 1093 1400 1148 meritis,
1435 1092 1512 1137 sed
1541 1093 1676 1151 gratia
1707 1093 1823 1137 illius

434 1163 756 1208 misericordiae.
773 1181 792 1205 «
806 1162 1003 1207 Pluviam
1019 1162 1132 1205 enim
1156 1161 1448 1206 voluntariam
1470 1177 1695 1221 segregans
1709 1166 1823 1207 Deus

439 1255 458 1277 »
479 1233 722 1279 haereditati
738 1242 827 1276 tuae
841 1242 906 1277 :et
921 1233 1141 1276 infirmata
1163 1241 1270 1287 est‚»
1288 1248 1378 1276 non
1391 1231 1445 1276 de
1458 1248 1502 1276 se
1519 1233 1823 1291 praesumendo

437 1306 584 1351 videre
606 1302 727 1364 quod
743 1318 833 1347 non
853 1302 989 1357 videt,
1011 1301 1324 1346 sed'credendo
1346 1301 1467 1362 quod
1487 1302 1634 1347 videre
1651 1302 1822 1347 deside-

438 1385 503 1420 rat
529 1392 540 1418 :
565 1394 585 1416 ‹<
611 1384 662 1418 tu
682 1388 784 1417 vero
805 1371 1024 1432 perfecisti
1044 1375 1179 1415 eam2.
1204 1391 1224 1414 »
1246 1371 1443 1417 Perfecta
1466 1388 1569 1432 ergo
1595 1372 1822 1418 haereditas

440 1447 553 1506 ejus,
578 1454 621 1489 et
639 1444 714 1488 filii
739 1444 829 1503 ejus
847 1478 857 1497 ,
878 1441 1125 1487 videbimus
1147 1457 1248 1486 eum
1271 1443 1398 1487 sicuti
1415 1452 1491 1487 est.

495 1517 638 1560 XVII.
678 1513 763 1558 Sed
787 1514 841 1557 de
860 1513 958 1556 filiis
987 1511 1095 1572 quid
1123 1512 1231 1556 dixit
1259 1513 1503 1557 Dominus?
1523 1532 1544 1555 «
1569 1514 1688 1557 Beati
1704 1514 1824 1572 paci-

443 1605 463 1627 »
499 1586 599 1639 fici,
626 1584 834 1644 quoniam
854 1583 936 1641 ipsi
957 1581 1034 1626 filii
1051 1583 1128 1625 Dei
1149 1582 1424 1626 vocabuntur
1438 1584 1497 1626 3.»
1526 1586 1642 1642 Ergo
1659 1582 1713 1627 de
1735 1593 1824 1628 tam

439 1656 597 1702 abditis
620 1654 973 1713 difficillimisque
991 1653 1304 1712 quaestionibus
1321 1688 1331 1707 ,
1354 1654 1389 1697 si
1406 1654 1513 1713 quid
1533 1654 1677 1699 minus
1694 1654 1825 1698 intel-

438 1728 632 1785 ligimus,
652 1724 831 1783 pacifice
846 1724 1130 1782 requiramus.
1151 1725 1247 1767 Non
1264 1723 1441 1766 infletur
1459 1722 1567 1767 alter
1590 1739 1669 1782 pro
1691 1723 1826 1768 altero

441 1796 645 1841 adversus
663 1794 1005 1838 alte1·um4.Nam
1025 1793 1059 1835 si
1081 1791 1224 1835 zelum
1247 1807 1439 1835 amarum
1463 1793 1649 1847 habetis,
1665 1802 1709 1836 et
1722 1809 1826 1838 con-

438 1866 651 1912 tentiones
678 1865 724 1907 in
746 1864 870 1908 vobis
890 1872 994 1906 sunt
1017 1882 1025 1906 :
1051 1878 1143 1906 non
1173 1871 1237 1905 est
1258 1863 1337 1906 ista
1369 1863 1577 1921 sapientia
1599 1862 1825 1908 desursum

435 1935 727 1991 descendens3
755 1933 830 1976 sed
852 1942 1048 1986 terrena,
1070 1929 1292 1986 animalis,
1319 1931 1576 1976 diabolica⁵.
1603 1932 1702 1976 Filii
1723 1948 1826 1992 ergo

436 2008 514 2052 Dei
536 2021 684 2050 sumus
702 2022 712 2057 ;
738 2014 781 2048 et
801 2003 1074 2063 agnoscimus
1096 2002 1216 2062 quod
1239 2004 1328 2063 ejus
1346 2002 1424 2046 filii
1447 2018 1596 2047 sumus
1613 2038 1625 2059 ‚
1650 2019 1731 2048 nec
1753 2019 1825 2063 ag-

439 2078 658 2123 noscimur
675 2112 686 2131 ,
727 2076 807 2119 nisi
837 2074 1007 2135 pacifici
1045 2072 1271 2118 fuerimus.
1306 2076 1416 2119 Nam
1454 2074 1572 2117 unde
1604 2072 1827 2118 videamus

440 2153 580 2193 Deum
615 2162 705 2191 non
738 2144 1023 2200 habebimus,
1059 2144 1094 2188 si
1126 2143 1433 2188 contendendo
1462 2144 1508 2188 in
1529 2143 1651 2188 nobis
1686 2145 1825 2204 ipsum

444 2218 622 2263 oculum
647 2216 966 2261 extinxerimus.

499 2291 669 2333 XVIII.
696 2286 886 2332 Attende
909 2286 1017 2347 quid
1039 2285 1153 2329 dicat
1173 2320 1183 2339 ‚
1203 2300 1281 2328 cur
1311 2285 1466 2329 timens
1489 2294 1532 2328 et
1553 2294 1741 2329 tremens
1757 2285 1826 2330 lo-

445 2375 569 2420 quor.
591 2362 747 2402 Pacem
769 2357 993 2402 sectamini
1015 2370 1116 2401 cum
1138 2355 1339 2400 omnibus
1360 2365 1403 2399 et
1418 2355 1823 2411 sanctificationem,

445 2431 536 2474 sine
558 2445 645 2490 qua
684 2444 811 2473 nemo
846 2428 1004 2488 poterit
1029 2426 1174 2473 videre
1211 2430 1363 2471 Deum.
1404 2426 1636 2480 Quomodo
1671 2427 1827 2471 terruit

497 2533 502 2547 ¹
531 2536 541 2555 1
560 2528 649 2556 Joau‚
666 2535 716 2565 111,
735 2532 767 2555 2.
792 2540 833 2545 —
854 2531 865 2545 ²
889 2524 1076 2563 Psatrxvu,
1098 2533 1148 2554 10.
1177 2539 1204 2545 —
1227 2521 1240 2545 3
1258 2521 1376 2554 Matth.
1393 2532 1424 2562 v,
1442 2532 1523 2562 9.-
1546 2522 1562 2549 4
1587 2533 1599 2553 1
1622 2523 1692 2553 Cor.
1720 2532 1767 2562 Π,
1788 2521 1823 2553 6.

453 2598 492 2602 -
514 2580 650 2611 5Jacob.
672 2590 717 2620 ln,
744 2578 794 2619 ri,
814 2584 877 2610 etc.
