1924 3309
410 263 492 303 126
830 274 864 302 s.
900 273 1131 303 Aucus‘nm
1163 276 1345 303 Emscom

408 357 428 381 »
459 338 757 399 justificamini
775 340 834 382 ¹.»
857 342 960 384 Haeo
982 349 1046 384 est
1066 339 1140 383 illa
1161 339 1438 398 proscriptio,
1463 354 1550 399 qua
1567 338 1789 384 Christum

405 409 693 470 proscriptum
708 411 904 470 superius
920 412 1086 454 dixerat
1098 414 1138 467 ²3
1162 419 1212 454 ut
1227 426 1326 455 cum
1340 411 1408 454 isti
1429 418 1745 454 evacuarentur
1765 425 1790 454 a

405 480 599 536 Christo,
636 481 681 525 id
718 491 808 536 est,
848 481 1044 526 Christus
1066 480 1120 524 ab
1153 481 1213 524 eis
1244 490 1453 541 tanquam
1477 496 1500 524 a
1528 479 1792 540 possessione

406 566 536 612 quam
561 552 759 606 tenebat,
781 551 993 605 abscedit,
1019 567 1149 610 opera
1166 553 1289 610 Legis
1305 552 1349 595 in
1366 567 1462 595 eam
1478 551 1791 610 possessionem

405 630 615 681 tanquam
630 622 675 666 in
693 637 873 666 vacuam
893 622 1173 665 inducantur.
1195 621 1325 675 Quod
1353 622 1456 681 quia
1478 637 1568 665 non
1585 621 1758 666 Christo
1776 655 1788 678 ,

406 693 483 738 sed
495 692 579 737 illis
597 694 745 747 obest,
770 692 937 736 addidit
957 727 969 747 ‚
993 711 1013 734 «
1039 709 1062 736 a
1081 693 1216 750 gratia
1240 691 1470 736 excidistis.
1499 710 1519 734 »
1540 694 1653 737 Cum
1674 692 1792 736 enim

407 764 491 808 hoc
515 773 612 821 agat
633 764 766 821 gratia
788 762 973 818 Christi,
999 772 1049 807 ut
1065 762 1128 806 illi
1145 762 1220 823 qui
1238 763 1454 806 debitores
1470 772 1594 807 erant
1610 777 1793 822 operum

408 834 558 891 Legis,
589 834 831 878 liberentur
853 834 937 878 hoc
967 833 1148 891 debito,
1172 833 1239 877 isti
1273 833 1430 891 ingrati
1465 842 1598 877 tantae
1619 833 1789 891 gratiae,

408 903 625 949 debitores
646 920 736 949 esse
763 904 919 949 volunt
941 904 1153 948 universae
1182 904 1306 962 Legis
1335 902 1562 948 faciendae.
1587 902 1794 949 Nondum

410 984 555 1018 autem
588 984 681 1019 erat
700 973 864 1020 factum
886 996 896 1032 3
921 974 996 1018 sed
1017 975 1118 1034 quia
1148 974 1349 1018 voluntas
1373 975 1536 1019 moveri
1570 982 1791 1034 coeperat,

408 1046 467 1090 ita
490 1045 707 1106 plerisque
730 1046 834 1090 locis
851 1045 1047 1106 loquitur
1066 1045 1190 1106 quasi
1209 1044 1371 1090 factum
1393 1045 1462 1089 sit.
1492 1065 1512 1087 «
1539 1047 1626 1090 Nos
1648 1045 1764 1088 enim
1779 1079 1792 1100 ,

414 1134 434 1157 n
469 1117 635 1177 inquit,
661 1117 814 1176 spiritu
835 1132 885 1160 ex
908 1117 993 1160 fide
1013 1131 1132 1176 spem
1150 1116 1328 1176 justitiae
1346 1125 1621 1175 expectamus
1635 1116 1667 1159 3.
1697 1133 1717 1156 »
1747 1117 1797 1159 In

410 1203 500 1248 quo
513 1188 781 1233 demonstrat
802 1204 850 1232 ea
869 1189 1084 1248 pertinere
1107 1186 1161 1231 ad
1178 1187 1308 1232 fidem
1332 1188 1516 1240 Christi,
1542 1203 1641 1247 quae
1668 1186 1796 1246 spiri-

411 1259 555 1303 taliter
571 1269 870 1318 expectantur,
886 1275 974 1304 non
989 1275 1088 1319 quae
1103 1259 1331 1303 carnaliter
1348 1258 1665 1312 desiderantur,
1685 1273 1797 1318 qua-

412 1328 525 1373 libus
542 1329 897 1389 promissionibus
915 1330 1098 1373 servitus
1112 1328 1184 1372 illa
1202 1329 1435 1373 tenebatur
1454 1348 1463 1373 :
1480 1328 1592 1373 sicut
1604 1328 1688 1389 alio
1701 1327 1799 1373 loco

413 1399 538 1444 dicit:
550 1403 673 1445 «Non
687 1401 1015 1459 respicientibus
1028 1399 1152 1444 nobis
1168 1416 1268 1460 quae
1276 1398 1496 1454 videntur,
1513 1398 1589 1443 sed
1601 1415 1700 1459 quae
1711 1413 1800 1443 non

416 1487 437 1512 »
458 1470 676 1515 videntur.
702 1474 810 1524 Quae
823 1470 938 1514 enim
952 1460 1172 1525 videntur,
1189 1470 1443 1529 temporalia
1469 1480 1706 1530 sunt:quae
1726 1485 1800 1514 au-

417 1558 436 1581 »
463 1550 550 1585 tem
564 1557 652 1585 non
665 1541 884 1596 videntur,
900 1550 1062 1584 aeterna
1076 1540 1217 1584 sunt4.
1239 1558 1258 1580 »
1276 1540 1441 1584 Deinde
1454 1541 1694 1600 subjunxit,
1712 1559 1732 1582 «
1749 1543 1801 1584 In

418 1629 438 1653 »
465 1613 637 1657 Christo
649 1614 765 1656 enirn
779 1615 883 1656 Jesu
896 1627 1039 1671 neque
1050 1611 1320 1655 circumcisio
1334 1610 1576 1671 quidquam
1587 1610 1716 1666 valet,
1729 1627 1803 1655 ne-

418 1701 438 1724 »
464 1699 549 1742 que
563 1684 826 1743 praeputium
838 1685 850 1709 ⁵
865 1699 873 1723 ε
890 1692 970 1726 »ut
984 1682 1103 1726 illam
1116 1681 1454 1727 indifferentiam
1470 1681 1638 1726 declara
1646 1691 1725 1736 ret,
1736 1681 1803 1725 ni-

416 1753 566 1813 hilque
589 1754 877 1813 perniciosum
900 1768 989 1796 esse
1008 1754 1053 1795 in
1080 1753 1161 1796 hac
1181 1752 1508 1796 circumcisione
1535 1752 1799 1807 ostenderet,

416 1825 495 1868 nisi
519 1841 569 1869 ex
583 1825 655 1869 illa
675 1825 857 1869 salutem
876 1839 1063 1883 sperare.
1089 1822 1206 1868 Nihil
1224 1839 1326 1882 ergo
1348 1822 1489 1866 valere
1510 1823 1803 1868 circumcisio-

417 1910 517 1939 nem
543 1905 619 1940 aut
652 1896 938 1955 praeputium,
963 1914 983 1936 «
1008 1893 1083 1938 sed
1121 1892 1252 1937 fidem
1275 1909 1376 1953 quae
1412 1909 1487 1952 per
1521 1893 1802 1938 dilectionem

420 1983 440 2006 »
476 1975 694 2025 operatur.
714 1968 802 2009 »Et
818 1966 888 2009 hic
909 1963 1037 2008 illlud
1061 1964 1224 2022 tetigit,
1252 1965 1352 2023 quia
1376 1964 1458 2009 sub
1481 1967 1597 2023 Lege
1620 1965 1802 2009 servitus

417 2051 492 2095 per
515 2037 713 2080 timorem
731 2046 949 2096 operatur.
967 2054 987 2077 «
1004 2035 1252 2080 Currebatis
1275 2035 1387 2078 bene
1402 2069 1413 2088 ,
1433 2034 1594 2095 inquit,
1613 2036 1710 2095 quis
1726 2051 1802 2080 vos

419 2125 439 2148 »
475 2106 702 2167 impedivit
722 2107 891 2151 veritati
920 2121 1008 2150 non
1030 2105 1208 2149 obedire
1227 2106 1276 2148 ⁶?
1301 2123 1320 2146 »
1355 2107 1448 2149 Hoc
1476 2115 1562 2159 est,
1587 2105 1708 2166 quod
1729 2121 1803 2150 su-

417 2178 560 2235 perius
579 2177 637 2221 ait
662 2196 672 2222 2
696 2196 716 2219 «
736 2177 842 2230 Quis
858 2191 933 2221 vos
956 2174 1179 2219 fascinavit
1195 2176 1244 2218 ⁷?
1269 2175 1440 2229 Suasio,
1467 2175 1636 2236 inquit,
1662 2185 1803 2220 vestra

421 2266 440 2289 »
476 2264 565 2293 non
586 2265 640 2293 ex
656 2264 708 2293 eo
729 2258 793 2293 est
814 2248 889 2308 qui
910 2247 1083 2292 vocavit
1104 2246 1223 2290 vosss.
1248 2264 1266 2287 »
1288 2248 1391 2290 Haec
1412 2246 1528 2290 enim
1550 2247 1691 2291 suasio
1709 2262 1804 2291 car-

417 2317 526 2361 nalis
559 2328 623 2363 est
639 2354 650 2373 ,
686 2318 758 2362 ille
788 2327 934 2362 autem
955 2318 1000 2361 in
1035 2316 1279 2360 libertatem
1319 2317 1504 2361 vocavit.
1547 2317 1801 2362 Suasionem

419 2397 565 2432 autem
587 2403 738 2433 eorum
761 2388 893 2444 dixit,
914 2386 1035 2448 quod
1051 2386 1110 2431 eis
1125 2385 1404 2430 suadebatur.
1427 2390 1512 2432 Eos
1529 2397 1675 2432 autem
1693 2403 1801 2447 pau-

467 2502 476 2518 ¹
498 2495 598 2528 Galat.
619 2506 651 2536 v,
667 2494 698 2537 4.
718 2501 782 2518 —2
801 2496 848 2528 Id.
868 2506 913 2536 ιιι,
936 2505 966 2527 1.
981 2511 1022 2518 -
1040 2492 1054 2517 3
1072 2494 1119 2527 ld.
1138 2504 1173 2535 V,
1192 2493 1222 2526 5.
1242 2510 1284 2517 —
1302 2493 1317 2523 4
1335 2503 1355 2527 2
1369 2497 1441 2529 Cor.
1461 2505 1505 2536 iv,
1528 2497 1577 2528 18.
1598 2511 1639 2519 -
1661 2491 1678 2519 ⁵
1692 2493 1795 2527 Galat.

419 2562 452 2593 v,
468 2552 500 2585 6.
526 2568 565 2576 -
583 2549 698 2586 ⁶1bid.
720 2562 752 2593 7.
772 2551 970 2594 -71d.u1,
992 2561 1022 2585 ι.
1042 2548 1173 2584 -31d.
1195 2561 1229 2593 v,
1245 2550 1282 2586 δή
