1867 3320
403 270 610 298 uns-rom:
641 266 697 297 An
728 265 927 298 mannos
959 269 1195 298 Exrosrno.
1436 263 1492 302 59

110 335 189 380 nisi
209 349 309 394 quae
341 343 405 379 est
441 351 465 379 a
497 337 587 379 Deo
619 337 745 378 Patre
767 342 811 378 et
832 334 1019 379 Domino
1041 336 1144 378 Jesu
1165 335 1360 390 Christo,
1381 339 1493 383 sicut

108 407 295 450 Joannes
315 405 361 449 in
378 405 504 449 tertia
522 405 748 450 veritatem
761 439 772 458 ,
798 405 859 450 sic
880 405 958 448 iste
979 403 1163 448 salutem
1186 419 1265 464 pro
1282 405 1371 464 ipsa
1396 409 1491 453 Tri-

106 476 242 520 nitate
259 476 448 535 posuisse
465 475 572 519 mihi
591 475 778 519 videtur.

164 548 290 589 XIII.
325 548 423 599 Quo
459 545 557 589 Ioco
578 560 753 604 prorsus
777 560 866 588 non
894 545 1081 590 arbitror
1102 545 1458 603 praetereundum
1479 583 1489 602 ,

106 615 225 676 quod
256 625 379 675 pater
401 615 598 659 Valerius
635 615 942 660 animadvertit
963 615 1180 660 admirans
1211 616 1256 660 in
1278 632 1492 676 quorum-

105 684 201 729 dam
241 686 558 729 rusticanorum
591 684 882 729 collocutione
902 688 930 728 ¹.
958 687 1070 730 Cum
1096 687 1213 729 enim
1239 686 1348 731 alter
1371 688 1493 732 alteri

105 755 279 800 dixisset
295 791 306 811 ‚
336 775 355 798 «
384 755 523 810 Salus,
551 774 570 796 »
595 757 796 816 quaesivit
817 756 873 800 ab
896 771 947 800 eo
969 757 1046 816 qui
1064 765 1107 802 et
1128 755 1263 802 latine
1286 768 1430 802 nosset
1451 768 1494 803 et

103 826 262 886 punice
278 861 288 881 ‚
313 826 419 886 quid
443 835 553 870 esset
579 845 596 866 «
634 826 756 871 Salus
780 845 788 871 :
818 845 838 867 »
875 820 1129 886 responsum
1162 836 1246 882 est,
1285 847 1305 869 «
1332 829 1444 873 Tria.
1469 847 1489 870 »

105 899 214 940 Tum
234 895 307 940 ille
325 911 560 955 agnoscens
577 912 676 940 cum
698 895 859 955 gaudio
876 895 1059 940 salutem
1079 906 1272 941 nostram
1294 914 1385 943 esse
1402 902 1434 942 T
1437 900 1493 942 ri-

103 967 280 1010 nitatem
295 1001 306 1020 ,
346 966 695 1011 convenientiam
718 965 969 1024 linguarum
991 982 1081 1011 non
1103 966 1291 1012 fortuitu
1328 968 1387 1012 sic
1421 984 1491 1012 so-

103 1037 243 1081 nuisse
265 1038 498 1081 arbitratus
520 1046 583 1080 est
602 1072 612 1091 ‚
646 1038 722 1081 sed
755 1036 1044 1081 occultissima
1077 1037 1401 1096 dispensatione
1423 1038 1492 1083 di-

103 1107 214 1152 vinae
230 1107 518 1166 providentiae
539 1127 547 1151 ;
574 1117 622 1150 ut
644 1122 746 1151 cum
764 1107 896 1151 latine
920 1108 1172 1151 nominatur
1199 1127 1217 1148 «
1248 1108 1396 1165 Salus,
1422 1128 1442 1150 »
1469 1126 1491 1153 a

103 1178 271 1222 Punicis
293 1177 634 1236 intelligantur«
659 1177 778 1234 Tria3
806 1196 824 1218 υ
852 1186 896 1221 et
932 1193 1033 1221 cum
1059 1178 1211 1222 Punici
1239 1178 1388 1237 lingua
1415 1195 1492 1223 sua

105 1266 125 1288 «
162 1248 257 1291 Tria
283 1266 301 1288 »
327 1248 581 1301 nominant,
606 1246 739 1290 latine
760 1246 1029 1305 intelligatur
1056 1267 1075 1288 «
1102 1247 1240 1292 Salus.
1272 1267 1290 1288 »
1317 1249 1492 1293 Chana-

101 1332 194 1360 naea
215 1318 330 1361 enim
347 1353 358 1372 ,
383 1319 466 1362 hoc
490 1327 568 1369 est,
592 1318 754 1362 Punica
777 1318 949 1372 mulier,
970 1319 1024 1362 de
1043 1318 1202 1362 finibus
1227 1319 1327 1375 Tyri
1343 1329 1385 1363 et
1406 1322 1489 1375 Sy-

99 1386 224 1431 donis
249 1403 429 1444 egressa,
448 1403 547 1446 quae
570 1388 615 1429 in
631 1388 867 1443 Evangelio
890 1402 1115 1444 personam
1135 1389 1341 1430 Gentium
1362 1390 1486 1445 gerit,

100 1455 283 1500 salutem
302 1456 477 1514 petebat
499 1455 597 1498 filiae
619 1472 708 1499 suae
729 1491 739 1509 ‚
765 1457 834 1499 cui
857 1470 1110 1514 responsum
1135 1465 1196 1499 est
1217 1472 1239 1499 a
1266 1458 1456 1502 Domino
1479 1478 1486 1502 ;

103 1528 236 1571 «Non
254 1535 317 1569 est
337 1525 500 1569 bonum
524 1540 679 1583 panem
698 1524 887 1568 filiorum
907 1527 1078 1568 mittere
1093 1526 1275 1569 canibus
1288 1530 1350 1569 ².»
1365 1527 1489 1579 Quod

100 1596 263 1640 crimen
281 1595 500 1654 objectum
524 1594 595 1638 illa
613 1610 703 1638 non
721 1609 899 1652 negans,
921 1603 1128 1654 tanquam
1148 1594 1202 1638 de
1220 1595 1490 1640 confessione

100 1675 374 1725 peccatorum
395 1667 678 1724 impetratura
702 1665 882 1709 salutem
909 1665 1031 1719 filiae,
1058 1666 1140 1709 hoc
1159 1675 1222 1710 est
1245 1682 1369 1711 novae
1390 1669 1489 1711 vitae

99 1752 187 1782 suae
205 1771 215 1790 ‚
244 1755 264 1778 «
288 1739 372 1789 Ita,
409 1736 550 1795 inquit
576 1735 774 1789 Domine,
801 1750 900 1778 nam
925 1744 968 1779 et
989 1750 1116 1779 canes
1135 1736 1271 1779 edunt
1294 1736 1348 1780 de
1369 1738 1489 1781 micis

102 1825 122 1848 »
157 1822 255 1867 quae
274 1806 437 1850 cadunt
460 1805 513 1850 dc
533 1821 678 1850 mensa
701 1806 978 1850 dominorum
997 1821 1189 1850 suorum.
1210 1807 1306 1850 Tria
1325 1825 1344 1847 »
1372 1809 1485 1851 enim

97 1877 290 1921 mulieris
310 1876 458 1935 lingua
481 1896 499 1917 «
529 1876 651 1921 Salus
678 1895 696 1918 υ
718 1887 953 1920 vocantur:
974 1877 1198 1920 eratenim
1221 1878 1483 1922 Cliananaea.

100 1948 225 1992 Unde
248 1948 500 2005 interrogati
532 1948 679 1991 rustici
704 1948 838 1991 nostri
859 1947 965 2006 quid
988 1948 1094 2001 sint,
1122 1948 1279 2006 punice
1307 1964 1487 2007 respon—

98 2015 249 2060 dentes
276 2035 293 2056 «
321 2016 535 2068 Chanani,
558 2036 576 2056 υ
599 2026 802 2076 corrupta
826 2017 987 2061 scilicet
1006 2052 1016 2069 ‚
1037 2017 1147 2060 sicut
1166 2018 1209 2060 in
1235 2017 1394 2061 talibus
1415 2033 1486 2062 so-

42 2117 46 2121 ·
99 2086 185 2140 let,
213 2102 297 2130 una
315 2086 481 2139 littera,
509 2085 615 2145 quid
638 2086 757 2130 aliud
782 2088 1043 2147 respondent
1062 2102 1192 2146 quam
1216 2088 1488 2132 Chananaeii‘

101 2160 254 2201 Petcns
288 2157 434 2215 itaque
460 2155 643 2200 salutem
662 2192 672 2210 ‚
700 2158 955 2201 Trinitatem
986 2158 1160 2216 petebat
1184 2177 1191 2202 ;
1218 2159 1320 2217 quia
1344 2168 1385 2202 et
1414 2174 1485 2202 ro-

98 2243 224 2271 mana
243 2228 408 2285 lingua,
426 2227 586 2286 quaein
605 2227 753 2271 salutis
777 2228 953 2272 nomine
974 2228 1224 2271 Trinitatem
1247 2229 1404 2286 punice
1424 2244 1486 2272 so-

99 2307 200 2352 nat,
237 2306 369 2356 caput
392 2297 595 2341 Gentium
622 2298 796 2342 inventa
836 2308 899 2342 est
923 2299 964 2340 in
989 2298 1180 2341 adventu
1209 2299 1377 2342 Domini
1402 2318 1410 2344 z
1445 2309 1485 2343 et

98 2366 307 2421 diximus,
333 2368 620 2411 Chananaeam
646 2367 868 2411 mulierem
889 2403 899 2420 ‚
928 2368 1132 2410 Gentium
1152 2369 1362 2412 sustinere
1389 2385 1486 2427 pcr-

97 2453 262 2483 sonam.
292 2442 449 2482 Panem
481 2448 625 2482 autem
649 2438 870 2497 appellans
897 2440 1102 2482 Dominus
1124 2438 1165 2482 id
1200 2441 1336 2497 ipsum
1366 2439 1486 2497 quod

98 2524 121 2553 a
152 2509 330 2553 muliere
353 2509 580 2568 petebatur
598 2544 609 2564 ,
642 2508 750 2568 quid
775 2509 891 2553 aliud
916 2524 1047 2567 quam
1080 2509 1276 2554 'I'rinitati
1301 2519 1481 2555 attesta-

146 2601 152 2614 ¹
173 2593 309 2626 Vah-rius
322 2593 487 2635 episcopus·
505 2594 716 2635 hipponensis,
740 2611 780 2616 —-
801 2601 812 2616 '¹
833 2593 948 2625 winuli.
974 2604 1046 2633 lxv,
1069 2594 1120 2626 26.
