1867 3320
360 242 499 270 SERMO
533 245 646 282 xLu,
683 247 735 272 m:
768 248 910 275 vermis
942 251 1086 288 isnin,
1124 256 1151 280 1.
1367 251 1447 285 5³25)

66 305 136 349 hic
157 305 233 349 das
258 320 322 350 res
352 307 563 364 perituras
580 343 591 362 ‚
624 309 685 352 ibi
716 311 866 368 recipis
889 327 953 356 res
975 314 1064 358 sine
1099 317 1184 361 fine
1206 333 1441 365 mansuras.

124 377 204 419 111.
236 378 294 419 Et
321 375 695 436 quandocumque
727 378 831 423 dicis
862 383 951 425 Deo
979 401 988 427 ;
1016 402 1036 425 «
1060 386 1212 430 Libera
1242 403 1331 443 me,
1357 394 1445 434 Do-

67 462 87 486 »
124 446 258 499 mine,
279 446 333 489 ab
349 447 528 490 homine
542 447 681 491 malo1
705 466 724 488 »
744 468 753 492 ι
778 450 861 494 hoc
883 452 998 495 enim
1021 454 1148 498 modo
1166 460 1444 504 cantavimus.

67 515 166 559 Scio
186 516 301 559 enim
321 531 410 575 quo
427 517 592 573 gemitu
605 518 720 562 dicas
739 538 747 563 :
767 520 951 564 «Libera
968 537 1053 577 me,
1074 526 1269 581 Domine,
1292 529 1345 571 ab
1365 531 1448 572 ho-

72 602 92 625 »
129 585 249 628 mine
266 585 397 630 malo.
425 603 445 626 »
471 586 577 638 Quis
599 587 711 630 enim
736 588 874 633 inisto
895 591 1052 636 saeculo
1081 609 1167 637 non
1186 598 1345 654 patitui·
1367 598 1448 640 ali-

66 670 203 714 quem
236 656 459 700 hominem
487 655 677 700 malum?
710 658 896 710 Quando
924 676 1026 719 ergo
1065 663 1146 706 hoc
1179 664 1283 708 dicis
1330 670 1445 710 Deo:

66 744 90 792 y«
127 725 284 770 Libera
301 741 387 781 me,
410 727 607 781 Domine,
626 727 681 770 ab
700 728 877 773 homine
893 731 1024 788 malo;
1047 751 1065 773 »
1091 733 1200 777 sicut
1223 736 1320 778 totis
1342 751 1450 794 prac-

69 794 226 840 cordiis
248 795 379 850 dicis,
404 796 462 840 sic
478 796 652 840 intentis
673 797 808 842 oculis
826 808 867 842 te
898 801 1014 859 prius
1033 803 1221 846 attende.
1251 824 1269 844 «
1298 806 1446 848 Libera

71 883 90 906 »
126 880 218 920 me,
247 865 455 920 Domine,
479 867 533 910 ab
564 868 740 911 homine
763 868 892 912 malo.
922 888 942 910 »
971 873 1055 915 Fac
1078 872 1156 915 tibi
1183 875 1446 932 respondiss‹·

68 939 222 981 Deum.
262 940 299 980 Α
329 939 443 996 quo?
480 938 679 982 Dicturus
704 953 746 982 es
780 955 803 982 a
838 940 964 995 Gaio,
994 957 1016 985 a
1059 944 1215 997 Lucio,
1254 960 1275 986 a
1310 946 1450 988 nescio

67 1021 156 1065 quo
183 1021 313 1065 quem
346 1007 518 1064 pateris.
546 1009 602 1049 Et
635 1008 871 1065 respondet
902 1010 1008 1053 tibi:
1049 1014 1109 1053 De
1134 1021 1173 1054 te
1211 1013 1314 1055 milii
1345 1015 1447 1056 nihil

68 1075 190 1120 dicis.
219 1077 262 1120 Si
284 1076 339 1120 ab
361 1077 538 1120 homine
561 1075 677 1120 malo
705 1077 843 1121 libero
866 1087 908 1121 te
925 1114 935 1133 ,
962 1080 1079 1138 prius
1101 1096 1142 1123 es
1163 1080 1410 1126 liberandus
1430 1102 1446 1124 ;ι

71 1155 111 1190 te
133 1147 242 1205 ipso.
268 1147 427 1190 Pateris
444 1147 606 1190 malum
625 1182 636 1201 ,
661 1148 750 1192 noli
769 1157 811 1191 te
830 1148 969 1206 ipsum
990 1150 1076 1208 pati
1099 1150 1275 1193 malum.
1300 1152 1450 1194 Videa-

71 1232 166 1260 mus
189 1216 223 1259 si
245 1217 413 1260 invenit
439 1217 484 1259 in
507 1226 571 1271 te,
602 1217 709 1276 quid
737 1217 816 1260 tibi
842 1217 969 1261 faciat
1006 1219 1111 1261 alter
1147 1219 1294 1263 malus.
1335 1221 1449 1272 Quid

70 1287 149 1332 tibi
171 1287 302 1330 faciat
326 1286 488 1330 malus?
512 1290 577 1330 Tu
601 1286 689 1330 noli
708 1302 796 1330 essc
815 1286 967 1330 malus.
990 1290 1085 1332 Non
1103 1289 1179 1331 tibi
1203 1289 1449 1334 dominetur

72 1357 271 1412 avaritia,
292 1372 381 1401 non
404 1366 446 1400 te
463 1356 600 1401 calcet
619 1357 966 1416 concupiscentia
992 1367 1078 1411 tua,
1104 1373 1190 1401 non
1217 1368 1255 1401 te
1279 1360 1448 1403 trituret

71 1427 132 1470 ira
157 1436 245 1470 tua.
275 1427 350 1470 Isti
380 1427 523 1471 hostes
555 1427 781 1470 interiores
808 1427 869 1469 tui
889 1437 1003 1470 sunt.
1047 1430 1109 1470 'l‘u
1133 1429 1220 1486 ipse
1251 1444 1338 1472 non
1372 1430 1447 1473 tibi

70 1496 235 1557 aliquid
271 1496 416 1541 facias.
443 1496 679 1540 Videamus
720 1496 826 1555 quid
865 1497 943 1540 tibi
977 1497 1078 1540 facit
1101 1499 1264 1542 vicinus
1289 1499 1442 1547 malus,

71 1575 279 1626 patronus
302 1565 470 1620 malus,
498 1576 649 1625 potens
674 1565 808 1609 malus
833 1585 840 1609 :
866 1566 1086 1609 videamus
1107 1567 1211 1626 quid
1235 1568 1307 1610 tibi
1328 1569 1442 1611 {lit-it.

71 1640 245 1681 Justum
268 1647 311 1681 te
337 1637 551 1691 inveniat,
588 1637 880 1681 Christianum
907 1646 945 1679 te
981 1638 1171 1680 inveniat
1197 1658 1204 1681 ;
1238 1639 1341 1697 quid
1371 1640 1444 1682 tibi

72 1706 266 1751 facturus
289 1708 382 1750 est?
404 1706 531 1758 Quod
562 1708 781 1764 Stephano
810 1706 951 1748 Judaei
987 1707 1195 1749 fecerunt.
1233 1708 1446 1751 Facieudo

72 1778 253 1832 malum,
271 1777 482 1820 miserunt
501 1775 555 1818 ad
577 1775 754 1818 bonum.
778 1777 892 1832 Ergo
909 1774 1082 1833 quaudo
1102 1777 1207 1834 petis
1225 1787 1271 1820 ut
1294 1777 1445 1820 liberet

73 1856 116 1890 te
138 1850 251 1891 Deus
273 1847 329 1890 ab
365 1845 542 1890 homine
580 1844 714 1898 malo,
741 1843 916 1887 attende
940 1853 1001 1898 te,
1027 1844 1115 1888 noli
1150 1846 1224 1888 tibi
1251 1862 1441 1904 parcere:

74 1926 117 1961 te
137 1933 160 1961 a
183 1926 225 1960 te
248 1917 416 1959 liberet.
439 1913 670 1968 Quomodo
694 1923 734 1957 tc
755 1930 776 1957 a
800 1923 841 1957 te
871 1913 1046 1956 liberat?
1073 1915 1332 1958 Dimittcndo
1355 1933 1447 1974 pei·-

55 1997 192 2042 cata,
217 1985 423 2031 donando
445 1986 595 2029 merita
613 2020 624 2039 ‚
651 1984 796 2028 dando
821 1984 896 2027 tibi
924 1985 1031 2027 vires
1056 1987 1271 2042 pugnandi
1295 1987 1446 2029 adven·-

75 2075 146 2104 sus
177 2057 548 2116 concupiscentias
584 2065 677 2100 tuas
696 2090 706 2109 ,
750 2054 996 2113 inspirando
1038 2055 1259 2106 virtutem,
1306 2056 1449 2100 dando

78 2128 212 2173 menti
244 2137 332 2172 tuae
363 2125 585 2171 coelestem
618 2125 970 2178 delectationem,
1008 2142 1089 2183 qua
1126 2126 1260 2168 omnis
1287 2137 1448 2170 terrena

78 2200 308 2244 delectatio
330 2208 572 2258 superetur.
602 2199 701 2239 {laec
723 2212 820 2240 cum
858 2197 932 2239 tibi
959 2207 1127 2254 {ii-:estat
1155 2200 1276 2243 Deus,
1302 2197 1450 2240 liberat

80 2280 121 2315 te
144 2286 167 2314 a
187 2279 243 2326 te,
264 2279 306 2313 ct
329 2284 504 2312 securus
527 2276 722 2326 expectas
748 2267 788 2309 in
815 2267 936 2324 hujus
955 2266 1095 2308 >mettii
1119 2267 1234 2309 malin
1256 2269 1451 2310 'inuisita-

82 2341 150 2384 riis
168 2355 266 2383 cum
291 2340 349 2382 cis
371 2339 494 2382 bonis
518 2347 749 2380 venturum
781 2341 1147 2395 1›‹›=nimun,q·=;··
1174 2338 1347 2379 transire
1367 2353 1452 2379 non

83 2420 275 2470 possunt.
306 2410 412 2455 Satis
433 2410 517 2452 sint
538 2408 674 2452 vobis.
703 2407 859 2450 Videtis·
881 2417 1020 2460 cei-te,
1043 2409 1139 2465 quia
1173 2409 1312 2450 mancio
1343 2425 1450 2466 quo-

80 2480 215 2525 modo
240 2495 320 2538 ego
344 2478 556 2525 invalidus
578 2477 758 2530 accedo,
785 2486 826 2519 et
853 2475 1068 2534 loquendo
1097 2476 1216 2520 tortis
1242 2479 1309 2520 tio.
1341 2480 1449 2520 'faii-

133 2574 137 2586 ¹
160 2565 237 2598 vsal.
259 2575 386 2606 cxxxix,
417 2576 444 2597 ι.
