<?xml version="1.0" encoding="UTF-8"?>
<!DOCTYPE html PUBLIC "-//W3C//DTD XHTML 1.0 Transitional//EN"
    "http://www.w3.org/TR/xhtml1/DTD/xhtml1-transitional.dtd">
<html xmlns="http://www.w3.org/1999/xhtml" xml:lang="en" lang="en">
 <head>
  <title>
</title>
<meta http-equiv="Content-Type" content="text/html;charset=utf-8" />
  <meta name='ocr-system' content='tesseract 3.04.00' />
  <meta name='ocr-capabilities' content='ocr_page ocr_carea ocr_par ocr_line ocrx_word'/>
</head>
<body>
  <div class='ocr_page' id='page_1' title='image "./operaomniaaccura17auguuoft_0022.png"; bbox 0 0 1924 3309; ppageno 0'>
   <div class='ocr_carea' id='block_1_1' title="bbox 438 289 1377 340">
    <p class='ocr_par' dir='ltr' id='par_1_1' title="bbox 438 289 1377 340">
     <span class='ocr_line' id='line_1_1' title="bbox 438 289 1377 340; baseline 0.017 -16"><span class='ocrx_word' id='word_1_1' title='bbox 438 289 489 324; x_wconf 76' lang='lat'>12</span> <span class='ocrx_word' id='word_1_2' title='bbox 868 306 900 331; x_wconf 83' lang='lat' dir='ltr'>s.</span> <span class='ocrx_word' id='word_1_3' title='bbox 937 302 1165 336; x_wconf 80' lang='lat' dir='ltr'><strong>AUGUSTINI</strong></span> <span class='ocrx_word' id='word_1_4' title='bbox 1198 309 1377 340; x_wconf 75' lang='lat' dir='ltr'>Emscom</span> 
     </span>
    </p>
   </div>
   <div class='ocr_carea' id='block_1_2' title="bbox 386 364 1810 2540">
    <p class='ocr_par' dir='ltr' id='par_1_2' title="bbox 386 364 1810 2540">
     <span class='ocr_line' id='line_1_2' title="bbox 435 364 1810 438; baseline 0.019 -35"><span class='ocrx_word' id='word_1_5' title='bbox 435 379 454 402; x_wconf 87' lang='lat'>»</span> <span class='ocrx_word' id='word_1_6' title='bbox 491 364 760 410; x_wconf 88' lang='lat' dir='ltr'>manebimus</span> <span class='ocrx_word' id='word_1_7' title='bbox 781 368 823 411; x_wconf 91' lang='lat' dir='ltr'>in</span> <span class='ocrx_word' id='word_1_8' title='bbox 848 380 1051 427; x_wconf 82' lang='lat' dir='ltr'>peccato,</span> <span class='ocrx_word' id='word_1_9' title='bbox 1084 383 1132 417; x_wconf 90' lang='lat' dir='ltr'>ut</span> <span class='ocrx_word' id='word_1_10' title='bbox 1154 377 1288 432; x_wconf 85' lang='lat' dir='ltr'>gratia</span> <span class='ocrx_word' id='word_1_11' title='bbox 1309 378 1535 424; x_wconf 74' lang='lat' dir='ltr'>abundet?</span> <span class='ocrx_word' id='word_1_12' title='bbox 1559 383 1699 427; x_wconf 83' lang='lat' dir='ltr'><strong>Absit.</strong></span> <span class='ocrx_word' id='word_1_13' title='bbox 1726 387 1810 438; x_wconf 85' lang='lat' dir='ltr'>Qui</span> 
     </span>
     <span class='ocr_line' id='line_1_3' title="bbox 433 434 1807 503; baseline 0.017 -30"><span class='ocrx_word' id='word_1_14' title='bbox 433 449 453 472; x_wconf 89' lang='lat'>»</span> <span class='ocrx_word' id='word_1_15' title='bbox 489 434 649 477; x_wconf 89' lang='lat' dir='ltr'>mortui</span> <span class='ocrx_word' id='word_1_16' title='bbox 683 450 830 481; x_wconf 86' lang='lat' dir='ltr'>sumus</span> <span class='ocrx_word' id='word_1_17' title='bbox 866 451 1064 497; x_wconf 85' lang='lat' dir='ltr'>peccato,</span> <span class='ocrx_word' id='word_1_18' title='bbox 1102 448 1324 503; x_wconf 78' lang='lat' dir='ltr'>quomodo</span> <span class='ocrx_word' id='word_1_19' title='bbox 1359 450 1552 495; x_wconf 82' lang='lat' dir='ltr'><strong>vivemus</strong></span> <span class='ocrx_word' id='word_1_20' title='bbox 1585 453 1629 496; x_wconf 91' lang='lat' dir='ltr'>in</span> <span class='ocrx_word' id='word_1_21' title='bbox 1652 457 1761 498; x_wconf 76' lang='lat' dir='ltr'>e01?</span> <span class='ocrx_word' id='word_1_22' title='bbox 1788 474 1807 497; x_wconf 89' lang='lat'>»</span> 
     </span>
     <span class='ocr_line' id='line_1_4' title="bbox 429 503 1809 574; baseline 0.019 -29"><span class='ocrx_word' id='word_1_23' title='bbox 429 503 541 548; x_wconf 90' lang='lat' dir='ltr'>Hinc</span> <span class='ocrx_word' id='word_1_24' title='bbox 564 507 752 551; x_wconf 78' lang='lat' dir='ltr'>ostendit</span> <span class='ocrx_word' id='word_1_25' title='bbox 771 508 825 552; x_wconf 86' lang='lat' dir='ltr'>de</span> <span class='ocrx_word' id='word_1_26' title='bbox 850 513 1073 569; x_wconf 72' lang='lat' dir='ltr'>praeteritis</span> <span class='ocrx_word' id='word_1_27' title='bbox 1104 518 1290 574; x_wconf 85' lang='lat' dir='ltr'>peccatis</span> <span class='ocrx_word' id='word_1_28' title='bbox 1313 518 1478 565; x_wconf 84' lang='lat' dir='ltr'>factum</span> <span class='ocrx_word' id='word_1_29' title='bbox 1497 538 1585 566; x_wconf 90' lang='lat' dir='ltr'>esse</span> <span class='ocrx_word' id='word_1_30' title='bbox 1603 533 1653 569; x_wconf 87' lang='lat' dir='ltr'>ut</span> <span class='ocrx_word' id='word_1_31' title='bbox 1669 524 1809 570; x_wconf 88' lang='lat' dir='ltr'>dona-</span> 
     </span>
     <span class='ocr_line' id='line_1_5' title="bbox 425 578 1810 655; baseline 0.018 -39"><span class='ocrx_word' id='word_1_32' title='bbox 425 584 590 630; x_wconf 78' lang='lat' dir='ltr'>rentur,</span> <span class='ocrx_word' id='word_1_33' title='bbox 609 586 650 620; x_wconf 88' lang='lat' dir='ltr'>et</span> <span class='ocrx_word' id='word_1_34' title='bbox 667 578 710 621; x_wconf 91' lang='lat' dir='ltr'>in</span> <span class='ocrx_word' id='word_1_35' title='bbox 731 593 782 623; x_wconf 91' lang='lat' dir='ltr'>eo</span> <span class='ocrx_word' id='word_1_36' title='bbox 799 583 1171 640; x_wconf 83' lang='lat' dir='ltr'>superabundasse</span> <span class='ocrx_word' id='word_1_37' title='bbox 1189 590 1386 646; x_wconf 85' lang='lat' dir='ltr'>gratiam,</span> <span class='ocrx_word' id='word_1_38' title='bbox 1404 601 1452 635; x_wconf 88' lang='lat' dir='ltr'>ut</span> <span class='ocrx_word' id='word_1_39' title='bbox 1471 595 1686 651; x_wconf 85' lang='lat' dir='ltr'>praeterita</span> <span class='ocrx_word' id='word_1_40' title='bbox 1710 612 1810 655; x_wconf 87' lang='lat' dir='ltr'>pec-</span> 
     </span>
     <span class='ocr_line' id='line_1_6' title="bbox 427 644 1806 723; baseline 0.018 -37"><span class='ocrx_word' id='word_1_41' title='bbox 427 653 521 688; x_wconf 86' lang='lat' dir='ltr'>cata</span> <span class='ocrx_word' id='word_1_42' title='bbox 536 644 872 693; x_wconf 78' lang='lat' dir='ltr'>dimitterentur.</span> <span class='ocrx_word' id='word_1_43' title='bbox 890 654 1005 716; x_wconf 81' lang='lat' dir='ltr'>Ergo</span> <span class='ocrx_word' id='word_1_44' title='bbox 1027 655 1220 716; x_wconf 81' lang='lat' dir='ltr'>quisquis</span> <span class='ocrx_word' id='word_1_45' title='bbox 1239 659 1382 704; x_wconf 90' lang='lat' dir='ltr'>adhuc</span> <span class='ocrx_word' id='word_1_46' title='bbox 1399 664 1555 722; x_wconf 81' lang='lat' dir='ltr'>quaerit</span> <span class='ocrx_word' id='word_1_47' title='bbox 1571 676 1806 723; x_wconf 85' lang='lat' dir='ltr'>augmenta</span> 
     </span>
     <span class='ocr_line' id='line_1_7' title="bbox 424 716 1807 794; baseline 0.019 -39"><span class='ocrx_word' id='word_1_48' title='bbox 424 716 589 771; x_wconf 89' lang='lat' dir='ltr'>peccati</span> <span class='ocrx_word' id='word_1_49' title='bbox 606 750 616 770; x_wconf 88' lang='lat'>‚</span> <span class='ocrx_word' id='word_1_50' title='bbox 644 726 694 760; x_wconf 89' lang='lat' dir='ltr'>ut</span> <span class='ocrx_word' id='word_1_51' title='bbox 722 731 1004 777; x_wconf 79' lang='lat' dir='ltr'>augmentum</span> <span class='ocrx_word' id='word_1_52' title='bbox 1031 726 1176 781; x_wconf 81' lang='lat' dir='ltr'>gratiae</span> <span class='ocrx_word' id='word_1_53' title='bbox 1204 730 1385 784; x_wconf 88' lang='lat' dir='ltr'>sentiat,</span> <span class='ocrx_word' id='word_1_54' title='bbox 1418 747 1507 775; x_wconf 91' lang='lat' dir='ltr'>non</span> <span class='ocrx_word' id='word_1_55' title='bbox 1534 734 1741 794; x_wconf 83' lang='lat' dir='ltr'>intelligit</span> <span class='ocrx_word' id='word_1_56' title='bbox 1762 752 1807 780; x_wconf 81' lang='lat' dir='ltr'>se</span> 
     </span>
     <span class='ocr_line' id='line_1_8' title="bbox 424 782 1805 862; baseline 0.019 -38"><span class='ocrx_word' id='word_1_57' title='bbox 424 782 469 825; x_wconf 89' lang='lat' dir='ltr'>id</span> <span class='ocrx_word' id='word_1_58' title='bbox 494 798 617 841; x_wconf 86' lang='lat' dir='ltr'>agere</span> <span class='ocrx_word' id='word_1_59' title='bbox 631 820 641 839; x_wconf 84' lang='lat'><strong>‚</strong></span> <span class='ocrx_word' id='word_1_60' title='bbox 666 796 714 830; x_wconf 91' lang='lat' dir='ltr'>ut</span> <span class='ocrx_word' id='word_1_61' title='bbox 732 788 841 832; x_wconf 84' lang='lat' dir='ltr'>nihil</span> <span class='ocrx_word' id='word_1_62' title='bbox 855 791 898 833; x_wconf 91' lang='lat' dir='ltr'>in</span> <span class='ocrx_word' id='word_1_63' title='bbox 919 806 969 835; x_wconf 93' lang='lat' dir='ltr'>eo</span> <span class='ocrx_word' id='word_1_64' title='bbox 988 794 1124 851; x_wconf 79' lang='lat' dir='ltr'>gratia</span> <span class='ocrx_word' id='word_1_65' title='bbox 1143 807 1359 855; x_wconf 85' lang='lat' dir='ltr'>operetur.</span> <span class='ocrx_word' id='word_1_66' title='bbox 1383 801 1503 859; x_wconf 88' lang='lat' dir='ltr'>Opus</span> <span class='ocrx_word' id='word_1_67' title='bbox 1522 804 1636 847; x_wconf 90' lang='lat' dir='ltr'>enim</span> <span class='ocrx_word' id='word_1_68' title='bbox 1656 806 1805 862; x_wconf 69' lang='lat' dir='ltr'>gratiae</span> 
     </span>
     <span class='ocr_line' id='line_1_9' title="bbox 423 856 1044 917; baseline 0.019 -23"><span class='ocrx_word' id='word_1_69' title='bbox 423 860 510 905; x_wconf 84' lang='lat' dir='ltr'>est,</span> <span class='ocrx_word' id='word_1_70' title='bbox 537 863 586 897; x_wconf 90' lang='lat' dir='ltr'>ut</span> <span class='ocrx_word' id='word_1_71' title='bbox 600 856 836 900; x_wconf 83' lang='lat' dir='ltr'>moriamur</span> <span class='ocrx_word' id='word_1_72' title='bbox 851 871 1044 917; x_wconf 86' lang='lat' dir='ltr'>peccato.</span> 
     </span>
     <span class='ocr_line' id='line_1_10' title="bbox 479 922 1802 1004; baseline 0.02 -41"><span class='ocrx_word' id='word_1_73' title='bbox 479 922 881 971; x_wconf 85' lang='lat' dir='ltr'>XXXII-XXXIV.</span> <span class='ocrx_word' id='word_1_74' title='bbox 904 931 1032 982; x_wconf 89' lang='lat' dir='ltr'>Quod</span> <span class='ocrx_word' id='word_1_75' title='bbox 1047 942 1190 977; x_wconf 85' lang='lat' dir='ltr'>autem</span> <span class='ocrx_word' id='word_1_76' title='bbox 1211 936 1268 979; x_wconf 89' lang='lat' dir='ltr'>ait</span> <span class='ocrx_word' id='word_1_77' title='bbox 1289 955 1296 980; x_wconf 90' lang='lat'>:</span> <span class='ocrx_word' id='word_1_78' title='bbox 1322 955 1340 978; x_wconf 91' lang='lat'>«</span> <span class='ocrx_word' id='word_1_79' title='bbox 1360 941 1452 983; x_wconf 88' lang='lat' dir='ltr'>Hoc</span> <span class='ocrx_word' id='word_1_80' title='bbox 1469 941 1649 986; x_wconf 88' lang='lat' dir='ltr'>scientes</span> <span class='ocrx_word' id='word_1_81' title='bbox 1665 978 1675 998; x_wconf 85' lang='lat'>‚</span> <span class='ocrx_word' id='word_1_82' title='bbox 1701 946 1802 1004; x_wconf 65' lang='lat' dir='ltr'>quia</span> 
     </span>
     <span class='ocr_line' id='line_1_11' title="bbox 422 995 1802 1063; baseline 0.02 -31"><span class='ocrx_word' id='word_1_83' title='bbox 422 1008 441 1030; x_wconf 92' lang='lat'>»</span> <span class='ocrx_word' id='word_1_84' title='bbox 476 1001 599 1036; x_wconf 91' lang='lat' dir='ltr'>vetus</span> <span class='ocrx_word' id='word_1_85' title='bbox 619 995 751 1040; x_wconf 91' lang='lat' dir='ltr'>homo</span> <span class='ocrx_word' id='word_1_86' title='bbox 775 1008 920 1043; x_wconf 88' lang='lat' dir='ltr'>noster</span> <span class='ocrx_word' id='word_1_87' title='bbox 941 1002 1068 1046; x_wconf 84' lang='lat' dir='ltr'>simul</span> <span class='ocrx_word' id='word_1_88' title='bbox 1093 1007 1322 1052; x_wconf 74' lang='lat' dir='ltr'>crucifixus</span> <span class='ocrx_word' id='word_1_89' title='bbox 1339 1019 1426 1063; x_wconf 83' lang='lat' dir='ltr'>est,</span> <span class='ocrx_word' id='word_1_90' title='bbox 1451 1020 1499 1054; x_wconf 90' lang='lat' dir='ltr'>ut</span> <span class='ocrx_word' id='word_1_91' title='bbox 1518 1025 1802 1060; x_wconf 83' lang='lat' dir='ltr'>evacuaretur</span> 
     </span>
     <span class='ocr_line' id='line_1_12' title="bbox 419 1069 1799 1142; baseline 0.02 -39"><span class='ocrx_word' id='word_1_92' title='bbox 419 1078 438 1101; x_wconf 90' lang='lat'>»</span> <span class='ocrx_word' id='word_1_93' title='bbox 475 1076 631 1120; x_wconf 87' lang='lat' dir='ltr'>corpus</span> <span class='ocrx_word' id='word_1_94' title='bbox 661 1069 878 1124; x_wconf 74' lang='lat' dir='ltr'>peccati²‚</span> <span class='ocrx_word' id='word_1_95' title='bbox 899 1088 917 1110; x_wconf 92' lang='lat'>»</span> <span class='ocrx_word' id='word_1_96' title='bbox 948 1072 1135 1117; x_wconf 89' lang='lat' dir='ltr'>refertur</span> <span class='ocrx_word' id='word_1_97' title='bbox 1162 1076 1215 1119; x_wconf 88' lang='lat' dir='ltr'>ad</span> <span class='ocrx_word' id='word_1_98' title='bbox 1242 1077 1354 1122; x_wconf 89' lang='lat' dir='ltr'>illud</span> <span class='ocrx_word' id='word_1_99' title='bbox 1379 1081 1499 1139; x_wconf 83' lang='lat' dir='ltr'>quod</span> <span class='ocrx_word' id='word_1_100' title='bbox 1521 1097 1597 1141; x_wconf 90' lang='lat' dir='ltr'>per</span> <span class='ocrx_word' id='word_1_101' title='bbox 1617 1087 1799 1142; x_wconf 85' lang='lat' dir='ltr'>Moysen</span> 
     </span>
     <span class='ocr_line' id='line_1_13' title="bbox 414 1129 1795 1212; baseline 0.018 -40"><span class='ocrx_word' id='word_1_102' title='bbox 414 1129 580 1176; x_wconf 88' lang='lat' dir='ltr'>dictum</span> <span class='ocrx_word' id='word_1_103' title='bbox 594 1144 680 1179; x_wconf 89' lang='lat' dir='ltr'>est:</span> <span class='ocrx_word' id='word_1_104' title='bbox 705 1138 997 1185; x_wconf 86' lang='lat' dir='ltr'>«Maledictus</span> <span class='ocrx_word' id='word_1_105' title='bbox 1012 1145 1151 1189; x_wconf 91' lang='lat' dir='ltr'>omnis</span> <span class='ocrx_word' id='word_1_106' title='bbox 1168 1148 1244 1206; x_wconf 85' lang='lat' dir='ltr'>qui</span> <span class='ocrx_word' id='word_1_107' title='bbox 1259 1149 1303 1191; x_wconf 88' lang='lat' dir='ltr'>in</span> <span class='ocrx_word' id='word_1_108' title='bbox 1318 1148 1438 1208; x_wconf 84' lang='lat' dir='ltr'>ligno</span> <span class='ocrx_word' id='word_1_109' title='bbox 1457 1154 1751 1212; x_wconf 76' lang='lat' dir='ltr'>pependerit3.</span> <span class='ocrx_word' id='word_1_110' title='bbox 1776 1176 1795 1198; x_wconf 91' lang='lat'>»</span> 
     </span>
     <span class='ocr_line' id='line_1_14' title="bbox 413 1201 1797 1275; baseline 0.022 -33"><span class='ocrx_word' id='word_1_111' title='bbox 413 1201 578 1265; x_wconf 88' lang='lat' dir='ltr'>Veteris</span> <span class='ocrx_word' id='word_1_112' title='bbox 609 1205 722 1248; x_wconf 91' lang='lat' dir='ltr'>enim</span> <span class='ocrx_word' id='word_1_113' title='bbox 756 1207 941 1254; x_wconf 92' lang='lat' dir='ltr'>hominis</span> <span class='ocrx_word' id='word_1_114' title='bbox 975 1215 1196 1259; x_wconf 80' lang='lat' dir='ltr'>crucifixio</span> <span class='ocrx_word' id='word_1_115' title='bbox 1228 1218 1465 1275; x_wconf 79' lang='lat' dir='ltr'>significata</span> <span class='ocrx_word' id='word_1_116' title='bbox 1496 1233 1559 1267; x_wconf 81' lang='lat' dir='ltr'>est</span> <span class='ocrx_word' id='word_1_117' title='bbox 1592 1225 1637 1268; x_wconf 92' lang='lat' dir='ltr'>in</span> <span class='ocrx_word' id='word_1_118' title='bbox 1668 1243 1797 1272; x_wconf 88' lang='lat' dir='ltr'>cruce</span> 
     </span>
     <span class='ocr_line' id='line_1_15' title="bbox 411 1272 1794 1342; baseline 0.022 -30"><span class='ocrx_word' id='word_1_119' title='bbox 411 1272 609 1326; x_wconf 86' lang='lat' dir='ltr'>Domini,</span> <span class='ocrx_word' id='word_1_120' title='bbox 636 1275 747 1319; x_wconf 91' lang='lat' dir='ltr'>sicut</span> <span class='ocrx_word' id='word_1_121' title='bbox 769 1279 868 1322; x_wconf 89' lang='lat' dir='ltr'>novi</span> <span class='ocrx_word' id='word_1_122' title='bbox 903 1281 1089 1326; x_wconf 89' lang='lat' dir='ltr'>hominis</span> <span class='ocrx_word' id='word_1_123' title='bbox 1124 1286 1377 1333; x_wconf 84' lang='lat' dir='ltr'>instauratio</span> <span class='ocrx_word' id='word_1_124' title='bbox 1403 1291 1449 1334; x_wconf 88' lang='lat' dir='ltr'>in</span> <span class='ocrx_word' id='word_1_125' title='bbox 1480 1298 1794 1342; x_wconf 86' lang='lat' dir='ltr'>resurrectione</span> 
     </span>
     <span class='ocr_line' id='line_1_16' title="bbox 407 1341 1792 1413; baseline 0.022 -31"><span class='ocrx_word' id='word_1_126' title='bbox 407 1341 642 1397; x_wconf 85' lang='lat' dir='ltr'>significata</span> <span class='ocrx_word' id='word_1_127' title='bbox 664 1354 742 1389; x_wconf 88' lang='lat' dir='ltr'>est.</span> <span class='ocrx_word' id='word_1_128' title='bbox 766 1349 1045 1395; x_wconf 84' lang='lat' dir='ltr'>Manifestum</span> <span class='ocrx_word' id='word_1_129' title='bbox 1066 1363 1145 1409; x_wconf 86' lang='lat' dir='ltr'>est,</span> <span class='ocrx_word' id='word_1_130' title='bbox 1167 1366 1312 1401; x_wconf 89' lang='lat' dir='ltr'>autem</span> <span class='ocrx_word' id='word_1_131' title='bbox 1330 1362 1571 1408; x_wconf 92' lang='lat' dir='ltr'>secundum</span> <span class='ocrx_word' id='word_1_132' title='bbox 1590 1380 1691 1410; x_wconf 89' lang='lat' dir='ltr'>eum</span> <span class='ocrx_word' id='word_1_133' title='bbox 1713 1384 1792 1413; x_wconf 91' lang='lat' dir='ltr'>nos</span> 
     </span>
     <span class='ocr_line' id='line_1_17' title="bbox 407 1417 1792 1496; baseline 0.022 -44"><span class='ocrx_word' id='word_1_134' title='bbox 407 1425 533 1468; x_wconf 84' lang='lat' dir='ltr'>agere</span> <span class='ocrx_word' id='word_1_135' title='bbox 569 1422 757 1458; x_wconf 90' lang='lat' dir='ltr'>veterem</span> <span class='ocrx_word' id='word_1_136' title='bbox 789 1417 1040 1476; x_wconf 77' lang='lat' dir='ltr'>hominem,</span> <span class='ocrx_word' id='word_1_137' title='bbox 1076 1426 1151 1483; x_wconf 86' lang='lat' dir='ltr'>qui</span> <span class='ocrx_word' id='word_1_138' title='bbox 1185 1426 1439 1474; x_wconf 87' lang='lat' dir='ltr'>maledictus</span> <span class='ocrx_word' id='word_1_139' title='bbox 1468 1443 1532 1477; x_wconf 88' lang='lat' dir='ltr'>est</span> <span class='ocrx_word' id='word_1_140' title='bbox 1566 1453 1573 1478; x_wconf 94' lang='lat'>:</span> <span class='ocrx_word' id='word_1_141' title='bbox 1613 1447 1792 1496; x_wconf 83' lang='lat' dir='ltr'>propter</span> 
     </span>
     <span class='ocr_line' id='line_1_18' title="bbox 404 1489 1785 1567; baseline 0.022 -45"><span class='ocrx_word' id='word_1_142' title='bbox 404 1496 536 1540; x_wconf 89' lang='lat' dir='ltr'>quem</span> <span class='ocrx_word' id='word_1_143' title='bbox 557 1494 784 1542; x_wconf 83' lang='lat' dir='ltr'>peccatum</span> <span class='ocrx_word' id='word_1_144' title='bbox 806 1497 849 1531; x_wconf 92' lang='lat' dir='ltr'>et</span> <span class='ocrx_word' id='word_1_145' title='bbox 866 1489 920 1534; x_wconf 92' lang='lat' dir='ltr'>de</span> <span class='ocrx_word' id='word_1_146' title='bbox 935 1492 1119 1538; x_wconf 92' lang='lat' dir='ltr'>Domino</span> <span class='ocrx_word' id='word_1_147' title='bbox 1141 1493 1308 1541; x_wconf 87' lang='lat' dir='ltr'>dictum</span> <span class='ocrx_word' id='word_1_148' title='bbox 1326 1513 1415 1544; x_wconf 91' lang='lat' dir='ltr'>esse</span> <span class='ocrx_word' id='word_1_149' title='bbox 1437 1517 1566 1548; x_wconf 90' lang='lat' dir='ltr'>nemo</span> <span class='ocrx_word' id='word_1_150' title='bbox 1588 1508 1785 1567; x_wconf 81' lang='lat' dir='ltr'>ambigit,</span> 
     </span>
     <span class='ocr_line' id='line_1_19' title="bbox 403 1551 1787 1631; baseline 0.022 -38"><span class='ocrx_word' id='word_1_151' title='bbox 403 1551 524 1610; x_wconf 88' lang='lat' dir='ltr'>quod</span> <span class='ocrx_word' id='word_1_152' title='bbox 546 1564 721 1611; x_wconf 84' lang='lat' dir='ltr'>peccata</span> <span class='ocrx_word' id='word_1_153' title='bbox 745 1567 890 1602; x_wconf 89' lang='lat' dir='ltr'>nostra</span> <span class='ocrx_word' id='word_1_154' title='bbox 913 1563 1124 1618; x_wconf 87' lang='lat' dir='ltr'>portavit,</span> <span class='ocrx_word' id='word_1_155' title='bbox 1151 1574 1192 1608; x_wconf 89' lang='lat' dir='ltr'>et</span> <span class='ocrx_word' id='word_1_156' title='bbox 1216 1578 1443 1625; x_wconf 82' lang='lat' dir='ltr'>peccatum</span> <span class='ocrx_word' id='word_1_157' title='bbox 1466 1588 1545 1631; x_wconf 89' lang='lat' dir='ltr'>pro</span> <span class='ocrx_word' id='word_1_158' title='bbox 1574 1577 1698 1621; x_wconf 84' lang='lat' dir='ltr'>nobis</span> <span class='ocrx_word' id='word_1_159' title='bbox 1719 1578 1787 1623; x_wconf 87' lang='lat' dir='ltr'>fe-</span> 
     </span>
     <span class='ocr_line' id='line_1_20' title="bbox 402 1620 1785 1694; baseline 0.021 -31"><span class='ocrx_word' id='word_1_160' title='bbox 402 1620 484 1673; x_wconf 85' lang='lat' dir='ltr'>cit,</span> <span class='ocrx_word' id='word_1_161' title='bbox 511 1631 554 1665; x_wconf 91' lang='lat' dir='ltr'>et</span> <span class='ocrx_word' id='word_1_162' title='bbox 577 1622 631 1666; x_wconf 90' lang='lat' dir='ltr'>de</span> <span class='ocrx_word' id='word_1_163' title='bbox 653 1636 829 1683; x_wconf 87' lang='lat' dir='ltr'>peccato</span> <span class='ocrx_word' id='word_1_164' title='bbox 853 1631 1159 1677; x_wconf 81' lang='lat' dir='ltr'>condemnavit</span> <span class='ocrx_word' id='word_1_165' title='bbox 1182 1647 1409 1693; x_wconf 88' lang='lat' dir='ltr'>peecatum</span> <span class='ocrx_word' id='word_1_166' title='bbox 1424 1642 1454 1682; x_wconf 80' lang='lat'>⁴.</span> <span class='ocrx_word' id='word_1_167' title='bbox 1481 1644 1596 1694; x_wconf 89' lang='lat' dir='ltr'>Quid</span> <span class='ocrx_word' id='word_1_168' title='bbox 1621 1656 1684 1690; x_wconf 86' lang='lat' dir='ltr'>est</span> <span class='ocrx_word' id='word_1_169' title='bbox 1705 1665 1785 1692; x_wconf 88' lang='lat' dir='ltr'>au-</span> 
     </span>
     <span class='ocr_line' id='line_1_21' title="bbox 400 1699 1782 1764; baseline 0.022 -32"><span class='ocrx_word' id='word_1_170' title='bbox 400 1699 486 1733; x_wconf 89' lang='lat' dir='ltr'>tem</span> <span class='ocrx_word' id='word_1_171' title='bbox 512 1706 719 1737; x_wconf 85' lang='lat' dir='ltr'>evacuare</span> <span class='ocrx_word' id='word_1_172' title='bbox 747 1711 903 1754; x_wconf 90' lang='lat' dir='ltr'>corpus</span> <span class='ocrx_word' id='word_1_173' title='bbox 936 1703 1134 1756; x_wconf 78' lang='lat' dir='ltr'>peccati?</span> <span class='ocrx_word' id='word_1_174' title='bbox 1172 1706 1266 1761; x_wconf 88' lang='lat' dir='ltr'>lpse</span> <span class='ocrx_word' id='word_1_175' title='bbox 1287 1710 1485 1764; x_wconf 83' lang='lat' dir='ltr'>exposuit</span> <span class='ocrx_word' id='word_1_176' title='bbox 1508 1730 1516 1755; x_wconf 77' lang='lat'>2</span> <span class='ocrx_word' id='word_1_177' title='bbox 1543 1731 1562 1753; x_wconf 87' lang='lat'>«</span> <span class='ocrx_word' id='word_1_178' title='bbox 1589 1715 1646 1758; x_wconf 91' lang='lat' dir='ltr'>Ut</span> <span class='ocrx_word' id='word_1_179' title='bbox 1668 1717 1782 1764; x_wconf 90' lang='lat' dir='ltr'>ultra</span> 
     </span>
     <span class='ocr_line' id='line_1_22' title="bbox 402 1762 1781 1834; baseline 0.022 -34"><span class='ocrx_word' id='word_1_180' title='bbox 402 1778 421 1800; x_wconf 90' lang='lat'>»</span> <span class='ocrx_word' id='word_1_181' title='bbox 457 1775 546 1803; x_wconf 90' lang='lat' dir='ltr'>non</span> <span class='ocrx_word' id='word_1_182' title='bbox 568 1762 800 1806; x_wconf 88' lang='lat' dir='ltr'>serviamus</span> <span class='ocrx_word' id='word_1_183' title='bbox 815 1776 1006 1823; x_wconf 89' lang='lat' dir='ltr'>peccato.</span> <span class='ocrx_word' id='word_1_184' title='bbox 1033 1786 1052 1809; x_wconf 92' lang='lat'>»</span> <span class='ocrx_word' id='word_1_185' title='bbox 1081 1773 1134 1813; x_wconf 87' lang='lat' dir='ltr'>Et</span> <span class='ocrx_word' id='word_1_186' title='bbox 1155 1771 1264 1817; x_wconf 89' lang='lat' dir='ltr'>illud</span> <span class='ocrx_word' id='word_1_187' title='bbox 1287 1777 1405 1834; x_wconf 84' lang='lat' dir='ltr'>quod</span> <span class='ocrx_word' id='word_1_188' title='bbox 1428 1780 1485 1822; x_wconf 90' lang='lat' dir='ltr'>ait</span> <span class='ocrx_word' id='word_1_189' title='bbox 1511 1800 1519 1824; x_wconf 88' lang='lat'>:</span> <span class='ocrx_word' id='word_1_190' title='bbox 1553 1801 1570 1823; x_wconf 89' lang='lat'>«</span> <span class='ocrx_word' id='word_1_191' title='bbox 1595 1785 1636 1827; x_wconf 92' lang='lat' dir='ltr'>Si</span> <span class='ocrx_word' id='word_1_192' title='bbox 1660 1801 1781 1830; x_wconf 91' lang='lat' dir='ltr'>mor-</span> 
     </span>
     <span class='ocr_line' id='line_1_23' title="bbox 401 1828 1779 1901; baseline 0.022 -32"><span class='ocrx_word' id='word_1_193' title='bbox 401 1846 420 1868; x_wconf 90' lang='lat'>»</span> <span class='ocrx_word' id='word_1_194' title='bbox 456 1828 520 1872; x_wconf 88' lang='lat' dir='ltr'>tui</span> <span class='ocrx_word' id='word_1_195' title='bbox 550 1845 697 1874; x_wconf 88' lang='lat' dir='ltr'>sumus</span> <span class='ocrx_word' id='word_1_196' title='bbox 726 1848 824 1876; x_wconf 86' lang='lat' dir='ltr'>cum</span> <span class='ocrx_word' id='word_1_197' title='bbox 860 1836 1053 1891; x_wconf 83' lang='lat' dir='ltr'>Christo,</span> <span class='ocrx_word' id='word_1_198' title='bbox 1087 1857 1105 1879; x_wconf 90' lang='lat'>»</span> <span class='ocrx_word' id='word_1_199' title='bbox 1132 1841 1215 1885; x_wconf 89' lang='lat' dir='ltr'>hoc</span> <span class='ocrx_word' id='word_1_200' title='bbox 1242 1853 1325 1898; x_wconf 86' lang='lat' dir='ltr'>est,</span> <span class='ocrx_word' id='word_1_201' title='bbox 1355 1847 1395 1890; x_wconf 91' lang='lat' dir='ltr'>Si</span> <span class='ocrx_word' id='word_1_202' title='bbox 1418 1851 1608 1894; x_wconf 80' lang='lat' dir='ltr'>crucifixi</span> <span class='ocrx_word' id='word_1_203' title='bbox 1630 1869 1779 1901; x_wconf 86' lang='lat' dir='ltr'>sumus</span> 
     </span>
     <span class='ocr_line' id='line_1_24' title="bbox 394 1900 1776 1970; baseline 0.022 -30"><span class='ocrx_word' id='word_1_204' title='bbox 394 1913 493 1941; x_wconf 86' lang='lat' dir='ltr'>cum</span> <span class='ocrx_word' id='word_1_205' title='bbox 512 1900 696 1944; x_wconf 90' lang='lat' dir='ltr'>Christo.</span> <span class='ocrx_word' id='word_1_206' title='bbox 719 1902 826 1945; x_wconf 88' lang='lat' dir='ltr'>Dicit</span> <span class='ocrx_word' id='word_1_207' title='bbox 845 1906 958 1948; x_wconf 88' lang='lat' dir='ltr'>enim</span> <span class='ocrx_word' id='word_1_208' title='bbox 979 1906 1172 1954; x_wconf 85' lang='lat' dir='ltr'>alioloco</span> <span class='ocrx_word' id='word_1_209' title='bbox 1191 1930 1198 1954; x_wconf 93' lang='lat'>:</span> <span class='ocrx_word' id='word_1_210' title='bbox 1221 1915 1340 1965; x_wconf 88' lang='lat' dir='ltr'>«Qui</span> <span class='ocrx_word' id='word_1_211' title='bbox 1363 1917 1477 1960; x_wconf 88' lang='lat' dir='ltr'>enim</span> <span class='ocrx_word' id='word_1_212' title='bbox 1497 1921 1655 1965; x_wconf 90' lang='lat' dir='ltr'>Christi</span> <span class='ocrx_word' id='word_1_213' title='bbox 1674 1928 1776 1970; x_wconf 86' lang='lat' dir='ltr'>Jesu</span> 
     </span>
     <span class='ocr_line' id='line_1_25' title="bbox 398 1978 1774 2038; baseline 0.022 -29"><span class='ocrx_word' id='word_1_214' title='bbox 398 1986 417 2008; x_wconf 83' lang='lat'>&gt;›</span> <span class='ocrx_word' id='word_1_215' title='bbox 453 1978 578 2023; x_wconf 83' lang='lat' dir='ltr'>sunt,</span> <span class='ocrx_word' id='word_1_216' title='bbox 603 1985 776 2014; x_wconf 86' lang='lat' dir='ltr'>carnem</span> <span class='ocrx_word' id='word_1_217' title='bbox 801 1989 921 2017; x_wconf 87' lang='lat' dir='ltr'>suam</span> <span class='ocrx_word' id='word_1_218' title='bbox 945 1978 1256 2025; x_wconf 82' lang='lat' dir='ltr'>crucifixerunt</span> <span class='ocrx_word' id='word_1_219' title='bbox 1278 1998 1378 2027; x_wconf 90' lang='lat' dir='ltr'>cum</span> <span class='ocrx_word' id='word_1_220' title='bbox 1409 1987 1523 2032; x_wconf 87' lang='lat' dir='ltr'>vitiis</span> <span class='ocrx_word' id='word_1_221' title='bbox 1546 2000 1588 2034; x_wconf 89' lang='lat' dir='ltr'>ct</span> <span class='ocrx_word' id='word_1_222' title='bbox 1610 2008 1774 2038; x_wconf 85' lang='lat' dir='ltr'>concu-</span> 
     </span>
     <span class='ocr_line' id='line_1_26' title="bbox 393 2040 1774 2118; baseline 0.024 -40"><span class='ocrx_word' id='word_1_223' title='bbox 393 2055 414 2078; x_wconf 91' lang='lat'>»</span> <span class='ocrx_word' id='word_1_224' title='bbox 450 2040 667 2096; x_wconf 88' lang='lat' dir='ltr'>piscentiis</span> <span class='ocrx_word' id='word_1_225' title='bbox 682 2044 710 2083; x_wconf 84' lang='lat'>⁵.</span> <span class='ocrx_word' id='word_1_226' title='bbox 742 2060 760 2082; x_wconf 91' lang='lat'>»</span> <span class='ocrx_word' id='word_1_227' title='bbox 786 2046 883 2088; x_wconf 93' lang='lat' dir='ltr'>Non</span> <span class='ocrx_word' id='word_1_228' title='bbox 906 2061 1009 2104; x_wconf 79' lang='lat' dir='ltr'>ergo</span> <span class='ocrx_word' id='word_1_229' title='bbox 1032 2050 1218 2094; x_wconf 90' lang='lat' dir='ltr'>Domino</span> <span class='ocrx_word' id='word_1_230' title='bbox 1240 2053 1460 2100; x_wconf 87' lang='lat' dir='ltr'>maledixit</span> <span class='ocrx_word' id='word_1_231' title='bbox 1477 2061 1671 2118; x_wconf 69' lang='lat' dir='ltr'>Moyses,</span> <span class='ocrx_word' id='word_1_232' title='bbox 1699 2068 1774 2111; x_wconf 84' lang='lat' dir='ltr'>sed</span> 
     </span>
     <span class='ocr_line' id='line_1_27' title="bbox 391 2107 1428 2179; baseline 0.019 -31"><span class='ocrx_word' id='word_1_233' title='bbox 391 2107 498 2167; x_wconf 87' lang='lat' dir='ltr'>quid</span> <span class='ocrx_word' id='word_1_234' title='bbox 520 2109 766 2155; x_wconf 84' lang='lat' dir='ltr'>ostenderet</span> <span class='ocrx_word' id='word_1_235' title='bbox 785 2115 876 2172; x_wconf 88' lang='lat' dir='ltr'>ejus</span> <span class='ocrx_word' id='word_1_236' title='bbox 893 2116 1115 2161; x_wconf 73' lang='lat' dir='ltr'>crucifixio</span> <span class='ocrx_word' id='word_1_237' title='bbox 1140 2122 1428 2179; x_wconf 87' lang='lat' dir='ltr'>prophetavit.</span> 
     </span>
     <span class='ocr_line' id='line_1_28' title="bbox 469 2178 1771 2250; baseline 0.024 -31"><span class='ocrx_word' id='word_1_238' title='bbox 469 2178 648 2221; x_wconf 83' lang='lat' dir='ltr'><strong>XXXV.</strong></span> <span class='ocrx_word' id='word_1_239' title='bbox 683 2182 812 2232; x_wconf 87' lang='lat' dir='ltr'>Quod</span> <span class='ocrx_word' id='word_1_240' title='bbox 847 2194 988 2227; x_wconf 86' lang='lat' dir='ltr'>autem</span> <span class='ocrx_word' id='word_1_241' title='bbox 1014 2186 1072 2229; x_wconf 89' lang='lat' dir='ltr'>ait</span> <span class='ocrx_word' id='word_1_242' title='bbox 1100 2206 1107 2231; x_wconf 93' lang='lat'><strong>:</strong></span> <span class='ocrx_word' id='word_1_243' title='bbox 1140 2207 1158 2229; x_wconf 89' lang='lat'>«</span> <span class='ocrx_word' id='word_1_244' title='bbox 1186 2193 1417 2238; x_wconf 87' lang='lat' dir='ltr'>Peccatum</span> <span class='ocrx_word' id='word_1_245' title='bbox 1435 2198 1550 2241; x_wconf 88' lang='lat' dir='ltr'>enim</span> <span class='ocrx_word' id='word_1_246' title='bbox 1585 2201 1625 2244; x_wconf 90' lang='lat' dir='ltr'>iu</span> <span class='ocrx_word' id='word_1_247' title='bbox 1649 2206 1771 2250; x_wconf 84' lang='lat' dir='ltr'>vobis</span> 
     </span>
     <span class='ocr_line' id='line_1_29' title="bbox 392 2247 1769 2325; baseline 0.024 -39"><span class='ocrx_word' id='word_1_248' title='bbox 392 2263 411 2285; x_wconf 93' lang='lat'>»</span> <span class='ocrx_word' id='word_1_249' title='bbox 447 2260 536 2289; x_wconf 89' lang='lat' dir='ltr'>non</span> <span class='ocrx_word' id='word_1_250' title='bbox 573 2247 896 2307; x_wconf 74' lang='lat' dir='ltr'>dominabitur7</span> <span class='ocrx_word' id='word_1_251' title='bbox 934 2270 1021 2298; x_wconf 90' lang='lat' dir='ltr'>non</span> <span class='ocrx_word' id='word_1_252' title='bbox 1044 2258 1158 2301; x_wconf 91' lang='lat' dir='ltr'>enim</span> <span class='ocrx_word' id='word_1_253' title='bbox 1187 2262 1286 2305; x_wconf 85' lang='lat' dir='ltr'>estis</span> <span class='ocrx_word' id='word_1_254' title='bbox 1314 2265 1394 2307; x_wconf 83' lang='lat' dir='ltr'>sul)</span> <span class='ocrx_word' id='word_1_255' title='bbox 1425 2269 1557 2325; x_wconf 82' lang='lat' dir='ltr'>Lege,</span> <span class='ocrx_word' id='word_1_256' title='bbox 1584 2273 1659 2316; x_wconf 87' lang='lat' dir='ltr'>sed</span> <span class='ocrx_word' id='word_1_257' title='bbox 1688 2276 1769 2320; x_wconf 84' lang='lat' dir='ltr'>sub</span> 
     </span>
     <span class='ocr_line' id='line_1_30' title="bbox 389 2316 1768 2401; baseline 0.025 -46"><span class='ocrx_word' id='word_1_258' title='bbox 389 2331 410 2355; x_wconf 89' lang='lat'>»</span> <span class='ocrx_word' id='word_1_259' title='bbox 447 2316 610 2373; x_wconf 77' lang='lat' dir='ltr'>gratia⁶</span> <span class='ocrx_word' id='word_1_260' title='bbox 627 2352 636 2370; x_wconf 81' lang='lat'><strong>‚</strong></span> <span class='ocrx_word' id='word_1_261' title='bbox 667 2336 686 2358; x_wconf 91' lang='lat'>»</span> <span class='ocrx_word' id='word_1_262' title='bbox 712 2321 864 2379; x_wconf 88' lang='lat' dir='ltr'>utique</span> <span class='ocrx_word' id='word_1_263' title='bbox 893 2322 947 2366; x_wconf 85' lang='lat' dir='ltr'>ad</span> <span class='ocrx_word' id='word_1_264' title='bbox 976 2327 1152 2371; x_wconf 88' lang='lat' dir='ltr'>tertium</span> <span class='ocrx_word' id='word_1_265' title='bbox 1178 2329 1300 2374; x_wconf 90' lang='lat' dir='ltr'>illum</span> <span class='ocrx_word' id='word_1_266' title='bbox 1321 2336 1502 2391; x_wconf 83' lang='lat' dir='ltr'>gradum</span> <span class='ocrx_word' id='word_1_267' title='bbox 1519 2340 1607 2398; x_wconf 89' lang='lat' dir='ltr'>jam</span> <span class='ocrx_word' id='word_1_268' title='bbox 1632 2348 1768 2401; x_wconf 86' lang='lat' dir='ltr'>perti—</span> 
     </span>
     <span class='ocr_line' id='line_1_31' title="bbox 386 2385 1766 2464; baseline 0.025 -39"><span class='ocrx_word' id='word_1_269' title='bbox 386 2392 488 2438; x_wconf 87' lang='lat' dir='ltr'>net,</span> <span class='ocrx_word' id='word_1_270' title='bbox 514 2385 590 2428; x_wconf 81' lang='lat' dir='ltr'>ubi</span> <span class='ocrx_word' id='word_1_271' title='bbox 610 2387 741 2432; x_wconf 90' lang='lat' dir='ltr'>homo</span> <span class='ocrx_word' id='word_1_272' title='bbox 759 2390 847 2448; x_wconf 86' lang='lat' dir='ltr'>jam</span> <span class='ocrx_word' id='word_1_273' title='bbox 871 2403 1015 2438; x_wconf 90' lang='lat' dir='ltr'>mente</span> <span class='ocrx_word' id='word_1_274' title='bbox 1037 2396 1165 2441; x_wconf 85' lang='lat' dir='ltr'>servit</span> <span class='ocrx_word' id='word_1_275' title='bbox 1190 2401 1290 2458; x_wconf 83' lang='lat' dir='ltr'>Legi</span> <span class='ocrx_word' id='word_1_276' title='bbox 1310 2404 1401 2458; x_wconf 81' lang='lat' dir='ltr'>Dei,</span> <span class='ocrx_word' id='word_1_277' title='bbox 1421 2410 1614 2464; x_wconf 85' lang='lat' dir='ltr'>quamvis</span> <span class='ocrx_word' id='word_1_278' title='bbox 1637 2428 1766 2459; x_wconf 78' lang='lat' dir='ltr'>carne</span> 
     </span>
     <span class='ocr_line' id='line_1_32' title="bbox 386 2453 1760 2540; baseline 0.025 -46"><span class='ocrx_word' id='word_1_279' title='bbox 386 2453 541 2497; x_wconf 90' lang='lat' dir='ltr'>serviat</span> <span class='ocrx_word' id='word_1_280' title='bbox 562 2454 644 2513; x_wconf 82' lang='lat' dir='ltr'>legi</span> <span class='ocrx_word' id='word_1_281' title='bbox 663 2460 867 2515; x_wconf 80' lang='lat' dir='ltr'>peccati⁷.</span> <span class='ocrx_word' id='word_1_282' title='bbox 890 2464 985 2506; x_wconf 93' lang='lat' dir='ltr'>Non</span> <span class='ocrx_word' id='word_1_283' title='bbox 1009 2466 1123 2508; x_wconf 90' lang='lat' dir='ltr'>enim</span> <span class='ocrx_word' id='word_1_284' title='bbox 1147 2467 1328 2515; x_wconf 85' lang='lat' dir='ltr'>obaudit</span> <span class='ocrx_word' id='word_1_285' title='bbox 1351 2473 1561 2522; x_wconf 86' lang='lat' dir='ltr'>desiderio</span> <span class='ocrx_word' id='word_1_286' title='bbox 1579 2486 1760 2540; x_wconf 80' lang='lat' dir='ltr'>peccati,</span> 
     </span>
    </p>
   </div>
   <div class='ocr_carea' id='block_1_3' title="bbox 386 2549 1762 2660">
    <p class='ocr_par' dir='ltr' id='par_1_3' title="bbox 386 2549 1762 2660">
     <span class='ocr_line' id='line_1_33' title="bbox 450 2549 1762 2616; baseline 0.025 -38"><span class='ocrx_word' id='word_1_287' title='bbox 450 2552 457 2567; x_wconf 93' lang='lat'>¹</span> <span class='ocrx_word' id='word_1_288' title='bbox 477 2549 568 2580; x_wconf 79' lang='lat' dir='ltr'>Rom.</span> <span class='ocrx_word' id='word_1_289' title='bbox 584 2560 627 2590; x_wconf 77' lang='lat' dir='ltr'>vi,</span> <span class='ocrx_word' id='word_1_290' title='bbox 652 2561 680 2591; x_wconf 77' lang='grc' dir='ltr'>ι,</span> <span class='ocrx_word' id='word_1_291' title='bbox 700 2560 729 2583; x_wconf 77' lang='lat'>9..</span> <span class='ocrx_word' id='word_1_292' title='bbox 756 2569 795 2574; x_wconf 91' lang='lat'>—-</span> <span class='ocrx_word' id='word_1_293' title='bbox 817 2560 828 2575; x_wconf 80' lang='lat'>²</span> <span class='ocrx_word' id='word_1_294' title='bbox 852 2554 932 2586; x_wconf 82' lang='lat' dir='ltr'>lbid.</span> <span class='ocrx_word' id='word_1_295' title='bbox 949 2558 980 2588; x_wconf 87' lang='lat'>6.</span> <span class='ocrx_word' id='word_1_296' title='bbox 1003 2574 1044 2580; x_wconf 89' lang='grc'>-·</span> <span class='ocrx_word' id='word_1_297' title='bbox 1062 2558 1074 2581; x_wconf 83' lang='grc'>3</span> <span class='ocrx_word' id='word_1_298' title='bbox 1094 2563 1186 2593; x_wconf 74' lang='lat' dir='ltr'>Dent.</span> <span class='ocrx_word' id='word_1_299' title='bbox 1208 2573 1273 2604; x_wconf 80' lang='lat' dir='ltr'>xxi,</span> <span class='ocrx_word' id='word_1_300' title='bbox 1294 2566 1345 2598; x_wconf 81' lang='lat'>23.</span> <span class='ocrx_word' id='word_1_301' title='bbox 1384 2586 1406 2590; x_wconf 84' lang='lat'><em>-</em></span> <span class='ocrx_word' id='word_1_302' title='bbox 1429 2570 1443 2599; x_wconf 68' lang='lat' dir='ltr'>li</span> <span class='ocrx_word' id='word_1_303' title='bbox 1470 2573 1538 2603; x_wconf 61' lang='lat' dir='ltr'>hat</span> <span class='ocrx_word' id='word_1_304' title='bbox 1563 2585 1625 2616; x_wconf 74' lang='lat' dir='ltr'>mu,</span> <span class='ocrx_word' id='word_1_305' title='bbox 1650 2588 1697 2611; x_wconf 80' lang='lat'>11.</span> <span class='ocrx_word' id='word_1_306' title='bbox 1723 2596 1762 2601; x_wconf 86' lang='lat'>—</span> 
     </span>
     <span class='ocr_line' id='line_1_34' title="bbox 386 2599 1298 2660; baseline 0.021 -27"><span class='ocrx_word' id='word_1_307' title='bbox 386 2599 513 2634; x_wconf 84' lang='lat' dir='ltr'>5Galat.</span> <span class='ocrx_word' id='word_1_308' title='bbox 537 2615 569 2644; x_wconf 82' lang='lat' dir='ltr'>v,</span> <span class='ocrx_word' id='word_1_309' title='bbox 591 2603 644 2645; x_wconf 69' lang='grc'>24.</span> <span class='ocrx_word' id='word_1_310' title='bbox 666 2622 706 2628; x_wconf 84' lang='lat'>—</span> <span class='ocrx_word' id='word_1_311' title='bbox 731 2605 746 2627; x_wconf 62' lang='grc' dir='ltr'>’ἶ</span> <span class='ocrx_word' id='word_1_312' title='bbox 761 2610 852 2641; x_wconf 78' lang='lat' dir='ltr'>Rom.</span> <span class='ocrx_word' id='word_1_313' title='bbox 873 2621 915 2652; x_wconf 78' lang='lat' dir='ltr'>vl,</span> <span class='ocrx_word' id='word_1_314' title='bbox 940 2612 988 2653; x_wconf 76' lang='lat'>14.</span> <span class='ocrx_word' id='word_1_315' title='bbox 1008 2631 1047 2636; x_wconf 79' lang='lat'>-</span> <span class='ocrx_word' id='word_1_316' title='bbox 1068 2622 1080 2647; x_wconf 90' lang='lat'>7</span> <span class='ocrx_word' id='word_1_317' title='bbox 1106 2616 1150 2648; x_wconf 78' lang='lat' dir='ltr'>Id.</span> <span class='ocrx_word' id='word_1_318' title='bbox 1174 2628 1225 2660; x_wconf 84' lang='lat' dir='ltr'>vn,</span> <span class='ocrx_word' id='word_1_319' title='bbox 1245 2619 1298 2652; x_wconf 72' lang='lat'>25.</span> 
     </span>
    </p>
   </div>
   <div class='ocr_carea' id='block_1_4' title="bbox 1918 2281 1924 2900">
    <p class='ocr_par' dir='ltr' id='par_1_4' title="bbox 1918 2281 1924 2900">
     <span class='ocr_line' id='line_1_35' title="bbox 1918 2281 1924 2900; baseline 0 0"><span class='ocrx_word' id='word_1_320' title='bbox 1918 2281 1924 2900; x_wconf 95' lang='lat' dir='ltr'> </span> 
     </span>
    </p>
   </div>
   <div class='ocr_carea' id='block_1_5' title="bbox 1916 2902 1924 3282">
    <p class='ocr_par' dir='ltr' id='par_1_5' title="bbox 1916 2902 1924 3282">
     <span class='ocr_line' id='line_1_36' title="bbox 1916 2902 1924 3282; textangle 90"><span class='ocrx_word' id='word_1_321' title='bbox 1916 3273 1924 3282; x_wconf 76' lang='grc'>-</span> <span class='ocrx_word' id='word_1_322' title='bbox 1916 3227 1924 3246; x_wconf 65' lang='lat' dir='ltr'>m</span> <span class='ocrx_word' id='word_1_323' title='bbox 1917 2902 1924 3153; x_wconf 36' lang='grc' dir='ltr'>...μή-ι·-</span> 
     </span>
    </p>
   </div>
  </div>
 </body>
</html>
