1924 3309
443 306 524 344 318
889 313 924 344 s·
960 310 1192 342 Aucusnm
1224 313 1405 341 EP1scox>1

437 389 531 425 cata
549 381 799 439 peccatoris,
821 381 879 425 ait
902 399 910 424 :
935 398 954 421 «
976 381 1079 423 Haec
1100 377 1257 432 fecisti,
1277 386 1321 422 et
1337 378 1454 423 tacui
1469 379 1500 421 1.
1524 394 1544 419 »
1566 379 1729 424 Contra
1743 380 1826 424 hoc

435 451 602 496 dictum
625 459 711 506 est,
747 470 768 493 «
792 451 950 495 Veniet
981 458 1023 492 et
1050 463 1140 492 non
1162 446 1321 493 silebit.
1348 465 1370 490 »
1391 449 1623 493 Praesentia
1639 463 1716 493 sua
1736 464 1828 495 non

435 520 593 566 silebit.
615 523 810 580 Excepto
823 521 939 564 enim
960 518 1082 579 quod
1099 517 1312 579 Dominus
1325 518 1523 564 Christus
1540 519 1824 579 significatur,

436 592 539 651 quia
560 590 677 636 siluit
699 591 744 634 in
762 589 929 651 judicio
943 623 955 645 ,
979 596 1030 632 ut
1052 586 1309 647 impleretur
1330 589 1375 632 in
1396 588 1473 634 illo
1495 589 1625 634 etiam
1654 604 1704 635 ea
1726 604 1829 650 pro-

440 661 609 721 phetia,
643 675 775 721 quam
806 658 938 720 paulo
968 667 1069 703 ante
1100 658 1466 715 commemoravi,
1501 659 1586 704 hoc
1619 668 1826 719 excepto,

438 731 571 776 modo
590 734 703 775 Deus
724 730 815 789 ipse
836 744 912 789 per
933 743 978 773 se
1001 729 1145 788 ipsum
1158 728 1371 773 Dominus
1384 729 1580 775 Christus
1594 738 1724 774 tacet.
1750 732 1829 774 As-

437 801 585 845 cendit
606 801 721 845 enim
740 799 786 843 in
807 798 994 854 coelum,
1017 807 1061 843 et
1081 798 1203 843 sedet
1225 797 1281 843 ad
1296 799 1518 844 dexteram
1541 800 1701 855 Patris,
1725 798 1829 844 inde

439 880 646 914 venturus
667 879 731 914 est
743 868 940 930 judicare
961 869 1083 914 vivos
1101 877 1145 913 et
1165 877 1363 914 mortuos
1389 888 1398 914 ι
1418 868 1617 929 quandiu
1645 869 1708 913 ibi
1735 877 1799 914 est
1813 903 1825 925 ,

437 940 578 986 donec
604 941 750 986 veniat
776 948 905 985 tacet.
936 942 1075 985 Voces
1096 940 1189 999 ejus
1211 940 1258 984 in
1278 939 1400 985 libris
1422 940 1645 996 audimus,
1676 938 1733 984 de
1752 954 1828 985 ore

436 1012 568 1071 ipsius
582 1027 672 1057 non
688 1011 904 1056 audimus.
921 1010 1114 1055 Audistis
1128 1025 1278 1056 vocem
1293 1011 1425 1071 ipsius
1444 1011 1500 1055 de
1513 1011 1670 1056 sanctis
1686 1011 1826 1070 Scrip-

438 1082 543 1126 turis
568 1082 650 1126 isto
671 1082 796 1127 loco:
821 1080 978 1126 auditis
999 1095 1103 1126 cum
1124 1096 1199 1126 vos
1231 1082 1344 1141 ipsas
1377 1081 1725 1127 commemoratis
1742 1116 1754 1137 ,
1779 1089 1825 1126 et

436 1152 550 1196 forte
565 1151 621 1195 de
636 1152 703 1196 his
719 1152 847 1196 rebus
868 1152 984 1195 inter
1004 1166 1084 1196 vos
1104 1151 1474 1196 sermocinamini.

497 1222 573 1264 IV.
598 1221 684 1274 Qui
720 1220 815 1265 vult
853 1219 994 1265 audiri
1029 1236 1052 1264 a
1073 1223 1165 1265 Deo
1180 1254 1191 1276 ,
1226 1221 1477 1266 Gharissimi
1492 1255 1504 1276 ,
1537 1220 1658 1280 prius
1680 1218 1831 1265 audiat

438 1294 593 1335 Deum.
618 1289 830 1350 Nunquid
862 1289 984 1334 audis
1006 1289 1132 1333 illum
1152 1324 1163 1346 ,
1194 1291 1374 1351 quando
1396 1290 1500 1334 facis
1530 1289 1794 1335 adulterium
1815 1311 1827 1349 3

437 1370 480 1405 et
496 1360 630 1405 latere
647 1370 690 1406 te
710 1369 861 1420 putas,
886 1360 989 1420 quia
1005 1360 1138 1405 homo
1159 1369 1203 1404 te
1225 1375 1315 1406 non
1337 1360 1490 1406 videt?
1513 1359 1593 1405 Ille
1609 1370 1653 1406 te
1673 1360 1793 1407 videt
1811 1396 1824 1417 ,

438 1434 514 1478 sed
535 1442 664 1478 tacet.
702 1433 886 1488 Quando
919 1432 1088 1477 furtum
1109 1432 1213 1477 facis
1226 1466 1237 1488 ,
1272 1442 1419 1492 captas
1449 1433 1598 1479 oculos
1632 1434 1723 1494 ejus
1759 1433 1829 1478 cui

438 1505 616 1561 furaris,
649 1514 692 1550 et
725 1506 760 1550 si
791 1520 891 1549 eum
924 1504 1052 1560 latet,
1090 1504 1196 1548 facis
1227 1523 1236 1548 ε
1263 1504 1296 1548 si
1318 1514 1548 1564 propterea
1577 1520 1668 1550 non
1697 1503 1830 1560 facis,

438 1576 538 1636 quia
561 1576 685 1626 times
707 1591 762 1620 ne
783 1575 969 1621 videaris
986 1610 998 1631 ‚
1017 1575 1137 1618 intus
1161 1573 1324 1630 fecisti,
1350 1574 1397 1618 in
1418 1576 1549 1620 corde
1569 1574 1736 1632 fecisti,
1760 1574 1834 1618 fur

441 1645 598 1690 teneris
616 1681 627 1701 ,
652 1656 696 1691 et
726 1645 836 1690 nihil
858 1645 997 1690 tulisti
1024 1664 1032 1689 ;
1056 1643 1132 1688 sed
1153 1653 1199 1688 et
1219 1654 1291 1699 tu,
1322 1646 1358 1688 si
1379 1646 1682 1704 opportunitas
1706 1645 1833 1690 detur

441 1715 496 1760 ad
530 1714 800 1772 implendum
837 1714 1005 1757 malum
1026 1715 1192 1757 factum
1210 1723 1361 1768 tuum,
1397 1714 1555 1758 furaris
1570 1749 1581 1770 ,
1612 1723 1656 1760 et
1674 1714 1834 1775 laetaris

439 1785 543 1846 quia
564 1793 693 1829 tacet.
726 1782 844 1828 Audi
881 1797 986 1841 ergo
1010 1781 1232 1826 Psalmum
1259 1801 1268 1826 ε
1293 1791 1336 1826 te
1373 1781 1626 1839 admonuit,
1662 1793 1705 1828 te
1734 1784 1834 1844 qui-

441 1870 633 1915 cumque
648 1870 694 1899 es
742 1852 852 1898 sorte
870 1853 940 1898 hic
957 1851 1088 1897 hodie
1107 1861 1213 1908 stas,
1239 1862 1368 1898 nocte
1396 1853 1563 1914 aliquid
1594 1855 1760 1906 fecisti,
1791 1864 1833 1900 te

442 1925 692 1979 admonuit,
713 1924 794 1968 tibi
817 1923 926 1967 dixit
953 1941 962 1967 :
992 1941 1013 1965 «
1038 1924 1144 1967 Haec
1165 1921 1305 1967 fecisti
1324 1957 1336 1978 ,
1359 1933 1403 1968 et
1424 1924 1555 1969 tacui.
1583 1925 1833 1985 Suspicatus

445 2015 466 2038 »
501 2011 544 2040 es
563 1995 838 2056 iniquitatem
853 2029 864 2050 ,
890 1993 1012 2054 quod
1040 2008 1114 2038 ero
1144 1993 1224 2038 tibi
1246 1993 1395 2039 similis
1413 1997 1463 2040 2Ρ
1489 2013 1510 2037 »
1542 1997 1580 2039 Ο
1601 1996 1801 2042 homines
1817 2030 1829 2052 ,

442 2068 518 2127 qui
539 2068 633 2112 haec
654 2067 813 2121 verba,
838 2080 939 2126 quae
968 2064 1161 2109 dicturus
1182 2080 1301 2121 sum,
1334 2081 1413 2110 nec
1446 2067 1493 2111 in
1525 2082 1598 2112 ore
1631 2067 1800 2112 habetis
1816 2101 1829 2123 ‚

443 2153 523 2183 nec
543 2139 588 2182 in
609 2136 740 2183 corde
756 2172 767 2193 ,
793 2135 938 2181 felices
954 2136 1069 2180 estis.
1094 2138 1250 2181 Nonne
1279 2136 1477 2196 quotidie
1497 2138 1692 2182 homines
1718 2137 1832 2182 mala
1896 2134 1899 2138 ’

443 2209 674 2264 facientes,
700 2217 776 2253 aut
806 2223 917 2268 quos
947 2205 1233 2251 benefecisse
1253 2208 1464 2267 poenitet,
1501 2217 1545 2253 et
1573 2208 1831 2266 poenitentia

444 2294 642 2338 perversa
654 2278 849 2323 fundunt
868 2277 989 2338 quod
1002 2276 1247 2322 mulserunt
1258 2298 1270 2336 3
1284 2293 1431 2323 nonne
1442 2278 1644 2339 fquotidie
1657 2278 1829 2335 dicunt,

446 2358 489 2393 et
510 2350 588 2394 ista
607 2364 831 2393 murmura
852 2348 965 2393 inter
985 2363 1030 2392 se
1046 2347 1210 2392 rodunt
1235 2366 1244 2393 ε
1265 2350 1377 2392 Vere
1393 2348 1428 2393 si
1449 2351 1539 2394 Deo
1554 2348 1831 2409 displicerent

446 2419 542 2475 ista,
561 2419 831 2479 permitteret
846 2417 920 2462 illa
937 2417 1046 2473 fieri,
1072 2426 1147 2461 aut
1167 2417 1230 2462 illi
1247 2419 1322 2477 qui
1341 2434 1390 2463 ea
1407 2418 1573 2464 faciunt
1590 2418 1734 2464 felices
1761 2434 1830 2464 es·-

446 2498 542 2533 sent
573 2490 618 2533 in
657 2491 803 2534 terra?
843 2487 1052 2533 Videmus
1086 2496 1299 2547 raptores,
1324 2489 1521 2534 videmus
1555 2489 1830 2535 infirmorum

446 2574 732 2620 oppressores,
756 2558 953 2605 videmus
975 2559 1218 2605 vicinorum
1235 2559 1497 2620 expulsores,
1518 2559 1716 2606 videmus
1735 2560 1829 2606 vio·

491 2651 500 2667 ¹
520 2645 602 2679 Psal.
621 2655 715 2687 κιαι,
733 2652 788 2679 21.
809 2660 851 2669 —
870 2651 883 2668 ²
897 2644 980 2678 lbid.
