1867 3320
379 276 516 304 senno
548 276 640 313 v11,
676 276 729 303 niz
762 276 967 308 morrone
998 277 1144 306 Exom.
1367 275 1451 314 215

76 345 196 401 Saepe
218 342 333 386 enim
352 342 490 402 posita
508 350 570 386 est
587 358 699 402 aqua
717 343 763 387 in
788 343 1114 389 similitudinem
1136 347 1355 404 sapientiae
1380 370 1388 395 :
1411 361 1454 397 et

74 414 240 458 dictum
257 422 340 458 est:
362 413 491 457 «Fiet
505 414 550 458 in
573 429 624 458 eo
646 413 743 458 fons
765 430 889 475 aquae
910 413 1098 460 salientis
1119 416 1166 460 in
1182 417 1315 462 vitam
1333 430 1453 466 aeter-

77 502 98 526 »
132 485 277 528 nam¹.
299 502 319 524 »
347 483 431 528 Sed
460 500 572 543 aqua
607 484 680 529 illa
712 486 943 545 sapientia,
963 486 1130 546 quaein
1155 494 1266 532 terra
1285 492 1454 547 sanguis

73 554 227 600 effecta
249 563 328 610 est,
349 570 440 598 non
461 555 586 600 nobis
608 555 796 600 ostendit
819 556 1014 600 Verbum
1031 571 1206 600 earnem
1228 556 1391 603 factum
1413 570 1456 605 et

72 624 342 670 habitantem
367 626 410 670 in
432 625 558 671 nobis
575 628 593 670 Ρ
613 627 772 687 Utique
793 625 995 671 ostendit.
1021 627 1176 673 Omnia
1194 643 1297 687 ergo
1317 627 1457 674 futuri

72 696 223 757 populi
259 698 378 756 signa
411 707 540 753 sunt,
579 708 623 743 et
654 699 859 757 mysteria
888 698 942 743 de
977 700 1162 744 Domino
1185 709 1334 744 nostro
1356 703 1457 746 Jesu

73 768 259 813 Christo.
275 771 331 812 Et
353 770 387 812 si
406 785 492 828 qua
511 769 592 814 alia
609 780 711 814 sunt
727 771 773 813 in
794 771 1012 818 veteribus
1027 770 1148 815 libris
1170 781 1454 827 sacramenta,

71 838 161 883 sive
187 837 261 882 illa
289 838 601 895 intelligamus,
623 840 712 884 sive
729 856 818 885 non
843 840 1136 900 intelligamus
1154 876 1165 897 ‚
1189 852 1456 901 quaerentem

73 907 347 964 desiderant,
368 925 456 953 non
482 910 888 969 reprehendentem.
918 914 1120 956 Petamus
1142 928 1262 972 ergo,
1287 929 1460 973 quaera-

71 994 168 1022 mus
190 988 232 1023 et
260 979 506 1038 pulsemus,
544 990 594 1026 ut
622 982 840 1041 aperiatur
870 982 1009 1026 nobis.
1037 982 1127 1026 Illis
1154 982 1303 1031 futura
1342 999 1457 1043 prae-

72 1048 187 1093 dicta
224 1044 333 1095 suntx
361 1061 628 1096 sacramenta
662 1072 670 1097 :
703 1068 781 1097 nos
809 1053 1036 1113 praesentia
1068 1053 1266 1098 videmus
1298 1055 1345 1098 in
1372 1057 1459 1100 Ee-

71 1119 214 1165 clesia.

69 1276 387 1294 Mtvmmwwwm
393 1278 604 1295 §mmm

891 1280 1457 1299 mmmmmmmm

559 1397 788 1445 SERMO
831 1398 921 1443 VII
933 1394 962 1442 ².

103 1565 179 1612 De
212 1566 412 1612 lectione
448 1567 644 1624 Exodi,
677 1567 736 1613 cle
758 1567 875 1614 rubo
898 1572 945 1614 in
977 1586 1071 1629 quo
1086 1569 1303 1633 flamma
1328 1582 1434 1617 erat

397 1648 442 1683 et
464 1638 606 1684 rubus
629 1656 725 1684 non
749 1639 1132 1686 comburebatur.

133 1821 166 1863 1.
199 1820 301 1864 Cum
325 1818 471 1865 divina
505 1819 635 1864 lectio
657 1820 898 1879 legeretur,
934 1837 1141 1880 magnum
1165 1824 1424 1871 miraculum
1444 1861 1454 1879 ,

72 1888 192 1950 quod
211 1892 392 1946 Moysen
416 1889 632 1934 famulum
656 1891 732 1933 Dei
761 1891 1098 1936 intentissimum
1119 1891 1305 1949 fecerat,
1325 1895 1454 1939 etiam

72 1975 150 2004 nos
177 1959 307 2004 corde
339 1960 687 2018 expectavimus;
711 1960 812 2020 quia
838 1961 992 2005 intenti
1010 1962 1138 2006 etiam
1157 1964 1235 2021 ipsi
1259 1962 1359 2010 facti
1381 1980 1456 2008 su—

72 2046 185 2086 mus,
210 2030 432 2090 quomodo
447 2031 491 2074 in
511 2030 620 2075 rubo
639 2031 874 2090 apparebat
892 2031 1017 2089 ignis,
1042 2041 1084 2074 et
1106 2032 1241 2076 rubus
1260 2049 1348 2078 non
1369 2050 1458 2081 cre-

73 2101 319 2146 mabam-³.
357 2101 521 2145 Deinde
553 2100 818 2145 advertimus
844 2116 1004 2145 sacram
1040 2102 1306 2160 Scripturam
1340 2104 1458 2162 prius

73 2170 243 2226 dixisse,
261 2171 380 2232 quod
398 2172 588 2229 Angelus
610 2172 780 2216 Domini
803 2173 1050 2231 apparuerit
1068 2173 1206 2230 Moysi
1230 2173 1275 2216 in
1296 2173 1408 2219 rubo
1425 2176 1455 2218 ⁴.

75 2242 241 2288 Deinde
269 2246 439 2300 Moyses
458 2258 544 2287 non
565 2244 655 2302 jam
677 2243 799 2303 quasi
823 2258 921 2286 eum
944 2243 1110 2300 Angvlo
1125 2278 1136 2296 ‚
1158 2244 1232 2287 sed
1253 2253 1459 2304 tanquam

75 2329 173 2359 cum
204 2315 388 2359 Domino
416 2314 693 2374 loquebatur.
723 2315 866 2359 Tertio
895 2314 1184 2369 advertimus,
1209 2316 1329 2375 quod
1359 2331 1459 2360 cum

76 2388 247 2444 Moyses
269 2400 427 2429 nornen
451 2386 523 2429 Dei
546 2394 776 2446 quaereret,
794 2395 841 2429 ut
860 2385 1040 2429 liaberet
1062 2386 1168 2445 quid
1186 2386 1348 2430 diceret
1365 2387 1461 2431 filiis

79 2456 231 2512 lsrael,
259 2457 624 2515 interrogantibus
651 2456 768 2517 quod
792 2472 951 2500 nomen
976 2456 1050 2499 Dei
1073 2466 1210 2512 esset,
1238 2457 1313 2517 qui
1337 2456 1461 2501 illum

127 2560 133 2576 ¹
156 2556 246 2588 Joau.
274 2565 319 2593 ιν,
346 2553 394 2594 ι4.
417 2570 457 2576 -
474 2560 485 2576 ²
507 2553 588 2585 Alias
608 2564 651 2591 vi.
677 2565 712 2585 n
732 2553 881 2586 eufimia·
902 2554 986 2585 MSS.
1007 2553 1122 2586 editus.
1142 2570 1184 2576 —
1207 2551 1219 2576 ³
1241 2553 1337 2585 Exod.
1359 2563 1404 2592 ni,
1424 2562 1455 2583 ¹).

80 2624 119 2632 -—
137 2608 151 2638 lo
170 2611 241 2641 Aci.
264 2619 315 2641 vn.
338 2609 393 2642 30.
