1867 3320
1295 260 1363 296 4⁴³2

9 319 140 364 modo
151 320 214 364 vis
227 320 373 364 videre
386 319 507 379 quod
524 330 665 365 teneas
677 325 695 365 Ρ
707 325 801 367 Non
817 323 945 369 debes
964 343 1063 386 ergo
1078 331 1240 384 videre,
1261 337 1377 393 quod

9 389 185 447 eredas3
205 390 280 434 sed
300 389 498 444 credere,
531 390 650 450 quod
673 392 816 436 videas
838 412 846 437 :
870 395 1042 439 credere
1071 402 1262 458 quaudiu
1292 420 1378 448 non

9 460 153 513 vides,
185 475 241 503 ne
263 475 365 504 cum
391 459 547 504 videris
581 461 818 506 erubescas.
850 465 964 521 Ergo
991 468 1215 513 credamus
1233 506 1242 524 ‚
1275 472 1379 517 dum

11 541 182 591 tempus
201 539 265 574 est
280 529 379 574 fidei
396 565 406 584 ,
428 538 662 590 antequam
678 533 731 574 sit
750 541 920 592 tempus
942 537 1110 594 speciei.
1127 540 1166 582 Si
1182 541 1294 584 enim
1317 543 1383 586 di—

10 603 69 647 cit
96 601 330 661 Apostolus
358 620 366 646 :
392 619 412 643 «
439 602 643 654 Quandiu
665 618 814 647 sumus
834 604 877 647 in
908 621 1113 664 corpore,
1140 613 1384 668 peregrina-

14 691 33 714 »
68 687 168 716 mur
183 687 207 715 a
224 671 410 716 Domino
427 690 436 715 :
454 686 531 730 per
548 671 678 715 fidem
697 674 810 717 enim
830 675 1099 720 ambulamus
1112 680 1171 721 ¹.»
1184 682 1297 739 Ergo
1314 698 1387 740 per

10 759 88 804 per
110 742 239 787 fidem
264 741 538 786 ambulamus
554 777 564 797 ‚
587 743 782 803 quandiu
802 745 1014 790 credimus
1036 749 1152 807 quod
1172 765 1255 793 non
1274 752 1387 794 vide-

12 829 107 858 mus
131 832 141 859 z
166 813 410 857 tenebimus
430 821 574 856 autem
596 814 779 872 speciem
796 849 806 869 ‚
833 831 932 859 cum
954 816 1186 862 viderimus
1210 819 1316 864 facie
1335 822 1387 866 ad

12 884 187 938 faciem,
212 884 339 928 sicuti
360 892 436 927 est.
465 886 651 944 Tempus
674 884 799 941 fidei,
821 896 863 929 et
886 897 1055 946 tempus
1075 891 1228 947 speciei
1253 895 1275 935 J
1281 908 1385 936 oau-

13 970 89 999 nes
118 954 246 998 etiam
269 953 488 1013 apostolus
512 954 555 997 in
589 955 780 1014 Epistola
814 972 889 1000 sua
921 958 1170 1016 distinguit,
1205 961 1347 1006 dicens
1378 984 1386 1006 2

19 1045 36 1068 α
75 1025 342 1070 Dilectissimi
360 1060 370 1079 ,
394 1041 512 1069 nunc
531 1025 608 1069 filii
630 1027 703 1069 Dei
724 1042 898 1081 sumus,
921 1037 961 1071 et
981 1030 1176 1073 nondum
1196 1035 1392 1091 apparuit

19 1116 38 1138 »
74 1096 182 1157 quid
216 1096 390 1140 erimus.
420 1115 438 1137 υ
472 1099 564 1140 Hoc
591 1104 760 1155 tempus
792 1107 854 1141 est
886 1098 984 1141 fidei
1012 1118 1019 1142 2
1057 1099 1196 1143 videte
1227 1111 1394 1162 tempus

16 1168 186 1227 speciei.
220 1186 240 1208 «
274 1167 440 1212 Scimus
459 1202 470 1221 ‚
495 1166 663 1226 inquit,
695 1168 899 1227 quoniam
927 1185 1025 1212 cum
1049 1174 1318 1229 apparuerit,
1344 1174 1396 1217 si-

21 1258 40 1279 »
75 1237 197 1282 miles
219 1237 258 1281 ei
280 1237 454 1290 erimus,
479 1238 686 1297 quoniam
709 1238 948 1283 videbimus
973 1255 1070 1283 eum
1094 1242 1215 1285 sicuti
1242 1253 1303 1286 est
1315 1248 1345 1286 ².
1374 1264 1390 1282 η

78 1310 154 1351 IV.
187 1307 469 1351 Laboriosum
492 1316 556 1351 est
585 1306 686 1351 fidei
718 1316 888 1367 tempus
911 1329 918 1352 2
941 1310 1036 1368 quis
1066 1314 1228 1368 negat?
1250 1312 1394 1356 Labo-

20 1380 180 1424 riosum
202 1387 266 1422 est
284 1413 295 1433 ,
327 1378 401 1422 sed
427 1378 510 1422 hoc
533 1388 597 1422 est
625 1394 732 1437 opus
761 1394 882 1438 cujus
912 1379 983 1422 illa
1006 1396 1164 1424 merces
1196 1391 1272 1425 est.
1300 1383 1396 1428 Noli

19 1451 142 1511 piger
169 1465 258 1493 esse
279 1449 324 1492 in
347 1463 478 1508 opere
494 1484 504 1503 ,
536 1450 658 1508 eujus
687 1449 927 1493 mercedem
952 1450 1178 1494 desideras.
1208 1453 1249 1496 Si
1268 1469 1397 1512 quem

20 1523 136 1567 enim
159 1530 201 1565 et
218 1530 267 1564 tu
288 1521 379 1580 ipse
401 1520 717 1565 mercenarium
739 1520 1031 1575 conduxisses,
1054 1537 1140 1566 non
1164 1532 1262 1566 ante
1285 1539 1398 1568 mer-

21 1592 173 1637 cedem
195 1606 442 1636 numerares
462 1626 473 1645 ,
505 1606 635 1650 quam
663 1592 706 1634 in
729 1606 857 1650 opere
879 1607 1108 1636 exerceres.
1134 1593 1301 1637 Diceres
1323 1595 1361 1637 ei
1389 1614 1396 1638 :

0 1667 1 1670 ’
23 1666 124 1717 Fac,
149 1671 193 1706 et
215 1661 361 1721 accipe
384 1681 392 1705 :
419 1677 507 1705 non
530 1661 608 1705 tibi
630 1660 792 1704 diceret
810 1680 818 1705 :
836 1664 913 1715 Da,
935 1671 978 1705 et
1000 1660 1123 1706 facio.
1155 1664 1221 1707 Sic
1240 1679 1340 1721 ergo
1359 1673 1400 1707 ct

24 1736 152 1777 Deus.
181 1734 246 1775 Tu
269 1747 357 1775 non
376 1730 488 1776 fallis
509 1731 824 1775 mercenarium
848 1740 970 1774 tuum
997 1731 1149 1774 timens
1173 1736 1307 1776 Deum
1328 1755 1338 1789 3
1359 1743 1400 1777 tc

23 1803 113 1861 ipse
130 1806 242 1845 Deus
266 1800 405 1856 fallet,
426 1802 502 1861 qui
520 1801 647 1860 jubet
668 1816 720 1844 ne
742 1799 865 1844 fallas
884 1802 1193 1844 m‹.·rcenarium
1209 1804 1226 1844 Ξ)
1242 1805 1400 1846 Tamen

6 1880 73 1915 tu
95 1870 215 1930 quod
241 1870 483 1928 promiseris
524 1878 644 1927 poles
676 1878 719 1912 et
748 1884 834 1912 non
873 1869 1002 1923 dareg
1038 1879 1074 1911 et
1101 1870 1133 1913 si
1169 1887 1255 1914 non
1279 1881 1339 1915 cst
1364 1873 1403 1915 in

10 1940 155 1988 corde
172 1950 246 1984 tuo
268 1938 395 1982 dolus
418 1936 631 1992 falsitatis,
653 1946 716 1981 est
738 1947 880 1981 tamen
902 1938 944 1980 in
969 1938 1194 1997 fragilitate
1218 1941 1404 1985 humana

12 2012 169 2071 inopia
199 2008 482 2054 difficultatis.
509 2007 623 2061 Quid
647 2008 702 2052 de
724 2011 813 2052 Deo
839 2008 1062 2052 timeamus
1081 2044 1090 2058 ,
1116 2010 1189 2068 qui
1214 2025 1292 2054 nec
1324 2011 1404 2054 fal-

14 2082 115 2127 lere
141 2089 309 2141 potest,
335 2079 436 2139 quia
457 2079 614 2123 veritas
640 2087 703 2122 est
720 2113 731 2132 ,
757 2087 799 2122 et
833 2078 1027 2122 abundat
1056 2080 1277 2135 omnibus,
1303 2082 1403 2140 quia

18 2152 132 2198 fecit
147 2152 326 2196 omnia?

21 2211 25 2285 ¹3
88 2225 141 2267 V.
167 2221 406 2267 Credamus
428 2236 531 2279 ergo
557 2223 664 2270 Deo,
700 2219 864 2263 fratres.
896 2223 985 2263 lloe,
1004 2229 1060 2262 est
1090 2220 1271 2278 primum
1296 2236 1397 2279 pin·-

25 2296 29 2344 ’,
46 2302 228 2352 ·eptum‚
257 2293 337 2336 lioc
367 2300 430 2334 est
452 2291 623 2335 initium
648 2290 863 2348 religionis
886 2299 927 2331 et
947 2291 1043 2332 vitzc
1068 2299 1220 2333 nostrae
1238 2326 1248 2343 ,
1274 2292 1404 2334 lixum

64 2364 190 2407 abere
223 2377 298 2406 cor
326 2362 369 2405 in
402 2362 511 2414 lide,
543 2370 586 2404 et
619 2361 791 2418 figendo
823 2375 895 2403 eor
929 2361 969 2402 in
998 2359 1080 2402 lide
1104 2361 1245 2403 vivere
1272 2361 1404 2410 bene,

32 2429 35 2489 s
57 2435 246 2478 bstincrc
263 2434 317 2476 ab
339 2433 543 2476 omnibus
566 2432 818 2475 seductoriis
837 2467 846 2484 ,
873 2430 1081 2473 sustinere
1104 2430 1212 2474 mala
1240 2441 1406 2490 tempo-

38 2504 139 2550 'alia
166 2523 174 2548 ε
202 2512 243 2548 et
265 2502 461 2562 quandiu
487 2501 557 2546 illa
585 2501 869 2545 blandiuntur
893 2510 934 2543 et
968 2499 1038 2544 illa
1070 2501 1308 2551 minantur,
1332 2504 1407 2545 :id-

170 255 173 257 ’
208 256 345 283 SEKMO
379 256 564 289 xxxviu„
602 260 654 284 1215
689 258 830 286 &1512le
864 263 1167 292 hechlAt-ilzt.

40 2584 43 2635 ζ
85 2595 91 2612 ¹
118 2599 136 2622 2
156 2591 226 2620 (lor.
251 2599 281 2627 v,
308 2588 340 2619 (ἱ.
364 2605 397 2610 -
421 2595 430 2610 ²
456 2599 465 2619 1
488 2589 577 2619 loun.
599 2598 691 2628 '¹¹12-

42 2638 45 2648 ’
198 2651 352 2681 cxxiv.
1208 2639 1255 2675 :32
