1867 3320
344 297 554 328 EmsToLAE
585 297 640 328 An
671 297 858 328 GALATAS
889 300 1122 330 EXPOSITIO.
1347 295 1431 336 103

57 389 78 414 «
109 369 236 413 dictae
259 374 360 412 sunt
380 365 686 424 promissiones
705 367 743 418 ¹,
766 383 786 406 »
814 365 1036 409 Christum
1057 365 1162 409 dicit
1179 368 1426 425 Apostolus,

52 441 135 486 hoc
159 447 221 482 est
242 452 391 481 omncs
411 437 676 480 Christianos
695 435 780 479 fide
799 435 1016 479 imitantes
1035 435 1255 479 Abraham
1278 456 1286 481 ε
1313 440 1432 498 quod

53 509 106 556 ad
127 507 467 566 singularitatem
490 505 672 564 redigit,
699 504 1046 550 commendando
1074 505 1195 565 quod
1225 522 1314 550 non
1343 508 1434 553 dic-

51 589 146 627 tum
167 579 334 632 est„Et
355 577 615 631 seminibus,
640 576 738 629 sed,
766 575 927 620 Semini
951 584 1026 619 tuo
1045 610 1057 630 ,
1077 576 1179 636 quia
1203 585 1246 620 et
1267 592 1352 621 una
1370 589 1433 624 est

52 649 179 703 fides,
215 657 258 692 et
289 663 378 691 non
410 656 592 706 possunt
613 646 809 690 similiter
833 646 1060 706 justificari
1089 648 1166 707 qui
1199 647 1353 692 vivunt
1383 664 1432 693 ex

7 762 10 765 .
53 719 256 780 operibus
278 717 524 773 carnaliter,
550 733 651 762 cum
679 718 745 762 his
768 717 844 778 qui
864 718 1019 762 vivunt
1047 733 1097 761 ex
1122 717 1209 762 fide
1229 719 1434 778 spiritali-

52 800 132 835 ter.
158 789 408 833 Vincuntur
430 797 576 832 autem
607 787 729 847 quod
746 787 878 841 infert
905 806 913 832 :
942 807 962 830 «
989 791 1078 832 Lex
1098 787 1297 833 nondum
1334 789 1435 835 data

53 868 158 909 erat,
173 874 252 902 nec
271 867 414 916 posset
431 870 527 916 post
543 866 610 901 tot
622 873 759 902 annos
774 857 834 900 ita
849 856 942 901 dari
954 878 965 915 3
979 867 1027 901 ut
1039 859 1238 919 antiquas
1248 860 1436 904 Abrahae

35 930 358 990 ‚promissiones
380 930 519 972 irritas
544 927 746 973 faceret2.
770 929 813 974 Si
831 929 945 972 enirn
965 932 1052 973 Lex
1075 931 1306 990 justificat,
1345 947 1436 976 non

51 1010 113 1045 est
146 1000 406 1060 justificatus
425 999 643 1043 Abraham
661 1034 672 1054 ‚
712 1000 790 1059 qui
811 998 1001 1043 multum
1025 1010 1125 1044 ante
1158 1004 1318 1060 Legem
1337 1000 1436 1047 fuit.

52 1070 176 1124 Quod
199 1070 300 1129 quia
318 1069 460 1113 dicere
482 1085 571 1113 non
592 1068 780 1128 possint,
808 1079 1026 1127 coguntur
1044 1069 1191 1125 fateri,
1210 1086 1298 1115 non
1317 1073 1440 1130 Legis

51 1141 256 1200 operibus
275 1140 502 1199 justificari
524 1140 769 1195 hominem,
806 1141 881 1184 sed
901 1140 1002 1184 fide.
1029 1141 1168 1186 Simul
1205 1142 1335 1186 etiam
1357 1158 1436 1188 nos

51 1210 167 1269 cogit
188 1209 450 1268 intelligere,
474 1225 626 1254 omnes
651 1211 852 1270 antiquos
869 1245 880 1266 ,
905 1211 980 1270 qui
995 1211 1218 1271 justificati
1240 1221 1363 1267 sunt,
1384 1228 1435 1257 ex

51 1281 140 1340 ipsa
161 1279 247 1324 fide
266 1280 537 1338 justificatos.
559 1280 685 1333 Quod
704 1280 820 1324 enim
838 1296 916 1325 nos
938 1297 988 1324 ex
1007 1290 1128 1341 parte
1144 1283 1431 1341 praeteritum,

49 1351 95 1394 id
117 1359 202 1404 est,
246 1350 435 1408 primum
472 1351 710 1394 adventum
748 1351 946 1408 Domini3
969 1367 1021 1395 ex
1051 1361 1173 1411 parte
1209 1352 1431 1408 futurum,

49 1420 93 1465 id
114 1429 197 1475 est,
216 1421 458 1464 secundum
480 1420 717 1465 adventum
738 1422 910 1466 Domini
931 1421 1152 1466 credendo
1170 1422 1276 1466 salvi
1298 1423 1436 1468 effici-

49 1506 149 1536 mur
175 1510 184 1535 :
212 1491 294 1534 hoc
311 1500 453 1534 totum
472 1491 533 1534 illi
554 1490 599 1534 id
621 1500 699 1545 est,
722 1500 960 1551 utrumque
978 1492 1215 1537 adventum
1234 1492 1435 1538 futurum

47 1561 283 1606 credebant
301 1560 520 1605 revelante
543 1562 625 1605 sibi
649 1562 812 1621 Spiritu
845 1572 1020 1617 sancto,
1048 1572 1097 1607 ut
1134 1563 1239 1608 salvi
1261 1565 1430 1610 fierent.

51 1631 175 1676 Unde
197 1640 260 1674 est
282 1631 412 1674 etiam
439 1630 576 1685 illud,
603 1633 825 1676 Abraham
852 1633 1105 1693 concupivit
1137 1634 1254 1678 diem
1286 1650 1434 1680 meum

49 1700 194 1745 videre
209 1735 219 1754 ,
240 1709 284 1744 et
300 1700 428 1753 vidit,
455 1709 498 1744 et
520 1701 691 1759 gavisus
709 1711 773 1745 est
786 1703 818 1746 ³.

109 1772 270 1815 XXlV.
298 1771 505 1830 Sequitur
525 1772 708 1831 quaestio
725 1772 824 1815 satis
842 1772 1078 1816 necessaria
1101 1792 1109 1816 :
1133 1773 1175 1817 Si
1195 1774 1308 1817 enim
1328 1774 1435 1820 fides

43 1840 278 1900 justificat,
299 1849 343 1884 et
379 1841 541 1899 priores
570 1841 704 1885 sancti
725 1876 736 1896 ‚
774 1842 850 1901 qui
893 1842 1010 1901 apud
1045 1846 1181 1886 Deum
1208 1844 1432 1904 justificati

48 1920 170 1964 sunt,
207 1926 284 1969 per
309 1911 445 1970 ipsam
470 1912 694 1970 justificati
724 1921 856 1965 sunt,
878 1912 987 1971 quid
1012 1928 1122 1972 opus
1153 1923 1245 1958 erat
1272 1917 1431 1973 Legem

0 2019 1 2036 2
48 1981 170 2026 dari?
188 1984 329 2034 Quam
357 1984 641 2041 quaestionem
667 1982 937 2027 tractandam
957 1985 1017 2028 sic
1039 1985 1214 2040 intulit,
1241 1988 1429 2033 interro-

0 2037 1 2046 *
50 2067 174 2112 gans,
200 2061 242 2096 et
258 2051 431 2107 dicens,
461 2073 479 2094 «
503 2053 615 2106 Quid
632 2069 733 2112 ergo
749 2055 796 2096 ⁴?
814 2073 833 2096 »
857 2057 953 2099 Huc
982 2072 1121 2116 usquc
1155 2057 1269 2100 enim
1293 2058 1430 2103 inter-

49 2122 211 2178 rogatio
233 2132 324 2167 est:
349 2122 508 2167 deinde
531 2123 715 2168 infertur
738 2127 1000 2184 responsio⁵,
1029 2146 1048 2168 «
1074 2131 1160 2171 Lex
1190 2136 1429 2187 transgres-

51 2208 72 2234 »
107 2192 235 2236 sionis
251 2194 382 2250 gratia
401 2195 615 2252 proposita
631 2204 710 2248 est,
727 2195 868 2240 donec
889 2198 1071 2251 veniret,
1090 2198 1248 2257 inquit,
1263 2214 1426 2255 semen,

53 2278 73 2303 »
106 2262 176 2305 cui
210 2263 465 2320 promissum
501 2274 586 2311 est,
621 2264 874 2325 dispositum
904 2282 980 2326 per
1015 2268 1199 2325 Angelos
1222 2270 1264 2312 in
1297 2285 1429 2315 manu

52 2347 73 2374 ιι
107 2331 370 2376 mediatoris.
392 2334 604 2378 Mediator
628 2345 771 2379 autem
793 2338 921 2380 unius
956 2353 1043 2380 non
1074 2347 1136 2382 cst
1153 2374 1164 2393 ,
1195 2342 1306 2383 Deus
1328 2356 1431 2386 vcro

53 2417 74 2444 ιι
108 2418 220 2446 unus
242 2406 352 2446 estss.
384 2422 402 2443 ι)
428 2405 712 2450 Mediator‹·m
746 2410 893 2451 lesum
932 2409 1152 2452 Christum
1189 2411 1428 2455 secundum

0 2488 1 2495 ¹
51 2470 270 2517 hominem
295 2473 378 2517 dici
399 2509 409 2527 ‚
433 2492 480 2517 ex
505 2475 575 2520 illa
598 2476 789 2536 ejusdem
812 2479 1007 2537 Apostoli
1026 2481 1235 2525 sententia
1265 2483 1311 2526 fit
1336 2482 1431 2542 pla-

109 2576 117 2592 ¹
140 2571 229 2601 Rom.
259 2582 303 2612 tv,
328 2582 363 2611 ς),
384 2575 412 2602 vt
441 2571 542 2604 Galat.
575 2585 622 2613 ιιι,
647 2573 694 2605 16.
717 2592 757 2597 —-
784 2575 896 2606 ²1bid.
932 2586 979 2618 ¹7·
1002 2593 1040 2598 —
1064 2574 1075 2598 ³
1095 2579 1184 2610 Joan.
1212 2589 1288 2619 vin,
1310 2578 1360 2611 56.
1386 2596 1425 2602 —-

52 2619 68 2647 ⁴
84 2624 184 2656 Galat.
212 2637 259 2665 ιιι,
283 2637 332 2666 ¹9·
351 2643 389 2648 -—
406 2625 419 2646 s·
443 2638 452 2657 ι
477 2629 614 2659 lton-net.
638 2638 772 2669 xxm-n.
797 2638 827 2661 ¹1.
855 2646 894 2652 —-
913 2628 929 2650 ⁶
946 2628 1048 2662 Galat.
1072 2642 1118 2667 tn,
1137 2640 1193 2663 20.
