1924 3309
475 370 559 408 390
915 368 947 396 s.
986 363 1214 393 fumosum
1247 361 1427 388 Emscom

472 457 676 504 egenum,
696 438 905 483 attendite
925 431 1218 493 peregrinum.
1242 426 1386 470 Facite
1403 422 1523 485 quod
1545 420 1707 474 soletis,
1727 417 1857 463 facite

476 513 598 576 quod
619 526 708 556 non
727 508 884 553 soletis.
921 500 1084 548 Crescit
1105 497 1324 551 doctrina,
1350 502 1545 539 crescant
1577 505 1707 550 opera
1727 482 1856 535 bona.

478 583 685 632 Laudatis
706 586 943 626 sementem
958 609 970 630 ‚
995 570 1195 617 exhibete
1216 580 1413 612 messem.
1431 567 1588 610 Amen.

941 886 1172 938 SERMO
1207 882 1364 932 XXVI
1378 878 1408 925 ¹.

488 1070 551 1113 De
564 1060 708 1110 verbis
728 1056 886 1104 Psalmi
900 1070 1017 1099 xc1v.
1047 1048 1241 1103 Venite,
1269 1042 1527 1090 adoremus
1542 1047 1587 1085 et
1606 1043 1875 1098 prosterna-

549 1149 657 1180 mur
672 1127 953 1191 ei,fleanzus
975 1130 1088 1167 ante
1106 1117 1367 1165 Dominum
1385 1114 1468 1172 qui
1483 1125 1570 1156 nos
1578 1107 1709 1170 feeit
1727 1114 1810 1150 etc.
1823 1106 1876 1152 Et

550 1206 606 1250 de
628 1200 772 1247 verbis
789 1194 986 1256 Apostoli
1008 1192 1064 1237 ad
1092 1189 1188 1235 Gal.
1213 1203 1308 1247 cap.
1328 1205 1377 1229 11.
1403 1182 1542 1229 Nam
1559 1181 1602 1224 si
1618 1194 1710 1238 per
1732 1175 1878 1237 legem

542 1273 739 1337 justitia
756 1278 840 1314 etc.
868 1269 926 1310 Et
943 1278 1038 1322 cap.
1064 1280 1131 1305 111.
1157 1258 1215 1305 Si
1226 1257 1352 1302 enim
1371 1257 1489 1298 data
1512 1258 1634 1296 esset
1652 1247 1758 1294 Lex
1779 1259 1879 1304 quoe

556 1344 709 1406 possit
725 1339 980 1400 vivzficare.
996 1337 1054 1379 Et
1066 1332 1120 1376 ad
1138 1334 1267 1375 Rom.
1283 1343 1377 1387 cap.
1395 1344 1458 1370 1x.
1484 1322 1526 1369 O
1544 1320 1702 1375 homo,
1723 1327 1773 1362 tu
1785 1315 1881 1375 qais

557 1426 642 1462 ete.
667 1417 725 1459 Et
738 1427 834 1471 cap.
857 1427 920 1454 XI.
945 1405 986 1453 O
1008 1400 1215 1451 altitudo
1237 1409 1320 1446 ete.
1343 1400 1508 1444 Contra
1539 1391 1742 1439 haeresim
1762 1387 1881 1435 Pela-

555 1488 803 1547 ‘gianorum

563 1650 600 1692 Ι.
621 1649 820 1690 PsALMus
836 1652 969 1699 quem
989 1631 1259 1680 cantavimus
1292 1630 1406 1682 Deo,
1430 1633 1474 1669 et
1510 1636 1589 1667 nos
1612 1619 1796 1665 invicem
1819 1631 1882 1662 ex-

507 1716 669 1764 hortati
691 1727 840 1757 sumus
857 1746 868 1763 ‚
889 1718 940 1752 ut
967 1726 987 1749 «
1011 1705 1242 1750 adoremus
1263 1714 1365 1743 eum
1379 1733 1390 1752 ,
1411 1706 1454 1740 et
1470 1702 1795 1754 prosternamur
1814 1686 1883 1742 illi,

512 1807 534 1831 »
569 1785 802 1831 etfleamus
819 1787 919 1823 ante
937 1773 1190 1826 Dominum,
1205 1769 1282 1829 qui
1298 1783 1377 1812 nos
1394 1765 1513 1819 fecit,
1536 1762 1775 1806 »admonet
1787 1772 1887 1818 quae-

511 1873 605 1905 rere
628 1855 853 1913 aliquanto
871 1844 1145 1904 diligentius,
1171 1839 1282 1899 quid
1305 1837 1387 1880 sibi
1407 1835 1513 1878 velit
1529 1831 1651 1892 quod
1667 1831 1728 1874 ait
1749 1848 1757 1873 :
1779 1847 1798 1871 «
1817 1827 1888 1882 Qui

515 1949 537 1972 »
573 1941 651 1971 nos
679 1922 803 1975 fecit,
830 1937 851 1960 »
876 1914 1006 1970 Quod
1023 1912 1139 1957 enim
1154 1911 1289 1954 homo
1306 1922 1330 1950 a
1346 1909 1437 1950 Deo
1457 1911 1627 1948 creatus
1649 1909 1713 1944 est
1728 1935 1739 1955 ‚
1759 1897 1888 1943 nullus

517 1997 690 2045 dubitat
710 1994 843 2036 homo
861 2023 872 2044 ‚
896 1985 977 2031 nisi
995 1982 1072 2044 qui
1088 1982 1284 2039 ingratus
1307 1985 1385 2021 est.
1410 1975 1620 2020 Novimus
1640 1971 1756 2015 enim
1771 2003 1782 2024 ,
1805 1966 1889 2028 quia

517 2071 578 2115 ita
597 2066 783 2125 legimus
797 2096 812 2117 ,
835 2068 878 2104 et
899 2059 959 2101 ita
981 2051 1262 2104 credidimus,
1281 2045 1403 2108 quod
1419 2045 1526 2090 feeit
1543 2047 1656 2088 Deus
1667 2039 1888 2090 hominem,

519 2143 634 2185 inter
656 2134 795 2180 multa
818 2145 918 2191 quae
941 2126 1061 2180 fecit,
1082 2122 1136 2167 ad
1158 2120 1393 2180 imaginem
1415 2118 1579 2162 suam2.
1602 2116 1706 2159 Haee
1727 2107 1892 2156 hominis

526 2220 591 2257 est
611 2209 750 2269 prima
771 2200 988 2254 conditio,
1013 2198 1108 2241 haec
1130 2203 1193 2238 est
1210 2194 1403 2237 humana
1420 2188 1560 2249 prima
1580 2192 1791 2231 creatura.
1813 2181 1896 2226 Non]

527 2294 676 2328 tamen
697 2276 883 2321 arbitror
897 2307 908 2325 ‚
932 2271 1017 2315 hoc
1053 2282 1132 2312 nos
1153 2281 1231 2325 pro
1250 2277 1411 2321 magno
1432 2258 1617 2306 voluisse
1640 2263 1897 2300 commonere

532 2351 742 2413 Spiritum
776 2352 975 2390 sanctum
995 2341 1040 2384 in
1075 2339 1160 2382 hoe
1181 2334 1353 2380 Psalmo
1369 2368 1380 2388 ‚
1405 2330 1527 2392 quod
1548 2329 1637 2372 ait:
1666 2344 1686 2368 «
1717 2313 1897 2368 Fleamus'

534 2443 557 2467 »
592 2431 692 2467 ante
710 2418 944 2463 Dominum
964 2448 974 2469 ‚
1000 2410 1073 2472 qui
1098 2424 1176 2453 nos
1198 2406 1345 2451 fecitss.
1370 2422 1390 2446 »
1417 2402 1513 2448 Alio
1535 2400 1650 2444 enim
1672 2397 1769 2442 loco
1784 2391 1891 2438 dicit:

539 2515 560 2538 «
593 2497 690 2553 Ipse
712 2489 814 2534 fecit
843 2502 944 2539 nos,
973 2493 1016 2528 et
1038 2496 1127 2526 non
1167 2479 1248 2538 ipsi
1271 2492 1349 2521 nos
1364 2476 1396 2519 4.
1428 2492 1447 2515 »
1476 2472 1602 2517 Unde
1632 2466 1833 2529 quidem,
1859 2468 1895 2504 ut

606 2598 612 2613 ¹
636 2591 717 2622 Alias
734 2589 774 2620 <le
785 2586 891 2618 verbis
921 2580 1061 2625 Apostoli
1093 2590 1143 2610 11.
1163 2595 1202 2599 ——
1220 2575 1298 2608 Cod.
1330 2577 1417 2607 Cass,
1440 2584 1476 2612 11,
1502 2570 1558 2602 fol.
1580 2577 1640 2611 172
1653 2566 1751 2599 habet
1767 2541 1875 2596 titulum
1889 2569 1898 2591 ἱ,

541 2660 558 2677 «
579 2650 688 2678 Sermo
711 2644 837 2675 habitus
859 2643 886 2672 in
912 2638 1041 2671 basilica
1068 2632 1286 2666 theodosiana.
1319 2642 1334 2657 »
1362 2645 1403 2654 -
1434 2635 1445 2650 ²
1465 2629 1543 2659 Gen.
1562 2637 1582 2658 1.
1600 2621 1756 2654 —3Psal.
1777 2627 1853 2656 κων,
1871 2614 1892 2643 (3-

544 2719 585 2727 -·
609 2702 688 2732 [old.
715 2710 796 2739 xcix,
814 2699 843 2729 3.
