<?xml version="1.0" encoding="UTF-8"?>
<!DOCTYPE html PUBLIC "-//W3C//DTD XHTML 1.0 Transitional//EN"
    "http://www.w3.org/TR/xhtml1/DTD/xhtml1-transitional.dtd">
<html xmlns="http://www.w3.org/1999/xhtml" xml:lang="en" lang="en">
 <head>
  <title>
</title>
<meta http-equiv="Content-Type" content="text/html;charset=utf-8" />
  <meta name='ocr-system' content='tesseract 3.04.00' />
  <meta name='ocr-capabilities' content='ocr_page ocr_carea ocr_par ocr_line ocrx_word'/>
</head>
<body>
  <div class='ocr_page' id='page_1' title='image "./operaomniaaccura17auguuoft_0581.png"; bbox 0 0 1867 3320; ppageno 0'>
   <div class='ocr_carea' id='block_1_1' title="bbox 630 227 1468 277">
    <p class='ocr_par' dir='ltr' id='par_1_1' title="bbox 630 227 1468 277">
     <span class='ocr_line' id='line_1_1' title="bbox 630 227 1468 277; baseline 0.024 -20"><span class='ocrx_word' id='word_1_1' title='bbox 630 227 961 263; x_wconf 74' lang='lat' dir='ltr'><strong>ANNOTATIONES.</strong></span> <span class='ocrx_word' id='word_1_2' title='bbox 1386 238 1468 277; x_wconf 84' lang='lat'><strong>559</strong></span> 
     </span>
    </p>
   </div>
   <div class='ocr_carea' id='block_1_2' title="bbox 81 285 1466 763">
    <p class='ocr_par' dir='ltr' id='par_1_2' title="bbox 81 285 1466 763">
     <span class='ocr_line' id='line_1_2' title="bbox 93 285 1466 358; baseline 0.021 -30"><span class='ocrx_word' id='word_1_3' title='bbox 93 285 270 345; x_wconf 87' lang='lat' dir='ltr'><strong>thagine</strong></span> <span class='ocrx_word' id='word_1_4' title='bbox 291 287 526 348; x_wconf 83' lang='lat' dir='ltr'>duntaxat,</span> <span class='ocrx_word' id='word_1_5' title='bbox 552 292 627 337; x_wconf 88' lang='lat' dir='ltr'><strong>sed</strong></span> <span class='ocrx_word' id='word_1_6' title='bbox 649 293 740 340; x_wconf 86' lang='lat' dir='ltr'><strong>aliis</strong></span> <span class='ocrx_word' id='word_1_7' title='bbox 763 296 920 344; x_wconf 77' lang='lat' dir='ltr'><strong>Africae</strong></span> <span class='ocrx_word' id='word_1_8' title='bbox 941 301 1066 358; x_wconf 89' lang='lat' dir='ltr'><strong>locis,</strong></span> <span class='ocrx_word' id='word_1_9' title='bbox 1093 316 1259 352; x_wconf 85' lang='lat' dir='ltr'><strong>constat</strong></span> <span class='ocrx_word' id='word_1_10' title='bbox 1279 310 1322 353; x_wconf 87' lang='lat' dir='ltr'><strong>in</strong></span> <span class='ocrx_word' id='word_1_11' title='bbox 1345 312 1466 357; x_wconf 90' lang='lat' dir='ltr'><strong>cultu</strong></span> 
     </span>
     <span class='ocr_line' id='line_1_3' title="bbox 88 355 1464 438; baseline 0.021 -40"><span class='ocrx_word' id='word_1_12' title='bbox 88 355 326 402; x_wconf 84' lang='lat' dir='ltr'>Herculem</span> <span class='ocrx_word' id='word_1_13' title='bbox 342 359 475 406; x_wconf 87' lang='lat' dir='ltr'><strong>fuisse</strong></span> <span class='ocrx_word' id='word_1_14' title='bbox 492 398 502 417; x_wconf 95' lang='lat'><strong>,</strong></span> <span class='ocrx_word' id='word_1_15' title='bbox 536 373 583 408; x_wconf 87' lang='lat' dir='ltr'><strong>ut</strong></span> <span class='ocrx_word' id='word_1_16' title='bbox 605 365 722 424; x_wconf 88' lang='lat' dir='ltr'><strong>apud</strong></span> <span class='ocrx_word' id='word_1_17' title='bbox 743 368 1014 416; x_wconf 84' lang='lat' dir='ltr'><strong>Suffectanos</strong></span> <span class='ocrx_word' id='word_1_18' title='bbox 1030 374 1074 417; x_wconf 92' lang='lat' dir='ltr'><strong>in</strong></span> <span class='ocrx_word' id='word_1_19' title='bbox 1091 377 1309 434; x_wconf 88' lang='lat' dir='ltr'><strong>provincia</strong></span> <span class='ocrx_word' id='word_1_20' title='bbox 1327 383 1464 438; x_wconf 77' lang='lat' dir='ltr'><strong>Byza-</strong></span> 
     </span>
     <span class='ocr_line' id='line_1_4' title="bbox 88 429 1465 495; baseline 0.02 -26"><span class='ocrx_word' id='word_1_21' title='bbox 88 441 194 471; x_wconf 88' lang='lat' dir='ltr'><strong>cena</strong></span> <span class='ocrx_word' id='word_1_22' title='bbox 223 447 232 472; x_wconf 89' lang='lat'>:</span> <span class='ocrx_word' id='word_1_23' title='bbox 259 429 334 472; x_wconf 83' lang='lat' dir='ltr'><strong>ubi</strong></span> <span class='ocrx_word' id='word_1_24' title='bbox 366 447 465 475; x_wconf 86' lang='lat' dir='ltr'><strong>cum</strong></span> <span class='ocrx_word' id='word_1_25' title='bbox 491 435 687 479; x_wconf 88' lang='lat' dir='ltr'><strong>Herculis</strong></span> <span class='ocrx_word' id='word_1_26' title='bbox 726 446 911 483; x_wconf 86' lang='lat' dir='ltr'><strong>statuam</strong></span> <span class='ocrx_word' id='word_1_27' title='bbox 940 445 1288 492; x_wconf 83' lang='lat' dir='ltr'><strong>comminuissent</strong></span> <span class='ocrx_word' id='word_1_28' title='bbox 1317 452 1465 495; x_wconf 88' lang='lat' dir='ltr'><strong>Chris-</strong></span> 
     </span>
     <span class='ocr_line' id='line_1_5' title="bbox 84 497 1459 579; baseline 0.02 -39"><span class='ocrx_word' id='word_1_29' title='bbox 84 497 206 553; x_wconf 90' lang='lat' dir='ltr'><strong>tiani,</strong></span> <span class='ocrx_word' id='word_1_30' title='bbox 227 503 456 560; x_wconf 88' lang='lat' dir='ltr'><strong>repentino</strong></span> <span class='ocrx_word' id='word_1_31' title='bbox 477 504 523 548; x_wconf 90' lang='lat' dir='ltr'><strong>in</strong></span> <span class='ocrx_word' id='word_1_32' title='bbox 545 520 616 550; x_wconf 89' lang='lat' dir='ltr'><strong>eos</strong></span> <span class='ocrx_word' id='word_1_33' title='bbox 634 506 801 567; x_wconf 88' lang='lat' dir='ltr'><strong>impetu</strong></span> <span class='ocrx_word' id='word_1_34' title='bbox 820 513 969 570; x_wconf 88' lang='lat' dir='ltr'><strong>populi</strong></span> <span class='ocrx_word' id='word_1_35' title='bbox 991 516 1088 559; x_wconf 86' lang='lat' dir='ltr'><strong>caesi</strong></span> <span class='ocrx_word' id='word_1_36' title='bbox 1109 527 1209 561; x_wconf 88' lang='lat' dir='ltr'><strong>sunt</strong></span> <span class='ocrx_word' id='word_1_37' title='bbox 1228 522 1459 579; x_wconf 79' lang='lat' dir='ltr'>sexaginta.</span> 
     </span>
     <span class='ocr_line' id='line_1_6' title="bbox 82 570 1465 652; baseline 0.019 -40"><span class='ocrx_word' id='word_1_38' title='bbox 82 570 225 622; x_wconf 86' lang='lat' dir='ltr'><strong>Quam</strong></span> <span class='ocrx_word' id='word_1_39' title='bbox 252 571 411 619; x_wconf 89' lang='lat' dir='ltr'><strong>furoris</strong></span> <span class='ocrx_word' id='word_1_40' title='bbox 442 574 759 623; x_wconf 83' lang='lat' dir='ltr'><strong>immanitatem</strong></span> <span class='ocrx_word' id='word_1_41' title='bbox 788 584 1006 641; x_wconf 86' lang='lat' dir='ltr'><strong>exagitans</strong></span> <span class='ocrx_word' id='word_1_42' title='bbox 1039 589 1302 645; x_wconf 83' lang='lat' dir='ltr'><strong>Augustinus</strong></span> <span class='ocrx_word' id='word_1_43' title='bbox 1341 593 1465 652; x_wconf 90' lang='lat' dir='ltr'><strong>Epis-</strong></span> 
     </span>
     <span class='ocr_line' id='line_1_7' title="bbox 83 639 1461 720; baseline 0.018 -36"><span class='ocrx_word' id='word_1_44' title='bbox 83 639 174 685; x_wconf 88' lang='lat' dir='ltr'>tola</span> <span class='ocrx_word' id='word_1_45' title='bbox 195 660 358 688; x_wconf 79' lang='lat' dir='ltr'><strong>echvn</strong></span> <span class='ocrx_word' id='word_1_46' title='bbox 380 649 522 704; x_wconf 85' lang='lat' dir='ltr'><strong>(nunc</strong></span> <span class='ocrx_word' id='word_1_47' title='bbox 542 650 597 705; x_wconf 87' lang='lat' dir='ltr'><strong>L)</strong></span> <span class='ocrx_word' id='word_1_48' title='bbox 617 649 744 694; x_wconf 88' lang='lat' dir='ltr'><strong>simul</strong></span> <span class='ocrx_word' id='word_1_49' title='bbox 770 654 1001 700; x_wconf 86' lang='lat' dir='ltr'><strong>Herculem</strong></span> <span class='ocrx_word' id='word_1_50' title='bbox 1018 656 1150 702; x_wconf 90' lang='lat' dir='ltr'><strong>deum</strong></span> <span class='ocrx_word' id='word_1_51' title='bbox 1164 694 1175 715; x_wconf 89' lang='lat'><strong>,</strong></span> <span class='ocrx_word' id='word_1_52' title='bbox 1189 670 1239 705; x_wconf 89' lang='lat' dir='ltr'><strong>ut</strong></span> <span class='ocrx_word' id='word_1_53' title='bbox 1250 662 1331 707; x_wconf 91' lang='lat' dir='ltr'><strong>hoc</strong></span> <span class='ocrx_word' id='word_1_54' title='bbox 1348 662 1461 720; x_wconf 88' lang='lat' dir='ltr'><strong>loco,</strong></span> 
     </span>
     <span class='ocr_line' id='line_1_8' title="bbox 81 710 627 763; baseline 0.016 -8"><span class='ocrx_word' id='word_1_55' title='bbox 81 710 188 756; x_wconf 79' lang='lat' dir='ltr'><strong>scite</strong></span> <span class='ocrx_word' id='word_1_56' title='bbox 204 713 387 760; x_wconf 87' lang='lat' dir='ltr'><strong>deridet.</strong></span> <span class='ocrx_word' id='word_1_57' title='bbox 409 717 627 763; x_wconf 73' lang='lat' dir='ltr'><strong>Smuom).</strong></span> 
     </span>
    </p>
   </div>
   <div class='ocr_carea' id='block_1_3' title="bbox 457 900 1076 963">
    <p class='ocr_par' dir='ltr' id='par_1_3' title="bbox 457 900 1076 963">
     <span class='ocr_line' id='line_1_9' title="bbox 457 900 1076 963; baseline 0.013 -21"><span class='ocrx_word' id='word_1_58' title='bbox 457 900 711 945; x_wconf 70' lang='grc' dir='ltr'><strong>ΑΝΝΟΤΔΤΙΟ</strong></span> <span class='ocrx_word' id='word_1_59' title='bbox 727 902 822 960; x_wconf 83' lang='grc'>(14)</span> <span class='ocrx_word' id='word_1_60' title='bbox 842 917 940 963; x_wconf 87' lang='lat' dir='ltr'><strong>pag.</strong></span> <span class='ocrx_word' id='word_1_61' title='bbox 977 910 1076 950; x_wconf 89' lang='lat'><strong>533.</strong></span> 
     </span>
    </p>
   </div>
   <div class='ocr_carea' id='block_1_4' title="bbox 0 1063 1457 2607">
    <p class='ocr_par' dir='ltr' id='par_1_4' title="bbox 0 1063 1457 2607">
     <span class='ocr_line' id='line_1_10' title="bbox 134 1063 1457 1135; baseline 0.012 -30"><span class='ocrx_word' id='word_1_62' title='bbox 134 1063 416 1110; x_wconf 69' lang='lat' dir='ltr'><strong>Possidiusjn</strong></span> <span class='ocrx_word' id='word_1_63' title='bbox 440 1066 640 1112; x_wconf 93' lang='lat' dir='ltr'><strong>Indiculo</strong></span> <span class='ocrx_word' id='word_1_64' title='bbox 666 1084 761 1127; x_wconf 89' lang='lat' dir='ltr'><strong>cap.</strong></span> <span class='ocrx_word' id='word_1_65' title='bbox 788 1088 833 1114; x_wconf 84' lang='lat' dir='ltr'><strong>1x</strong></span> <span class='ocrx_word' id='word_1_66' title='bbox 854 1105 864 1125; x_wconf 91' lang='lat'><strong>,</strong></span> <span class='ocrx_word' id='word_1_67' title='bbox 893 1073 1142 1116; x_wconf 88' lang='lat' dir='ltr'><strong>Sermonem</strong></span> <span class='ocrx_word' id='word_1_68' title='bbox 1166 1074 1283 1119; x_wconf 91' lang='lat' dir='ltr'><strong>hunc</strong></span> <span class='ocrx_word' id='word_1_69' title='bbox 1305 1078 1457 1135; x_wconf 89' lang='lat' dir='ltr'><strong>procul</strong></span> 
     </span>
     <span class='ocr_line' id='line_1_11' title="bbox 17 1131 1454 1203; baseline 0.011 -28"><span class='ocrx_word' id='word_1_70' title='bbox 17 1154 26 1161; x_wconf 38' lang='grc' dir='ltr'><em>ι</em></span> <span class='ocrx_word' id='word_1_71' title='bbox 74 1131 213 1177; x_wconf 90' lang='lat' dir='ltr'><strong>dubio</strong></span> <span class='ocrx_word' id='word_1_72' title='bbox 233 1144 359 1178; x_wconf 88' lang='lat' dir='ltr'><strong>notat</strong></span> <span class='ocrx_word' id='word_1_73' title='bbox 385 1135 474 1180; x_wconf 89' lang='lat' dir='ltr'><strong>istis</strong></span> <span class='ocrx_word' id='word_1_74' title='bbox 497 1137 664 1192; x_wconf 90' lang='lat' dir='ltr'><strong>verbis,</strong></span> <span class='ocrx_word' id='word_1_75' title='bbox 691 1137 767 1182; x_wconf 86' lang='lat' dir='ltr'><strong>De</strong></span> <span class='ocrx_word' id='word_1_76' title='bbox 799 1138 998 1184; x_wconf 81' lang='lat' dir='ltr'><strong>lectione</strong></span> <span class='ocrx_word' id='word_1_77' title='bbox 1026 1141 1201 1199; x_wconf 81' lang='lat' dir='ltr'><strong>Isai&#39;oe,</strong></span> <span class='ocrx_word' id='word_1_78' title='bbox 1230 1144 1454 1203; x_wconf 79' lang='lat' dir='ltr'><strong>Domine,</strong></span> 
     </span>
     <span class='ocr_line' id='line_1_12' title="bbox 72 1203 1452 1272; baseline 0.011 -26"><span class='ocrx_word' id='word_1_79' title='bbox 72 1203 176 1261; x_wconf 79' lang='lat' dir='ltr'><strong>qais</strong></span> <span class='ocrx_word' id='word_1_80' title='bbox 197 1203 403 1249; x_wconf 79' lang='lat' dir='ltr'><strong>credidit</strong></span> <span class='ocrx_word' id='word_1_81' title='bbox 424 1206 614 1250; x_wconf 72' lang='lat' dir='ltr'><strong>audititi</strong></span> <span class='ocrx_word' id='word_1_82' title='bbox 633 1217 795 1252; x_wconf 78' lang='lat' dir='ltr'><strong>nostro</strong></span> <span class='ocrx_word' id='word_1_83' title='bbox 809 1205 835 1252; x_wconf 68' lang='grc' dir='ltr'><em>Ρ</em></span> <span class='ocrx_word' id='word_1_84' title='bbox 847 1210 1028 1255; x_wconf 87' lang='lat' dir='ltr'><strong>Mutilus</strong></span> <span class='ocrx_word' id='word_1_85' title='bbox 1049 1213 1194 1272; x_wconf 88' lang='lat' dir='ltr'><strong>itaque</strong></span> <span class='ocrx_word' id='word_1_86' title='bbox 1209 1216 1357 1260; x_wconf 88' lang='lat' dir='ltr'><strong>Sermo</strong></span> <span class='ocrx_word' id='word_1_87' title='bbox 1375 1226 1452 1271; x_wconf 87' lang='lat' dir='ltr'><strong>est,</strong></span> 
     </span>
     <span class='ocr_line' id='line_1_13' title="bbox 72 1275 1455 1346; baseline 0.009 -28"><span class='ocrx_word' id='word_1_88' title='bbox 72 1289 153 1319; x_wconf 90' lang='lat' dir='ltr'><strong>nec</strong></span> <span class='ocrx_word' id='word_1_89' title='bbox 176 1275 317 1334; x_wconf 88' lang='lat' dir='ltr'><strong>priore</strong></span> <span class='ocrx_word' id='word_1_90' title='bbox 344 1277 651 1322; x_wconf 87' lang='lat' dir='ltr'><strong>tantummodo</strong></span> <span class='ocrx_word' id='word_1_91' title='bbox 675 1288 811 1339; x_wconf 87' lang='lat' dir='ltr'><strong>parte,</strong></span> <span class='ocrx_word' id='word_1_92' title='bbox 836 1279 908 1324; x_wconf 88' lang='lat' dir='ltr'><strong>sed</strong></span> <span class='ocrx_word' id='word_1_93' title='bbox 934 1283 1167 1340; x_wconf 88' lang='lat' dir='ltr'><strong>posteriore</strong></span> <span class='ocrx_word' id='word_1_94' title='bbox 1188 1285 1315 1328; x_wconf 90' lang='lat' dir='ltr'><strong>etiam</strong></span> <span class='ocrx_word' id='word_1_95' title='bbox 1333 1321 1344 1340; x_wconf 93' lang='lat'><strong>,</strong></span> <span class='ocrx_word' id='word_1_96' title='bbox 1369 1303 1455 1346; x_wconf 90' lang='lat' dir='ltr'><strong>qua</strong></span> 
     </span>
     <span class='ocr_line' id='line_1_14' title="bbox 71 1347 1452 1408; baseline 0.009 -19"><span class='ocrx_word' id='word_1_97' title='bbox 71 1347 393 1390; x_wconf 87' lang='lat' dir='ltr'><strong>Donatistarum</strong></span> <span class='ocrx_word' id='word_1_98' title='bbox 411 1348 584 1392; x_wconf 83' lang='lat' dir='ltr'><strong>haeresis</strong></span> <span class='ocrx_word' id='word_1_99' title='bbox 606 1348 948 1408; x_wconf 85' lang='lat' dir='ltr'><strong>redarguebatur</strong></span> <span class='ocrx_word' id='word_1_100' title='bbox 964 1387 974 1406; x_wconf 92' lang='lat'><strong>,</strong></span> <span class='ocrx_word' id='word_1_101' title='bbox 998 1354 1190 1398; x_wconf 90' lang='lat' dir='ltr'><strong>minutus</strong></span> <span class='ocrx_word' id='word_1_102' title='bbox 1211 1370 1299 1399; x_wconf 88' lang='lat' dir='ltr'><strong>esse</strong></span> <span class='ocrx_word' id='word_1_103' title='bbox 1321 1357 1452 1401; x_wconf 87' lang='lat' dir='ltr'><strong>intel-</strong></span> 
     </span>
     <span class='ocr_line' id='line_1_15' title="bbox 69 1415 1448 1484; baseline 0.008 -24"><span class='ocrx_word' id='word_1_104' title='bbox 69 1415 219 1476; x_wconf 84' lang='lat' dir='ltr'><strong>ligitur</strong></span> <span class='ocrx_word' id='word_1_105' title='bbox 233 1433 284 1461; x_wconf 83' lang='lat' dir='ltr'><strong>ex</strong></span> <span class='ocrx_word' id='word_1_106' title='bbox 303 1434 350 1462; x_wconf 60' lang='lat' dir='ltr'><strong>nt</strong></span> <span class='ocrx_word' id='word_1_107' title='bbox 366 1425 407 1473; x_wconf 89' lang='lat'><strong>5,</strong></span> <span class='ocrx_word' id='word_1_108' title='bbox 423 1419 499 1462; x_wconf 90' lang='lat' dir='ltr'><strong>ubi</strong></span> <span class='ocrx_word' id='word_1_109' title='bbox 517 1419 574 1463; x_wconf 92' lang='lat' dir='ltr'><strong>sic</strong></span> <span class='ocrx_word' id='word_1_110' title='bbox 597 1420 730 1463; x_wconf 85' lang='lat' dir='ltr'><strong>habet</strong></span> <span class='ocrx_word' id='word_1_111' title='bbox 756 1439 763 1464; x_wconf 91' lang='lat'>:</span> <span class='ocrx_word' id='word_1_112' title='bbox 789 1419 968 1479; x_wconf 77' lang='lat' dir='ltr'><strong>Incipit</strong></span> <span class='ocrx_word' id='word_1_113' title='bbox 991 1420 1088 1466; x_wconf 79' lang='lat' dir='ltr'><strong>(liei</strong></span> <span class='ocrx_word' id='word_1_114' title='bbox 1108 1434 1153 1467; x_wconf 83' lang='lat' dir='ltr'><strong>et</strong></span> <span class='ocrx_word' id='word_1_115' title='bbox 1175 1424 1233 1468; x_wconf 82' lang='lat' dir='ltr'><strong>cle</strong></span> <span class='ocrx_word' id='word_1_116' title='bbox 1255 1441 1448 1484; x_wconf 69' lang='lat' dir='ltr'><strong>sponsa,</strong></span> 
     </span>
     <span class='ocr_line' id='line_1_16' title="bbox 69 1487 1451 1548; baseline 0.006 -16"><span class='ocrx_word' id='word_1_117' title='bbox 69 1496 116 1532; x_wconf 81' lang='lat' dir='ltr'><strong>et</strong></span> <span class='ocrx_word' id='word_1_118' title='bbox 136 1487 373 1545; x_wconf 74' lang='lat' dir='ltr'><strong>quomodo</strong></span> <span class='ocrx_word' id='word_1_119' title='bbox 395 1490 443 1533; x_wconf 82' lang='lat' dir='ltr'><strong>in</strong></span> <span class='ocrx_word' id='word_1_120' title='bbox 473 1505 646 1548; x_wconf 78' lang='lat' dir='ltr'><strong>sponso</strong></span> <span class='ocrx_word' id='word_1_121' title='bbox 679 1489 937 1535; x_wconf 74' lang='lat' dir='ltr'><strong>mirabaris</strong></span> <span class='ocrx_word' id='word_1_122' title='bbox 969 1495 1231 1538; x_wconf 80' lang='lat' dir='ltr'><strong>ccecitatem</strong></span> <span class='ocrx_word' id='word_1_123' title='bbox 1261 1494 1451 1540; x_wconf 78' lang='lat' dir='ltr'><strong>Jucloeo-</strong></span> 
     </span>
     <span class='ocr_line' id='line_1_17' title="bbox 67 1559 1449 1619; baseline 0.005 -16"><span class='ocrx_word' id='word_1_124' title='bbox 67 1574 196 1616; x_wconf 79' lang='lat' dir='ltr'><strong>ram,</strong></span> <span class='ocrx_word' id='word_1_125' title='bbox 217 1560 286 1604; x_wconf 78' lang='lat' dir='ltr'><strong>sie</strong></span> <span class='ocrx_word' id='word_1_126' title='bbox 315 1568 362 1603; x_wconf 84' lang='lat' dir='ltr'><strong>et</strong></span> <span class='ocrx_word' id='word_1_127' title='bbox 383 1560 431 1604; x_wconf 85' lang='lat' dir='ltr'><strong>in</strong></span> <span class='ocrx_word' id='word_1_128' title='bbox 454 1575 633 1619; x_wconf 81' lang='lat' dir='ltr'><strong>sponsa</strong></span> <span class='ocrx_word' id='word_1_129' title='bbox 655 1559 907 1606; x_wconf 79' lang='lat' dir='ltr'><strong>miraberis</strong></span> <span class='ocrx_word' id='word_1_130' title='bbox 923 1565 1187 1608; x_wconf 83' lang='lat' dir='ltr'><strong>eoecitatem</strong></span> <span class='ocrx_word' id='word_1_131' title='bbox 1210 1563 1449 1610; x_wconf 74' lang='lat' dir='ltr'><strong>liceretico-</strong></span> 
     </span>
     <span class='ocr_line' id='line_1_18' title="bbox 68 1630 1447 1693; baseline 0.004 -19"><span class='ocrx_word' id='word_1_132' title='bbox 68 1645 186 1674; x_wconf 81' lang='lat' dir='ltr'><strong>ram.</strong></span> <span class='ocrx_word' id='word_1_133' title='bbox 214 1630 383 1689; x_wconf 71' lang='lat' dir='ltr'><strong>Quibus</strong></span> <span class='ocrx_word' id='word_1_134' title='bbox 404 1631 546 1675; x_wconf 91' lang='lat' dir='ltr'><strong>verbis</strong></span> <span class='ocrx_word' id='word_1_135' title='bbox 563 1632 835 1690; x_wconf 85' lang='lat' dir='ltr'><strong>Augustinus</strong></span> <span class='ocrx_word' id='word_1_136' title='bbox 854 1648 941 1676; x_wconf 92' lang='lat' dir='ltr'><strong>non</strong></span> <span class='ocrx_word' id='word_1_137' title='bbox 960 1633 1139 1677; x_wconf 83' lang='lat' dir='ltr'><strong>obscure</strong></span> <span class='ocrx_word' id='word_1_138' title='bbox 1162 1634 1447 1693; x_wconf 87' lang='lat' dir='ltr'><strong>pollicebatur</strong></span> 
     </span>
     <span class='ocr_line' id='line_1_19' title="bbox 66 1701 1445 1761; baseline 0.004 -17"><span class='ocrx_word' id='word_1_139' title='bbox 66 1708 351 1745; x_wconf 84' lang='lat' dir='ltr'><strong>tractaturum</strong></span> <span class='ocrx_word' id='word_1_140' title='bbox 365 1716 408 1744; x_wconf 92' lang='lat' dir='ltr'><strong>se</strong></span> <span class='ocrx_word' id='word_1_141' title='bbox 421 1702 476 1744; x_wconf 92' lang='lat' dir='ltr'><strong>de</strong></span> <span class='ocrx_word' id='word_1_142' title='bbox 492 1701 772 1760; x_wconf 84' lang='lat' dir='ltr'><strong>subsequenti</strong></span> <span class='ocrx_word' id='word_1_143' title='bbox 795 1704 916 1744; x_wconf 80' lang='lat' dir='ltr'><strong>lsai&#39;ae</strong></span> <span class='ocrx_word' id='word_1_144' title='bbox 937 1703 1078 1761; x_wconf 89' lang='lat' dir='ltr'><strong>capite</strong></span> <span class='ocrx_word' id='word_1_145' title='bbox 1092 1722 1099 1747; x_wconf 90' lang='lat'>:</span> <span class='ocrx_word' id='word_1_146' title='bbox 1112 1702 1301 1748; x_wconf 74' lang='lat' dir='ltr'><strong>Loetare</strong></span> <span class='ocrx_word' id='word_1_147' title='bbox 1316 1707 1445 1749; x_wconf 83' lang='lat' dir='ltr'><strong>steri-</strong></span> 
     </span>
     <span class='ocr_line' id='line_1_20' title="bbox 66 1768 1445 1834; baseline 0.004 -20"><span class='ocrx_word' id='word_1_148' title='bbox 66 1768 148 1826; x_wconf 86' lang='lat' dir='ltr'><strong>lis,</strong></span> <span class='ocrx_word' id='word_1_149' title='bbox 170 1779 257 1816; x_wconf 78' lang='lat' dir='ltr'><strong>etc.</strong></span> <span class='ocrx_word' id='word_1_150' title='bbox 283 1769 457 1815; x_wconf 79' lang='lat' dir='ltr'><strong>Dilata</strong></span> <span class='ocrx_word' id='word_1_151' title='bbox 490 1769 645 1815; x_wconf 81' lang='lat' dir='ltr'><strong>locam</strong></span> <span class='ocrx_word' id='word_1_152' title='bbox 672 1768 978 1814; x_wconf 73' lang='lat' dir='ltr'><strong>tabernaculi</strong></span> <span class='ocrx_word' id='word_1_153' title='bbox 998 1773 1086 1826; x_wconf 76' lang='lat' dir='ltr'><strong>tici,</strong></span> <span class='ocrx_word' id='word_1_154' title='bbox 1118 1783 1204 1816; x_wconf 82' lang='lat' dir='ltr'><strong>etc.</strong></span> <span class='ocrx_word' id='word_1_155' title='bbox 1237 1778 1378 1834; x_wconf 75' lang='lat' dir='ltr'><strong>Atque</strong></span> <span class='ocrx_word' id='word_1_156' title='bbox 1400 1776 1445 1819; x_wconf 91' lang='lat' dir='ltr'><strong>id</strong></span> 
     </span>
     <span class='ocr_line' id='line_1_21' title="bbox 63 1840 1443 1901; baseline 0.003 -17"><span class='ocrx_word' id='word_1_157' title='bbox 63 1840 184 1901; x_wconf 89' lang='lat' dir='ltr'><strong>quod</strong></span> <span class='ocrx_word' id='word_1_158' title='bbox 209 1842 424 1901; x_wconf 86' lang='lat' dir='ltr'><strong>Propheta</strong></span> <span class='ocrx_word' id='word_1_159' title='bbox 443 1840 498 1884; x_wconf 91' lang='lat' dir='ltr'><strong>de</strong></span> <span class='ocrx_word' id='word_1_160' title='bbox 520 1840 723 1884; x_wconf 79' lang='lat' dir='ltr'><strong>Ecclesiae</strong></span> <span class='ocrx_word' id='word_1_161' title='bbox 755 1855 830 1898; x_wconf 87' lang='lat' dir='ltr'><strong>per</strong></span> <span class='ocrx_word' id='word_1_162' title='bbox 860 1855 1008 1884; x_wconf 89' lang='lat' dir='ltr'><strong>omnes</strong></span> <span class='ocrx_word' id='word_1_163' title='bbox 1032 1852 1177 1898; x_wconf 78' lang='lat' dir='ltr'><strong>gentes</strong></span> <span class='ocrx_word' id='word_1_164' title='bbox 1198 1846 1443 1888; x_wconf 72' lang='lat' dir='ltr'><strong>extensione</strong></span> 
     </span>
     <span class='ocr_line' id='line_1_22' title="bbox 60 1909 1441 1970; baseline 0.002 -15"><span class='ocrx_word' id='word_1_165' title='bbox 60 1910 255 1966; x_wconf 83' lang='lat' dir='ltr'><strong>dixisset,</strong></span> <span class='ocrx_word' id='word_1_166' title='bbox 295 1912 373 1955; x_wconf 88' lang='lat' dir='ltr'><strong>hac</strong></span> <span class='ocrx_word' id='word_1_167' title='bbox 402 1911 490 1970; x_wconf 85' lang='lat' dir='ltr'><strong>ipsa</strong></span> <span class='ocrx_word' id='word_1_168' title='bbox 527 1910 738 1954; x_wconf 86' lang='lat' dir='ltr'><strong>concione</strong></span> <span class='ocrx_word' id='word_1_169' title='bbox 774 1924 870 1952; x_wconf 84' lang='lat' dir='ltr'><strong>mox</strong></span> <span class='ocrx_word' id='word_1_170' title='bbox 902 1909 1138 1954; x_wconf 87' lang='lat' dir='ltr'><strong>videndum</strong></span> <span class='ocrx_word' id='word_1_171' title='bbox 1171 1912 1441 1969; x_wconf 72' lang='lat' dir='ltr'><strong>significabat</strong></span> 
     </span>
     <span class='ocr_line' id='line_1_23' title="bbox 59 1977 1438 2038; baseline -0.002 -11"><span class='ocrx_word' id='word_1_172' title='bbox 59 1997 104 2027; x_wconf 90' lang='lat' dir='ltr'><strong>n.</strong></span> <span class='ocrx_word' id='word_1_173' title='bbox 140 1988 166 2025; x_wconf 76' lang='lat'><strong>2</strong></span> <span class='ocrx_word' id='word_1_174' title='bbox 196 1990 239 2026; x_wconf 90' lang='lat' dir='ltr'><strong>et</strong></span> <span class='ocrx_word' id='word_1_175' title='bbox 266 1998 309 2025; x_wconf 84' lang='lat' dir='ltr'><strong>n.</strong></span> <span class='ocrx_word' id='word_1_176' title='bbox 343 1987 383 2025; x_wconf 88' lang='lat'><strong>6.</strong></span> <span class='ocrx_word' id='word_1_177' title='bbox 411 1979 632 2025; x_wconf 76' lang='lat' dir='ltr'><strong>Aaclietis</strong></span> <span class='ocrx_word' id='word_1_178' title='bbox 663 1977 805 2033; x_wconf 74' lang='lat' dir='ltr'><strong>illud,</strong></span> <span class='ocrx_word' id='word_1_179' title='bbox 838 1979 1002 2038; x_wconf 80' lang='lat' dir='ltr'><strong>inquit,</strong></span> <span class='ocrx_word' id='word_1_180' title='bbox 1035 1989 1079 2022; x_wconf 81' lang='lat' dir='ltr'><strong>ec</strong></span> <span class='ocrx_word' id='word_1_181' title='bbox 1101 1978 1164 2022; x_wconf 77' lang='lat' dir='ltr'><strong>ab</strong></span> <span class='ocrx_word' id='word_1_182' title='bbox 1197 1981 1285 2024; x_wconf 72' lang='lat' dir='ltr'><strong>isto</strong></span> <span class='ocrx_word' id='word_1_183' title='bbox 1316 1982 1438 2026; x_wconf 82' lang='lat' dir='ltr'><strong>Pro-</strong></span> 
     </span>
     <span class='ocr_line' id='line_1_24' title="bbox 54 2048 1436 2112; baseline 0.001 -17"><span class='ocrx_word' id='word_1_184' title='bbox 54 2049 223 2112; x_wconf 81' lang='lat' dir='ltr'><strong>pheta,</strong></span> <span class='ocrx_word' id='word_1_185' title='bbox 247 2061 334 2096; x_wconf 82' lang='lat' dir='ltr'><strong>etc.</strong></span> <span class='ocrx_word' id='word_1_186' title='bbox 355 2053 452 2097; x_wconf 89' lang='lat' dir='ltr'><strong>Non</strong></span> <span class='ocrx_word' id='word_1_187' title='bbox 476 2050 601 2110; x_wconf 87' lang='lat' dir='ltr'><strong>pauci</strong></span> <span class='ocrx_word' id='word_1_188' title='bbox 619 2049 722 2092; x_wconf 91' lang='lat' dir='ltr'><strong>tales</strong></span> <span class='ocrx_word' id='word_1_189' title='bbox 746 2049 789 2091; x_wconf 92' lang='lat' dir='ltr'><strong>in</strong></span> <span class='ocrx_word' id='word_1_190' title='bbox 809 2057 861 2092; x_wconf 77' lang='lat'><strong>50</strong></span> <span class='ocrx_word' id='word_1_191' title='bbox 888 2048 1167 2092; x_wconf 83' lang='lat' dir='ltr'><strong>Homiliarum</strong></span> <span class='ocrx_word' id='word_1_192' title='bbox 1187 2050 1316 2095; x_wconf 80' lang='lat' dir='ltr'><strong>classe</strong></span> <span class='ocrx_word' id='word_1_193' title='bbox 1342 2054 1436 2097; x_wconf 80' lang='lat' dir='ltr'><strong>l&#39;ue-</strong></span> 
     </span>
     <span class='ocr_line' id='line_1_25' title="bbox 57 2119 1435 2180; baseline 0 -13"><span class='ocrx_word' id='word_1_194' title='bbox 57 2132 162 2167; x_wconf 91' lang='lat' dir='ltr'><strong>runt</strong></span> <span class='ocrx_word' id='word_1_195' title='bbox 183 2122 325 2167; x_wconf 90' lang='lat' dir='ltr'><strong>minus</strong></span> <span class='ocrx_word' id='word_1_196' title='bbox 343 2121 495 2180; x_wconf 84' lang='lat' dir='ltr'><strong>integri</strong></span> <span class='ocrx_word' id='word_1_197' title='bbox 512 2124 753 2173; x_wconf 80' lang='lat' dir='ltr'><strong>Sermones,</strong></span> <span class='ocrx_word' id='word_1_198' title='bbox 774 2119 818 2162; x_wconf 91' lang='lat' dir='ltr'><strong>in</strong></span> <span class='ocrx_word' id='word_1_199' title='bbox 837 2120 994 2178; x_wconf 81' lang='lat' dir='ltr'><strong>quibus</strong></span> <span class='ocrx_word' id='word_1_200' title='bbox 1018 2120 1299 2179; x_wconf 81' lang='lat' dir='ltr'><strong>impostorum</strong></span> <span class='ocrx_word' id='word_1_201' title='bbox 1324 2123 1435 2167; x_wconf 75' lang='lat' dir='ltr'><strong>irau-</strong></span> 
     </span>
     <span class='ocr_line' id='line_1_26' title="bbox 57 2190 1436 2253; baseline -0.001 -15"><span class='ocrx_word' id='word_1_202' title='bbox 57 2193 158 2238; x_wconf 86' lang='lat' dir='ltr'><strong>dem</strong></span> <span class='ocrx_word' id='word_1_203' title='bbox 178 2192 478 2253; x_wconf 83' lang='lat' dir='ltr'><strong>fallaciamque</strong></span> <span class='ocrx_word' id='word_1_204' title='bbox 500 2191 676 2252; x_wconf 85' lang='lat' dir='ltr'><strong>quidam</strong></span> <span class='ocrx_word' id='word_1_205' title='bbox 696 2205 782 2233; x_wconf 92' lang='lat' dir='ltr'><strong>non</strong></span> <span class='ocrx_word' id='word_1_206' title='bbox 800 2190 898 2248; x_wconf 83' lang='lat' dir='ltr'><strong>jure</strong></span> <span class='ocrx_word' id='word_1_207' title='bbox 917 2192 1210 2248; x_wconf 78' lang='lat' dir='ltr'><strong>conqueritur.</strong></span> <span class='ocrx_word' id='word_1_208' title='bbox 1232 2194 1337 2236; x_wconf 80' lang='lat' dir='ltr'><strong>Nam</strong></span> <span class='ocrx_word' id='word_1_209' title='bbox 1360 2194 1436 2253; x_wconf 85' lang='lat' dir='ltr'><strong>qui</strong></span> 
     </span>
     <span class='ocr_line' id='line_1_27' title="bbox 56 2261 1435 2323; baseline -0.001 -14"><span class='ocrx_word' id='word_1_210' title='bbox 56 2264 102 2309; x_wconf 88' lang='lat' dir='ltr'><strong>in</strong></span> <span class='ocrx_word' id='word_1_211' title='bbox 125 2264 316 2309; x_wconf 89' lang='lat' dir='ltr'><strong>Ecclesia</strong></span> <span class='ocrx_word' id='word_1_212' title='bbox 332 2264 503 2323; x_wconf 81' lang='lat' dir='ltr'><strong>legendi</strong></span> <span class='ocrx_word' id='word_1_213' title='bbox 523 2271 663 2306; x_wconf 88' lang='lat' dir='ltr'><strong>essent</strong></span> <span class='ocrx_word' id='word_1_214' title='bbox 682 2261 908 2319; x_wconf 78' lang='lat' dir='ltr'><strong>Augustini</strong></span> <span class='ocrx_word' id='word_1_215' title='bbox 931 2264 1173 2315; x_wconf 68' lang='lat' dir='ltr'><strong>Tim-tatus,</strong></span> <span class='ocrx_word' id='word_1_216' title='bbox 1200 2265 1435 2308; x_wconf 81' lang='lat' dir='ltr'><strong>necessario</strong></span> 
     </span>
     <span class='ocr_line' id='line_1_28' title="bbox 56 2331 1434 2396; baseline -0.001 -17"><span class='ocrx_word' id='word_1_217' title='bbox 56 2334 316 2396; x_wconf 87' lang='lat' dir='ltr'><strong>plerumque</strong></span> <span class='ocrx_word' id='word_1_218' title='bbox 338 2334 702 2385; x_wconf 83' lang='lat' dir='ltr'><strong>decurtabantur,</strong></span> <span class='ocrx_word' id='word_1_219' title='bbox 730 2332 864 2390; x_wconf 73' lang='lat' dir='ltr'><strong>iisque</strong></span> <span class='ocrx_word' id='word_1_220' title='bbox 895 2331 1117 2375; x_wconf 79' lang='lat' dir='ltr'><strong>exordium</strong></span> <span class='ocrx_word' id='word_1_221' title='bbox 1143 2334 1368 2391; x_wconf 84' lang='lat' dir='ltr'><strong>aptabatur</strong></span> <span class='ocrx_word' id='word_1_222' title='bbox 1392 2344 1434 2378; x_wconf 89' lang='lat' dir='ltr'><strong>et</strong></span> 
     </span>
     <span class='ocr_line' id='line_1_29' title="bbox 55 2402 1430 2462; baseline -0.001 -13"><span class='ocrx_word' id='word_1_223' title='bbox 55 2404 211 2451; x_wconf 88' lang='lat' dir='ltr'><strong>idonea</strong></span> <span class='ocrx_word' id='word_1_224' title='bbox 247 2404 481 2450; x_wconf 84' lang='lat' dir='ltr'><strong>conclusio.</strong></span> <span class='ocrx_word' id='word_1_225' title='bbox 525 2404 590 2448; x_wconf 85' lang='lat' dir='ltr'><strong>Sic</strong></span> <span class='ocrx_word' id='word_1_226' title='bbox 635 2402 786 2446; x_wconf 75' lang='lat' dir='ltr'><strong>huicce</strong></span> <span class='ocrx_word' id='word_1_227' title='bbox 823 2420 917 2444; x_wconf 70' lang='grc' dir='ltr'><strong>κων</strong></span> <span class='ocrx_word' id='word_1_228' title='bbox 961 2403 1154 2445; x_wconf 61' lang='lat' dir='ltr'><strong>sermoni</strong></span> <span class='ocrx_word' id='word_1_229' title='bbox 1195 2405 1430 2462; x_wconf 80' lang='lat' dir='ltr'><strong>appositam</strong></span> 
     </span>
     <span class='ocr_line' id='line_1_30' title="bbox 0 2470 1431 2536; baseline -0.001 -16"><span class='ocrx_word' id='word_1_230' title='bbox 0 2506 1 2527; x_wconf 62' lang='lat'>2</span> <span class='ocrx_word' id='word_1_231' title='bbox 56 2475 233 2521; x_wconf 91' lang='lat' dir='ltr'><strong>aliunde</strong></span> <span class='ocrx_word' id='word_1_232' title='bbox 258 2475 556 2536; x_wconf 70' lang='lat' dir='ltr'><strong>praelationem</strong></span> <span class='ocrx_word' id='word_1_233' title='bbox 579 2488 668 2517; x_wconf 87' lang='lat' dir='ltr'><strong>esse</strong></span> <span class='ocrx_word' id='word_1_234' title='bbox 690 2471 806 2515; x_wconf 85' lang='lat' dir='ltr'><strong>vides</strong></span> <span class='ocrx_word' id='word_1_235' title='bbox 823 2470 889 2515; x_wconf 85' lang='lat' dir='ltr'><strong>vel</strong></span> <span class='ocrx_word' id='word_1_236' title='bbox 912 2488 960 2513; x_wconf 78' lang='lat' dir='ltr'><strong>ex</strong></span> <span class='ocrx_word' id='word_1_237' title='bbox 974 2471 1182 2516; x_wconf 75' lang='lat' dir='ltr'><strong>versiculo</strong></span> <span class='ocrx_word' id='word_1_238' title='bbox 1206 2475 1340 2527; x_wconf 68' lang='lat' dir='ltr'><strong>Isaiae,</strong></span> <span class='ocrx_word' id='word_1_239' title='bbox 1357 2475 1431 2534; x_wconf 81' lang='lat' dir='ltr'><strong>qui</strong></span> 
     </span>
     <span class='ocr_line' id='line_1_31' title="bbox 0 2538 1423 2607; baseline -0.004 -14"><span class='ocrx_word' id='word_1_240' title='bbox 0 2538 1 2548; x_wconf 41' lang='lat'>¹</span> <span class='ocrx_word' id='word_1_241' title='bbox 53 2545 188 2594; x_wconf 83' lang='lat' dir='ltr'><strong>altera</strong></span> <span class='ocrx_word' id='word_1_242' title='bbox 222 2556 343 2607; x_wconf 84' lang='lat' dir='ltr'><strong>parte</strong></span> <span class='ocrx_word' id='word_1_243' title='bbox 377 2562 427 2590; x_wconf 84' lang='lat' dir='ltr'><strong>ex</strong></span> <span class='ocrx_word' id='word_1_244' title='bbox 462 2544 666 2590; x_wconf 80' lang='lat' dir='ltr'><strong>versionis</strong></span> <span class='ocrx_word' id='word_1_245' title='bbox 695 2541 918 2601; x_wconf 82' lang='lat' dir='ltr'><strong>Vulgatae,</strong></span> <span class='ocrx_word' id='word_1_246' title='bbox 943 2557 1046 2586; x_wconf 88' lang='lat' dir='ltr'><strong>cum</strong></span> <span class='ocrx_word' id='word_1_247' title='bbox 1067 2542 1111 2586; x_wconf 87' lang='lat' dir='ltr'><strong>in</strong></span> <span class='ocrx_word' id='word_1_248' title='bbox 1142 2543 1308 2603; x_wconf 85' lang='lat' dir='ltr'><strong>reliquo</strong></span> <span class='ocrx_word' id='word_1_249' title='bbox 1329 2561 1423 2605; x_wconf 82' lang='lat' dir='ltr'><strong>cap.</strong></span> 
     </span>
    </p>
   </div>
  </div>
 </body>
</html>
