1924 3309
441 258 524 298 394
879 267 913 298 s.
949 268 1178 299 Auouswml
1209 271 1389 300 Erxscom

438 334 566 378 mus?
588 332 698 387 Quid
722 342 868 380 autem
889 335 1068 379 sumus?
1093 352 1113 376 «
1133 336 1219 379 Nos
1246 344 1407 381 autem.
1427 353 1447 377 »
1474 337 1587 381 Ecce
1617 337 1724 397 quid
1746 354 1820 384 su-

437 419 548 448 mus.
575 403 724 458 Quid?
749 424 769 447 «
803 404 995 465 Populus
1026 405 1117 464 ejus
1154 413 1197 448 et
1226 419 1326 450 oves
1350 421 1522 464 pascuae
1545 408 1653 467 ejus.
1682 426 1702 450 »
1727 411 1822 468 Ipse

438 489 517 518 nos
538 473 642 519 fecit
662 475 875 535 populum
893 488 1020 519 suum
1040 508 1051 528 ‚
1069 474 1160 533 ipse
1181 490 1259 519 nos
1282 473 1384 520 fecit
1404 491 1504 521 oves
1525 493 1696 536 pascuae
1716 494 1818 524 suae.

438 546 524 599 Qui
545 546 659 590 misit
670 545 956 607 jugulandam
970 560 1095 589 ovem
1115 545 1352 601 innoxiam,
1371 544 1475 591 fecit
1495 563 1596 592 oves
1620 547 1675 592 de
1689 548 1820 609 lupis.

438 619 544 662 Haec
564 626 628 661 est
650 617 800 676 gratia.
826 620 1017 675 Excepta
1030 616 1103 660 illa
1121 617 1345 661 communi
1363 618 1498 676 gratia
1519 627 1687 663 naturae
1705 654 1716 675 ,
1736 635 1824 680 qua

437 687 635 732 homines
656 686 759 732 facti
777 701 927 731 sumus
945 720 956 741 ,
971 701 1052 731 nec
1072 685 1192 744 digni
1208 684 1386 742 fuimus,
1404 687 1505 747 quia
1527 703 1617 732 non
1631 687 1794 734 fuimus
1812 709 1821 735 z

440 766 617 817 excepta
641 757 714 801 illa
733 757 886 816 gratia,
904 757 999 801 haec
1022 765 1085 801 est
1118 758 1256 817 major
1277 757 1412 816 gratia
1444 773 1531 818 qua
1552 758 1656 803 facti
1677 774 1825 805 sumus

444 847 464 870 «
498 828 686 888 populus
706 828 796 888 ejus
818 837 862 872 et
891 842 991 873 oves
1013 843 1183 888 pascuae
1205 830 1297 889 ejus
1320 863 1332 885 ‚
1361 846 1381 870 »
1402 843 1479 888 per
1506 831 1656 874 Jesum
1676 830 1824 876 Chris-

438 907 533 943 tum
556 899 792 943 Dominum
814 907 1027 944 nostrum.

498 971 574 1014 VI.
598 969 683 1014 Sed
699 968 805 1014 dicit
820 969 975 1029 aliquis
998 988 1007 1014 ι
1032 972 1114 1013 Per
1131 971 1155 1013 J
1159 984 1278 1013 esum
1297 968 1520 1014 Christum
1538 967 1641 1014 iacti
1658 985 1821 1026 sumus,

435 1049 485 1085 ut
507 1041 636 1085 etiam
658 1041 856 1085 homines
878 1055 1079 1085 essemus.
1100 1044 1165 1085 Ita
1187 1057 1311 1096 vero,
1333 1056 1409 1099 per
1431 1043 1581 1084 Jesum
1603 1041 1824 1086 Christum

436 1109 540 1155 faeti
563 1121 726 1156 suntet
750 1112 925 1170 Pagani.
947 1114 1056 1156 Nam
1086 1113 1268 1169 Pagani,
1293 1127 1382 1156 non
1404 1120 1453 1155 ut
1475 1121 1615 1156 essent
1645 1113 1822 1170 Pagani,

435 1180 512 1225 sed
534 1190 583 1225 ut
605 1191 746 1226 essent
781 1182 999 1236 homines,
1026 1197 1102 1241 per
1135 1185 1284 1226 Jesum
1312 1182 1534 1227 Christum
1562 1183 1665 1226 facti
1704 1191 1822 1227 sunt.

435 1251 540 1304 Quis
561 1260 625 1295 est
646 1251 761 1295 enim
779 1254 802 1296 J
807 1267 902 1295 esus
919 1251 1139 1306 Christus,
1165 1252 1245 1295 nisi
1273 1270 1293 1293 «
1313 1252 1356 1295 in
1380 1251 1594 1310 principio
1609 1261 1701 1296 erat
1714 1255 1823 1296 Ver-

436 1321 542 1366 bum
555 1356 565 1376 ,
592 1330 635 1366 et
657 1322 851 1366 Verbum
870 1330 961 1366 erat
978 1320 1097 1381 apud
1111 1325 1265 1373 Deum,
1287 1330 1330 1366 et
1354 1325 1468 1366 Deus
1485 1330 1577 1366 erat
1600 1322 1824 1366 Verbum?

439 1409 460 1433 »
496 1393 589 1436 Hoc
617 1401 709 1436 erat
737 1392 782 1436 in
812 1391 1025 1451 principio
1052 1391 1170 1451 apud
1201 1395 1352 1436 Deum.
1380 1392 1537 1435 Omnia
1571 1406 1648 1450 per
1676 1393 1821 1451 ipsum

438 1479 460 1503 »
494 1460 606 1506 faeta
622 1463 767 1507 sunt1.
796 1481 816 1504 »
843 1461 912 1506 Illi
934 1478 1036 1521 ergo
1058 1461 1222 1506 debent
1245 1471 1287 1507 et
1309 1462 1470 1521 Pagani
1487 1461 1608 1522 quod
1628 1462 1824 1508 homines

436 1534 568 1578 creati
605 1542 728 1591 sunt3
764 1542 807 1577 et
840 1542 962 1578 tanto
990 1533 1125 1592 magis
1163 1532 1402 1592 puniendi,
1437 1533 1539 1592 quia
1567 1532 1823 1576 dimiserunt

436 1620 537 1649 eum
560 1621 582 1648 a
605 1621 694 1665 quo
716 1603 816 1649 facti
835 1613 952 1659 sunt,
978 1614 1021 1648 et
1043 1604 1275 1649 coluerunt
1297 1619 1397 1663 quae
1425 1603 1505 1663 ipsi
1535 1602 1750 1648 fecerunt.

494 1677 594 1719 VII.
620 1678 809 1734 Excepta
833 1691 936 1734 ergo
958 1674 1031 1719 illa
1054 1675 1189 1733 gratia
1204 1710 1214 1730 ‚
1236 1690 1323 1734 qua
1345 1674 1522 1718 condita
1544 1683 1609 1718 est
1630 1674 1824 1718 humana

435 1755 608 1803 natura3
625 1747 744 1803 (haec
761 1746 875 1790 enim
889 1745 1141 1790 Christianis
1161 1746 1431 1804 Paganisque
1449 1745 1693 1789 eommunis
1709 1752 1773 1788 est
1789 1746 1824 1802 z)

435 1817 529 1860 haee
547 1817 755 1876 estmajor
773 1817 924 1875 gratia,
946 1832 1035 1860 non
1052 1815 1173 1876 quod
1186 1831 1262 1875 per
1277 1816 1471 1859 Verbum
1486 1815 1682 1858 homines
1694 1815 1823 1858 creati

435 1901 598 1941 sumus,
618 1886 693 1930 sed
716 1886 836 1943 quod
860 1902 935 1941 pcr
956 1886 1151 1926 Verbum
1168 1897 1342 1926 carnem
1364 1882 1531 1926 factum
1554 1883 1702 1926 fideles
1724 1882 1823 1927 faeti

432 1971 596 2000 sumus.
626 1957 745 1998 Unus
767 1953 883 2012 enim
909 1956 1018 1996 Deus
1035 1987 1045 2007 ‚
1070 1962 1114 1996 et
1135 1968 1249 1996 unus
1270 1951 1483 1996 mediator
1506 1953 1582 1996 Dei
1610 1961 1653 1996 et
1679 1953 1822 1997 horni-

433 2041 542 2069 num
560 2026 692 2069 homo
714 2024 910 2069 Christus
933 2026 1055 2068 Jesus
1068 2024 1112 2067 in
1134 2024 1347 2083 principio
1367 2032 1458 2067 erat
1475 2024 1686 2067 Verbum.
1709 2027 1820 2069 Non-

435 2096 539 2142 dum
556 2096 787 2140 erathomo
802 2095 999 2140 Christus
1014 2097 1037 2138 J
1041 2110 1153 2149 esus,
1170 2095 1417 2139 etVerbum
1431 2103 1521 2138 erat
1536 2094 1654 2153 apud
1665 2097 1816 2152 Deum3

435 2177 478 2212 et
500 2171 614 2212 Deus
648 2176 739 2212 erat
761 2167 972 2211 Verbum.
1005 2169 1102 2226 Ipse
1131 2165 1323 2210 mundus
1366 2181 1455 2210 non
1492 2177 1611 2220 erat,
1645 2165 1819 2226 quando

434 2241 550 2283 Deus
571 2247 661 2282 erat
685 2237 884 2282 verbum.
909 2236 1065 2281 Omnia
1086 2252 1163 2295 per
1184 2237 1325 2295 ipsum
1350 2236 1463 2280 faeta
1481 2245 1604 2291 sunt,
1630 2245 1673 2280 et
1693 2251 1819 2279 mun-

436 2309 516 2352 dus
549 2323 624 2367 per
647 2308 787 2367 ipsum
828 2305 966 2352 factus
989 2316 1067 2351 est.
1093 2309 1209 2366 Ergo
1232 2316 1337 2351 tunc
1366 2304 1543 2366 quando
1580 2321 1658 2350 nos
1690 2304 1815 2361 fecit,

435 2387 485 2422 ut
517 2377 713 2422 homines
747 2393 962 2432 essemus,
998 2377 1194 2421 nondum
1233 2386 1324 2421 erat
1360 2377 1506 2423 homo.
1533 2377 1669 2436 Magis
1698 2376 1818 2421 istam

437 2448 618 2507 gratiam
651 2447 930 2492 commendat
971 2446 1202 2506 Apostolus
1241 2447 1493 2492 Christianis
1510 2481 1520 2501 ,
1565 2447 1640 2490 ubi
1672 2445 1775 2490 dicit
1807 2462 1816 2489 2

440 2538 460 2562 «
496 2521 616 2564 Unus
631 2519 747 2564 enim
770 2522 899 2574 Deus,
920 2527 963 2563 et
978 2534 1091 2563 unus
1111 2519 1324 2563 mediator
1347 2518 1421 2562 Dei
1446 2526 1488 2562 et
1509 2517 1777 2562 hominum2.
1795 2531 1816 2556 υ
1835 2560 1837 2562 .

487 2613 494 2628 ¹
513 2608 604 2639 Joan.
624 2618 649 2647 1,
671 2617 699 2648 1,
723 2610 788 2639 etc.
808 2622 848 2629 -—
869 2613 882 2629 ²
902 2617 913 2637 1
933 2605 1013 2638 Tim.
1035 2616 1072 2644 11,
1092 2604 1122 2636 5.
