1924 3309
484 239 565 275 112
927 246 959 275 s.
995 249 1226 277 Ancusnm
1258 249 1438 277 Emscom

479 312 772 372 intelligamus
793 313 971 357 unicum
1001 315 1077 358 Dei
1113 314 1287 358 Filium.
1313 315 1398 358 Nos
1435 314 1550 357 enim
1583 313 1797 359 beneficio
1819 325 1863 360 et

481 382 731 442 dignatione
753 383 1056 428 misericordiae
1079 385 1169 443 ejus
1192 382 1268 426 filii
1292 383 1368 427 Dei
1395 383 1544 428 sumus
1571 403 1580 428 2
1603 383 1677 428 ille
1709 394 1864 429 natura

481 463 544 498 est
563 454 719 509 Filius,
740 455 817 514 qui
844 456 928 499 hoc
945 464 1008 499 est
1030 453 1150 514 quod
1173 457 1313 497 Pater.
1339 456 1427 500 Nec
1449 454 1554 498 dixit
1574 455 1834 514 accipiamus
1848 491 1859 511 ‚

481 524 558 568 sed
585 544 605 566 «
633 525 890 584 recipiamus
914 545 922 569 ε
956 543 975 566 »
1016 534 1064 568 ut
1090 523 1350 582 significaret
1385 525 1467 568 hoc
1499 541 1577 569 nos
1601 526 1788 570 amisisse
1819 527 1864 570 in

482 593 623 638 Adam
640 629 650 649 ,
677 610 729 638 ex
761 610 849 654 quo
871 593 1072 638 mortales
1095 609 1257 638 sumus.
1280 597 1373 639 Hoc
1391 610 1494 653 ergo
1511 596 1630 654 quod
1648 596 1705 639 ait
1727 615 1736 640 z
1766 615 1786 638 «
1809 598 1865 640 Ut

485 682 504 705 »
541 680 613 708 eos
638 665 714 724 qui
733 664 813 708 sub
836 668 951 722 Lege
973 673 1096 707 erant
1117 664 1373 718 redimeret,
1400 682 1421 705 n
1444 673 1488 707 et
1504 664 1559 708 ad
1589 663 1865 709 libe-randum
1921 698 1923 711 .

482 749 582 778 eum
606 734 819 794 populum
838 735 1046 793 pertinet,
1071 734 1146 793 qui
1168 733 1373 793 parvulus
1401 734 1483 777 suh
1506 733 1744 793 paedagogo
1775 750 1865 779 ser-
1921 754 1923 772 ³

483 805 652 862 viebat3
678 813 721 848 et
742 805 928 848 refertur
943 803 998 847 ad
1018 803 1063 847 id
1078 803 1198 863 quod
1212 803 1345 848 dixit:
1367 822 1388 845 «
1410 803 1575 847 tactum
1589 804 1671 848 sub
1690 807 1819 863 Lege.
1844 823 1862 846 a)

486 873 603 917 Illud
625 883 768 918 autem
793 873 914 933 quod
936 873 995 917 ait
1017 892 1025 917 ι
1056 893 1076 915 «
1097 882 1146 917 ut
1167 872 1446 932 adoptionem
1475 873 1662 917 filiorum
1687 875 1867 933 recipia-

486 963 505 985 »
544 960 667 1000 mus,
696 963 716 986 »
757 944 942 989 refertur
974 943 1028 988 ad
1058 945 1102 988 id
1135 946 1254 1004 quod
1293 945 1420 999 dixit,
1450 964 1470 986 «
1495 943 1659 989 factum
1687 960 1740 988 ex
1769 961 1869 989 mu·
1920 977 1921 981 ,

487 1033 506 1054 »
546 1015 662 1058 liere.
705 1033 723 1056 »
763 1015 845 1058 Hic
886 1014 1001 1058 enirn
1032 1015 1312 1074 adoptionem
1351 1015 1609 1074 recipimus,
1642 1014 1763 1075 quod
1795 1015 1869 1060 ille

488 1085 646 1130 Unicus
669 1101 759 1129 non
777 1085 1038 1144 dedignatus
1076 1095 1138 1130 est
1162 1086 1537 1145 participationem
1561 1095 1730 1130 naturae
1768 1101 1869 1132 nos-

487 1165 561 1199 trae
578 1191 588 1210 ,
614 1156 755 1199 factus
791 1172 842 1198 ex
866 1156 1068 1211 muliere,
1102 1165 1152 1200 ut
1174 1172 1262 1200 non
1292 1156 1431 1200 solum
1457 1156 1710 1214 Unigenitus
1731 1166 1840 1200 esset
1855 1192 1865 1211 ,
1896 1185 1897 1196 η

483 1226 560 1269 ubi
582 1227 734 1270 fratres
754 1240 843 1269 non
877 1226 1032 1280 habet,
1058 1225 1133 1269 sed
1164 1226 1293 1269 etiarn
1317 1226 1636 1285 Primogenitus
1656 1227 1702 1270 in
1723 1225 1869 1271 multis
1896 1239 1897 1279 ι
1919 1218 1920 1273 l

482 1295 691 1339 fratribus
722 1296 883 1339 fieret1.
912 1299 1007 1339 Duo
1037 1297 1151 1338 enim
1174 1297 1424 1356 proposuit,
1456 1316 1476 1339 «
1510 1297 1670 1341 factam
1693 1312 1744 1340 ex
1771 1312 1870 1340 mu·

486 1386 506 1407 »
541 1367 666 1419 licre,
692 1366 857 1410 factum
882 1366 963 1410 sub
977 1370 1093 1426 Lege
1114 1386 1123 1410 ι
1141 1368 1253 1411 »sed
1272 1377 1441 1412 mutato
1459 1367 1610 1412 ordine
1628 1367 1865 1428 respondit.
1896 1405 1898 1412 .

544 1439 710 1480 XXXI.
737 1439 834 1480 Jam
868 1436 992 1480 illum
1015 1436 1229 1495 populum
1264 1437 1527 1497 adjungens,
1553 1439 1628 1498 qui
1663 1436 1869 1497 parvulus
1896 1431 1899 1481 ζ

483 1507 564 1550 sub
606 1505 960 1565 procuratoribus
998 1514 1041 1549 et
1074 1506 1293 1550 actoribns
1321 1508 1561 1562 serviebat,
1587 1507 1632 1551 id
1654 1517 1738 1561 est,
1779 1507 1869 1551 ele-

484 1576 640 1619 mentis
658 1576 785 1636 liujus
803 1575 957 1619 mundi
982 1585 1185 1634 putarent
1208 1592 1251 1619 se
1274 1593 1364 1621 non
1385 1593 1475 1621 esse
1497 1577 1607 1620 filios
1623 1612 1634 1632 ,
1654 1578 1756 1636 quia
1779 1593 1869 1622 non
1897 1591 1900 1622 ι

483 1656 608 1690 erant
628 1646 710 1690 sub
734 1645 995 1704 praedagogo
1014 1681 1025 1701 ,
1065 1665 1085 1687 «
1111 1646 1327 1698 Quoniam
1362 1656 1508 1691 autem
1543 1647 1621 1690 filii
1648 1648 1774 1702 estis,
1798 1647 1868 1691 in-
1898 1658 1918 1710 y

486 1735 506 1757 »
541 1717 663 1776 quit,
690 1717 805 1760 misit
828 1719 940 1760 Deus
965 1716 1173 1774 Spiritum
1193 1715 1291 1759 Filii
1309 1716 1373 1759 sui
1395 1717 1440 1760 in
1458 1716 1589 1760 corda
1610 1727 1764 1773 vestra,
1785 1717 1869 1761 cla·
1898 1718 1917 1779 Jl

485 1807 504 1829 »
541 1797 732 1831 mantem
750 1822 761 1841 ,
788 1788 937 1841 Abba,
960 1790 1086 1830 Pater
1101 1790 1132 1830 ².
1155 1805 1172 1827 >1
1200 1790 1296 1831 Duo
1317 1797 1418 1831 sunt
1441 1788 1569 1832 verba
1587 1804 1687 1848 quae
1703 1790 1863 1847 posuit,
1898 1771 1917 1821 *l

482 1868 531 1902 ut
553 1858 788 1917 posteriore
810 1858 1166 1916 interpretaretur
1189 1858 1392 1915 primum.
1415 1860 1524 1903 Nam
1542 1859 1626 1902 hoc
1648 1867 1710 1902 est
1731 1878 1750 1900 «
1772 1858 1866 1903 Ab·
1898 1870 1900 1917 ῃ

486 1948 505 1970 »
541 1929 619 1983 ba,
648 1947 667 1969 »
692 1928 812 1988 quod
839 1931 1011 1972 «Pater.
1029 1946 1048 1968 »
1074 1927 1308 1986 Eleganter
1330 1938 1473 1973 autem
1499 1928 1755 1987 intelligitur
1777 1945 1867 1974 non
1898 1921 1900 1950 ἶ

482 2000 642 2043 frustra
676 1998 863 2042 duarum
900 1997 1151 2056 linguarum
1185 1998 1316 2041 verba
1351 1999 1542 2058 posuisse
1563 1998 1679 2042 idem
1699 2000 1866 2058 signifi-
1899 2027 1917 2077 Ὗ

484 2070 623 2114 cantia
637 2105 648 2124 ,
674 2078 851 2129 propter
871 2068 1120 2112 universum
1144 2068 1378 2127 populum,
1399 2070 1475 2128 qui
1497 2068 1550 2112 de
1568 2068 1730 2113 Judaeis
1754 2079 1796 2114 et
1813 2070 1867 2114 de
1899 2094 1902 2122 ζ

485 2140 698 2183 Gentibus
721 2139 766 2182 in
790 2138 1001 2182 unitatem
1023 2136 1124 2180 fidei
1146 2147 1324 2182 vocatus
1342 2148 1406 2182 est
1427 2157 1435 2182 ε
1458 2147 1507 2182 ut
1525 2139 1749 2183 hebraeum
1771 2155 1868 2183 ver-
1899 2166 1902 2194 ς

486 2210 593 2252 bum
632 2209 687 2252 ad
724 2208 925 2261 Judaeos,
965 2222 1153 2265 graecum
1178 2207 1231 2250 ad
1267 2209 1448 2263 Gentes,
1475 2209 1701 2269 utriusque
1722 2219 1868 2254 tamen

486 2279 606 2322 verbi
629 2279 780 2322 eadem
803 2277 1058 2336 significatio
1081 2276 1134 2320 ad
1153 2278 1344 2337 ejusdcm
1360 2277 1460 2321 fidei
1482 2279 1744 2339 spiritusque
1766 2281 1866 2323 uni·
1899 2305 1902 2311 ·

486 2359 620 2393 tatem
642 2350 871 2407 pertineat.
892 2350 1000 2392 Nam
1023 2356 1066 2391 et
1088 2347 1141 2390 ad
1164 2350 1402 2402 Romanos,
1423 2348 1499 2391 ubi
1521 2349 1667 2392 similis
1688 2351 1869 2409 quaestio
1900 2385 1901 2390 ,

487 2420 541 2463 de
563 2434 668 2478 pace
684 2419 728 2461 in
746 2418 917 2463 Christo
938 2417 1193 2462 Judaeorum
1216 2419 1509 2477 Gentiumque
1531 2428 1739 2463 tractatur
1753 2455 1764 2474 ‚
1785 2420 1868 2465 hoc
1900 2442 1901 2448 ¹

487 2489 605 2534 dicit.
639 2507 659 2530 «
683 2491 780 2534 Non
802 2489 918 2533 enim
941 2487 1161 2548 accepistis
1183 2488 1381 2548 spiritum
1403 2490 1618 2536 servitutis
1639 2491 1796 2536 iterum
1820 2491 1866 2535 in

539 2580 546 2596 ¹
567 2575 661 2606 Rom.
680 2584 745 2614 vni,
766 2583 819 2615 29.
841 2588 882 2596 -·-
901 2577 914 2594 ²
937 2572 1039 2607 Galat.
1055 2582 1101 2609 ιν,
1119 2574 1149 2605 6.
