1867 3320
283 283 422 310 snamo
454 282 626 322 xxxvu,
662 288 715 313 οε
748 288 991 317 novenalis
1023 290 1267 323 suduosis.
1372 287 1450 326 481

85 345 263 404 pungit,
289 361 434 390 amara
459 357 559 391 sunt
582 351 739 395 omnia.
767 353 903 396 Gusta
920 368 1019 411 ergo
1036 389 1047 409 ,
1073 367 1210 414 gusta,
1235 369 1278 404 et
1293 361 1456 406 videbis

85 416 308 475 quomodo
342 416 495 476 sapiat,
529 434 660 477 quam
686 430 726 465 te
761 421 1016 478 delectabit,
1054 442 1181 485 quam
1204 440 1347 488 postea
1369 448 1457 477 non

84 485 274 541 desines,
299 487 381 531 nisi
405 496 546 532 totum
563 504 804 536 consumas.
830 512 850 535 «
876 494 1074 539 Gustavit
1096 498 1196 556 quia
1213 500 1375 545 bonum
1397 512 1459 546 cst

88 573 109 596 »
144 571 327 616 operam.
360 575 381 598 »

140 628 221 670 XI.
261 645 282 669 «
325 629 423 672 Non
451 628 730 687 extinguetur
766 630 942 677 lucerna
979 639 1069 690 ejus
1109 644 1199 680 tota
1238 644 1402 684 noctel.
1437 661 1454 682 υ

87 714 108 738 «
140 698 278 742 Nemo
293 696 492 741 accendit
516 697 762 755 lucernam,
790 710 832 745 et
856 704 980 760 ponit
999 705 1081 749 sub
1101 705 1290 751 modio2.
1321 712 1384 752 Tu
1406 711 1458 753 il-

85 784 105 807 »
139 766 374 811 luminabis
397 766 620 813 lucernam
653 785 814 827 meam,
840 775 1062 818 Domine&
1083 795 1102 817 »
1128 780 1324 822 Lucerna
1346 782 1450 838 ejus,

0 833 15 839 “
79 851 175 896 spes
192 837 300 898 ejus.
319 836 390 882 Ad
403 837 522 882 illam
534 850 736 899 operatur
753 843 892 887 omnis
908 844 1056 901 homo,
1073 848 1260 907 quiquid
1279 850 1381 893 boni
1402 850 1457 894 ad

79 923 199 968 spem
212 907 331 953 facit.
351 911 409 971 Et
428 909 475 953 in
494 921 620 955 nocte
638 912 760 956 ardet
774 912 950 959 lucerna
972 917 1064 960 ista.
1084 919 1209 970 Quod
1231 921 1345 963 enim
1366 937 1454 965 non

79 977 293 1035 videmus,
318 994 542 1039 speramus
563 1000 572 1025 :
598 982 696 1026 ideo
717 998 804 1042 nox
824 993 902 1027 est.
930 985 973 1028 Si
991 995 1135 1029 autem
1159 997 1202 1030 et
1233 1004 1322 1032 non
1340 990 1461 1032 vide-

80 1064 194 1104 mus,
214 1058 259 1094 et
278 1065 366 1094 non
391 1065 614 1109 speramus
633 1070 642 1096 :
668 1060 711 1094 et
736 1067 821 1095 nox
838 1062 924 1106 est,
956 1062 999 1096 et
1017 1054 1193 1099 lucerna
1216 1072 1303 1100 non
1326 1058 1459 1102 ardet.

81 1119 194 1173 Quid
214 1118 428 1166 infelicius
446 1120 605 1164 talibus
630 1121 846 1164 tenebris?
868 1124 921 1166 Ut
938 1132 1081 1167 autem
1101 1140 1189 1169 non
1213 1126 1460 1171 deficiamus

15 1205 18 1208 ·
79 1189 126 1234 in
148 1191 360 1246 tenebris,
384 1200 428 1235 et
450 1206 526 1250 per
543 1191 795 1251 patientiam
824 1203 1094 1251 expectemus
1110 1229 1120 1249 ‚
1147 1196 1265 1255 quod
1283 1213 1371 1242 non
1394 1199 1458 1241 vi-

78 1275 175 1305 sum
212 1276 433 1320 speramus
447 1296 458 1316 ,
494 1270 587 1306 tota
622 1271 750 1306 nocte
786 1255 932 1307 ardeat
963 1263 1137 1309 lucerna
1173 1276 1330 1310 nostra.
1374 1270 1456 1321 Qui

78 1330 196 1375 enim
212 1331 340 1375 nobis
369 1331 566 1391 quotidie
601 1331 797 1391 loquitur
827 1333 1024 1388 verbum,
1066 1344 1273 1394 tanquam
1307 1337 1451 1381 oleum

82 1399 295 1456 infundit,
317 1416 372 1444 ne
395 1401 575 1445 lucerna
596 1401 886 1460 extinguatur.

135 1472 239 1514 XII.
267 1489 288 1512 «
311 1473 468 1515 Manus
495 1487 591 1516 suas
613 1471 809 1516 extendit
830 1473 886 1516 ad
905 1472 1070 1516 utilia⁴.
1101 1491 1120 1514 »
1147 1479 1364 1527 Quantum
1384 1494 1456 1520 cx-

77 1540 218 1587 tendit
238 1542 314 1586 has
336 1543 517 1586 manus?
539 1560 560 1584 «
583 1545 620 1586 A
643 1543 750 1585 mari
783 1558 920 1602 usque
942 1543 997 1587 ad
1022 1559 1153 1595 mare,
1179 1556 1221 1590 et
1238 1562 1262 1589 a
1283 1548 1456 1591 flumine

81 1631 116 1655 ».
134 1626 273 1672 usque
300 1611 356 1656 ad
380 1612 585 1657 terminos
620 1613 750 1667 orbis,
787 1629 874 1672 quo
900 1614 1136 1672 pervenit5.
1168 1634 1185 1655 »
1217 1617 1336 1660 Unde
1365 1633 1453 1661 non

14 1704 17 1705 ⁷
51 1680 234 1737 ‘frustra
250 1681 418 1728 dictum
443 1693 506 1728 est
531 1702 541 1728 2
571 1702 592 1725 «
615 1686 666 1727 In
680 1683 899 1727 dexteram
918 1694 962 1728 et
987 1685 1200 1730 sinistram
1225 1689 1449 1732 extende⁶.

78 1769 99 1792 »
134 1752 343 1798 Extendit
356 1768 509 1798 manus
526 1768 622 1797 suas
634 1788 645 1808 ,
666 1752 744 1796 sed
762 1752 816 1796 ad
832 1753 971 1796 utilia.
1001 1772 1020 1793 »

133 1825 258 1868 XIII.
288 1843 309 1866 «
329 1825 509 1868 Brachia
529 1838 707 1884 quoque
723 1839 800 1867 sua
820 1823 1006 1867 firmavit
1028 1824 1071 1865 in
1094 1822 1241 1867 fusum
1261 1828 1291 1869 ⁷.
1321 1845 1338 1866 »ι
1361 1830 1455 1872 Non

75 1894 131 1939 ab
148 1892 424 1939 infundendo
447 1913 455 1938 :
478 1894 553 1939 sed
575 1894 619 1938 in
637 1893 748 1938 illud
770 1894 1110 1938 instrumentum
1126 1894 1316 1950 lanificii,
1339 1899 1455 1957 quod

74 1974 230 2009 vocant
246 1965 409 2009 fusum.
430 1967 490 2008 De
503 1964 601 2008 fuso
622 1963 720 2018 isto,
741 1963 864 2023 quod
881 1964 1088 2007 Dominus
1107 1963 1261 2019 donat,
1287 1966 1425 2011 dicam
1443 1989 1452 2013 ;

73 2049 218 2094 neque
235 2035 350 2078 enim
368 2034 448 2078 ista
469 2034 658 2078 lanificia
691 2043 794 2078 sunt
816 2049 839 2077 a
861 2034 959 2077 viris
980 2031 1130 2076 aliena.
1157 2035 1316 2078 Audite
1345 2037 1450 2095 quid

74 2104 128 2149 sit
153 2124 162 2148 ι
186 2124 206 2147 «
232 2105 410 2148 Brachia
433 2119 510 2148 sua
538 2104 726 2148 firmavit
750 2104 794 2147 in
823 2105 984 2148 fusum.
1015 2122 1031 2143 υ
1061 2104 1203 2147 Potuit
1225 2104 1380 2159 dicere,
1407 2108 1450 2151 iu

73 2175 234 2220 colum.
262 2179 293 2220 F
302 2191 426 2220 usum
457 2176 590 2230 dixit,
625 2174 737 2219 forte
759 2190 848 2218 non
882 2174 1054 2217 frustra.
1089 2176 1289 2226 Quamvis
1322 2178 1449 2235 possit

74 2245 232 2300 videri,
257 2261 337 2290 nec
354 2245 542 2290 absurde
565 2244 748 2303 intelligi
778 2244 832 2288 dc
855 2242 950 2288 suso
972 2243 1206 2287 lanificium
1235 2247 1448 2303 significa-

74 2324 190 2371 tum,
218 2317 273 2360 de
300 2315 489 2361 lanificio
515 2315 681 2359 bonum
712 2329 842 2373 opus,
879 2323 1081 2371 tanquam
1112 2322 1237 2357 castae
1261 2315 1447 2361 mulieris

72 2395 117 2430 et
137 2396 346 2431 matronae
363 2372 559 2446 impigrae
572 2395 615 2429 et
638 2384 855 2444 diligentis
875 2403 882 2427 ε
909 2393 1048 2427 tamen
1073 2398 1173 2439 ego,
1192 2384 1444 2437 charissimi,

72 2456 118 2501 in
136 2457 216 2502 isto
237 2457 356 2513 fuso,
381 2456 502 2517 quod
523 2455 720 2515 intelligo
735 2491 745 2511 ,
774 2471 861 2499 non
896 2454 1058 2497 tacebo.
1083 2454 1232 2497 Omnis
1254 2456 1324 2514 qui
1346 2458 1447 2501 vivit

138 2560 145 2576 ¹
170 2556 276 2586 l‘rov..
294 2563 388 2591 xxxi,
423 2557 470 2584 18.
500 2569 541 2575 —
576 2560 587 2574 ²
607 2552 726 2583 Manli.
749 2562 777 2590 v,
814 2551 860 2581 ιζ’».
894 2566 919 2572 -
945 2548 1051 2579 31'21111
1079 2559 1160 2585 xvii,
1183 2559 1234 2589 ¹19.
1257 2566 1294 2572 ›-
1321 2551 1433 2584 4l’mv

73 2620 158 2648 xxxi,
178 2621 224 2650 ¹¹.)-
249 2625 286 2630 —-
309 2607 322 2628 ·'⁶
345 2608 420 2638 l'sal.
449 2619 529 2647 tui,
549 2608 580 2639 8.
601 2624 639 2628 -—
660 2606 674 2627 ⁴¹
702 2608 769 2637 lsai.
793 2617 854 2644 riv,
876 2617 903 2635 ι,
931 2605 1216 2638 ›-7l·1·‹.1x.=xx1.
1242 2616 1289 2645 ¹9·

234 2672 384 2701 cxxiv.
1208 2658 1250 2695 3¹
