1867 3320
0 1273 5 1344 l

0 2292 32 2391 ,ἓι

287 315 610 346 PROPOSITIONES
642 317 697 344 Ex
731 315 928 344 EPISTOLA
961 315 1016 343 An
1048 318 1261 347 noMAixos.
1407 311 1460 349 35

84 402 104 425 »
140 383 244 427 bum
267 381 383 425 enim
412 396 717 426 consummans
735 390 778 424 et
799 381 996 425 brevians
1013 380 1141 427 faciet
1165 385 1373 428 Dominus
1395 402 1464 430 su-

85 473 104 496 »
142 468 218 513 per
236 454 435 497 terram1.
464 470 483 492 »
520 450 713 496 Remotis
736 451 851 495 enim
872 451 1265 497 innumerabilibus
1288 463 1331 498 et
1348 455 1465 500 mul-

84 523 313 584 tiplicibus
338 523 634 576 sacramentis,
665 521 826 581 quibus
856 522 1060 582 judaicus
1091 524 1278 582 populus
1299 539 1467 583 preme-

84 594 233 649 batur,
272 608 348 652 per
371 591 709 636 misericordiam
738 591 815 635 Dei
851 590 1015 636 factum
1042 601 1133 648 est,
1164 603 1215 638 ut
1253 594 1465 640 brevitate

84 664 365 710 confessionis
383 664 484 707 fidei
510 663 565 707 ad
583 663 765 707 salutem
789 663 1127 722 perveniremus.

157 737 359 780 LXVIII.
386 735 516 787 Quod
552 743 697 778 autem
731 733 866 789 dicit,
896 735 1137 779 secundum
1170 737 1469 783 testimonium

84 808 249 878 Moysi.
271 809 400 864 «Ego
417 805 472 850 ad
493 805 818 850 aemulationem
840 821 914 851 vos
937 806 1202 865 perducam
1191 824 1237 852 1n
1258 825 1347 854 non
1370 825 1469 869 gen-

88 896 108 919 »
142 887 253 933 tem,
286 877 332 921 in
361 885 533 935 gentem
568 877 844 935 insipientem
877 877 1057 922 irritabo
1080 883 1186 923 vos²
1200 914 1211 933 ‚
1239 880 1469 926 »dicendo

90 967 109 990 (ι
143 956 314 1006 gentem
332 947 411 990 inst
402 947 637 1006 pientem,
667 965 686 987 »
715 947 911 1006 exposuit
930 947 1038 1007 quid
1061 947 1248 1004 dixerit,
1273 969 1294 992 «
1313 951 1358 994 in
1381 967 1471 996 non

89 1036 108 1060 »
144 1027 343 1077 gentem:
372 1035 391 1058 »
416 1018 539 1077 quasi
562 1017 680 1077 quod
705 1033 784 1062 nec
807 1033 910 1077 gens
945 1019 1129 1063 dicenda
1161 1021 1214 1064 sit
1245 1037 1345 1081 quae
1367 1022 1472 1066 insi-

86 1089 206 1148 piens
232 1098 310 1133 est.
338 1091 400 1132 De
423 1089 545 1147 cujus
579 1097 722 1131 tamen
747 1087 834 1132 fide
850 1089 1109 1133 irritandum
1132 1090 1237 1135 dicit
1256 1092 1471 1151 populum

83 1160 307 1220 judaicum
322 1194 332 1214 ,
355 1159 458 1219 quia
477 1159 540 1202 illi
562 1158 947 1219 apprehenderunt
969 1161 1089 1220 quod
1106 1161 1175 1205 isti
1193 1173 1468 1222 respuerunt.

88 1229 168 1275 Vel
186 1240 302 1274 certe
328 1250 348 1272 «
372 1230 416 1274 in
438 1245 528 1274 non
550 1240 740 1289 gentem,
760 1231 802 1273 in
823 1240 995 1288 gentem
1017 1231 1317 1291 insipientem:
1340 1236 1474 1294 »quia

88 1317 189 1346 cum
211 1311 320 1346 esset
347 1315 451 1360 gens
484 1300 689 1358 insipiens
722 1301 862 1344 omnis
882 1302 1070 1360 populus
1092 1302 1208 1347 idola
1231 1304 1393 1360 colens,
1417 1314 1475 1349 ta-

87 1387 189 1416 men
205 1371 488 1430 gentilitatem
508 1370 726 1415 credcudo
744 1370 959 1430 deposuit.
975 1372 1099 1416 Unde
1114 1372 1224 1417 illud
1240 1375 1370 1419 etiam
1388 1385 1474 1421 est:

94 1463 113 1486 «
151 1443 193 1488 Si
231 1443 363 1502 igitur
397 1441 661 1501 praeputium
694 1442 881 1500 justitias
904 1443 1024 1500 Legis
1051 1444 1290 1500 custodiat,
1327 1461 1475 1490 nonne

92 1532 112 1555 »
147 1513 411 1573 praeputium
445 1512 536 1570 ejus
563 1510 607 1554 in
642 1510 968 1555 circumcisione
997 1511 1346 1571 deputabitur³?
1370 1534 1390 1557 »
1422 1519 1477 1560 Ut

91 1583 144 1628 sit
164 1584 236 1628 hic
256 1597 425 1627 sensus:
446 1584 540 1640 Ego
556 1581 601 1624 in
624 1581 949 1626 aemulationem
971 1598 1046 1627 vos
1063 1582 1278 1628 adducam
1301 1586 1345 1629 in
1363 1602 1474 1641 eam,

91 1669 189 1714 quae
211 1668 299 1698 non
324 1667 426 1710 gens
450 1649 562 1695 saeta
575 1660 654 1705 est,
670 1651 933 1709 deponendo
947 1653 1233 1710 gentilitatem
1248 1670 1324 1713 per
1344 1656 1478 1700 fidem

39 1733 43 1737 '
92 1723 251 1768 Christi
269 1757 278 1776 ,
303 1737 404 1766 cum
427 1720 577 1764 suisset
599 1735 702 1778 gens
724 1721 928 1780 insipiens
947 1721 1134 1766 colendo
1155 1723 1286 1768 idola,

150 1795 307 1838 LXIX.
329 1792 459 1846 Quod
489 1800 633 1835 autem
657 1792 717 1835 ait
742 1810 750 1835 :
775 1810 794 1833 «
820 1794 1045 1852 Numquid
1071 1794 1231 1852 repulit
1250 1797 1365 1840 Deus
1382 1796 1477 1856 ple-

97 1882 116 1906 »
152 1865 252 1908 bem
275 1864 426 1907 suam?
449 1862 587 1906 Absit.
605 1863 712 1906 Nam
735 1870 778 1904 et
800 1875 878 1919 ego
906 1862 1094 1906 Israelita
1117 1879 1228 1918 sum,
1245 1879 1295 1908 ex
1316 1867 1480 1912 semine

98 1953 118 1977 »
152 1935 390 1988 Abraham,
412 1934 467 1977 de
489 1932 605 1976 tribu
628 1933 894 1991 Benjamin⁴,
919 1951 937 1973 »
963 1932 1017 1977 ad
1036 1934 1118 1978 hoc
1144 1934 1345 1991 refertur,
1361 1937 1482 1997 quod

95 2005 290 2064 superius
311 2003 420 2048 dixit
440 2022 448 2047 z
479 2022 498 2044 «
513 2005 609 2048 Non
630 2011 769 2061 potest
791 2011 937 2046 autem
955 2002 1153 2046 excidere
1176 2005 1359 2049 verbum
1385 2008 1477 2050 Dei.

101 2094 120 2119 »
156 2079 251 2122 Non
274 2075 389 2119 enim
418 2089 567 2118 omnes
596 2074 671 2134 qui
690 2083 791 2117 sunt
809 2090 860 2117 ex
879 2075 1007 2118 lsra'el
1029 2110 1040 2131 ,
1062 2076 1104 2118 hi
1123 2085 1225 2119 sunt
1250 2077 1486 2122 Israelitae?

104 2165 124 2189 »
159 2161 301 2206 neque
333 2146 434 2205 quia
465 2154 566 2188 sunt
592 2160 738 2189 semen
761 2144 981 2188 Abraham
998 2180 1009 2200 ,
1030 2160 1178 2189 omnes
1202 2146 1307 2204 filii,
1332 2148 1406 2191 sed
1441 2149 1486 2193 in

106 2236 126 2260 »
163 2221 277 2262 Isaac
303 2216 531 2261 vocabitur
563 2216 638 2260 tibi
668 2231 815 2259 semen
838 2235 845 2259 2
872 2225 921 2259 ut
944 2217 999 2260 de
1033 2218 1123 2275 ipso
1145 2217 1306 2262 scilicet
1325 2219 1487 2278 populo

107 2306 126 2331 »
160 2291 180 2332 ,1
191 2288 413 2332 udaeorum
434 2286 493 2330 illi
518 2287 786 2346 deputentur
804 2287 846 2330 in
865 2302 1028 2341 semen,
1046 2288 1121 2347 qui
1145 2288 1329 2333 Domino
1351 2290 1488 2334 credi-

110 2376 129 2400 »
163 2358 366 2402 derunt-⁵.
396 2378 410 2398 »
442 2360 501 2401 Dc
524 2357 607 2401 hoc
626 2357 728 2400 item
751 2356 857 2400 dicit
878 2358 1103 2416 superius:
1126 2377 1145 2399 «
1173 2358 1385 2419 Reliquiae
1409 2360 1490 2405 sal-

112 2445 131 2470 »
165 2443 230 2473 vae
252 2428 401 2472 fient⁶.
425 2446 443 2468 »

172 2545 179 2560 ¹
201 2540 291 2570 Rom.
314 2548 356 2578 ix,
383 2538 438 2568 28.
459 2553 499 2559 ·-—
525 2543 536 2558 ²
561 2536 607 2567 M.
630 2547 660 2572 x,
686 2546 735 2578 ις),
756 2540 782 2565 vt
813 2537 904 2566 mut.
929 2544 1028 2575 xxxii,
1055 2544 1106 2567 21.
1135 2534 1307 2568 —-³1ton¹.
1331 2550 1362 2575 ιι,
1382 2539 1423 2569 '213
1459 2556 1496 2561 *—

115 2592 191 2627 lild.
213 2606 254 2635 xi,
281 2606 305 2626 ι.
324 2611 364 2616 —-
385 2592 397 2615 ’δ
418 2593 462 2625 ld.
487 2592 719 2633 nx,⁴i,«·1c.»-
742 2592 757 2612 ⁰
779 2591 859 2623 Ibid-
887 2600 939 2631 27.

1322 2648 1359 2684 3.
