1867 3320
291 266 431 298 snmuo
461 269 532 298 xm
545 287 562 309 ,
594 271 649 298 DE
681 271 825 300 vmzms
854 272 1162 305 EchEs1Asr1c1.
1335 270 1415 309 515

48 330 160 377 didit
181 332 456 389 thesaurum,
480 350 569 379 non
590 335 781 395 perdidit
803 338 1024 388 animum?
1045 344 1218 400 Equum
1241 344 1274 387 si
1301 359 1418 388 eme-

46 416 164 457 rem,
190 401 245 446 de
267 404 412 448 tractis
447 407 708 449 ornamentis
742 416 787 450 et
807 416 968 462 strato,
998 410 1164 455 nudum
1197 412 1308 456 forte
1329 429 1417 457 non

46 437 347 532 despicerem3
371 483 415 518 et
445 474 607 519 amicus
627 476 734 518 mihi
772 476 950 521 vestitus
970 477 1155 536 placuit,
1181 481 1414 540 expoliatus

46 539 274 600 displicet?
314 545 432 587 Bene
473 557 574 601 ergo
609 545 804 604 praecipit
847 547 1066 606 Scriptura
1106 548 1249 594 divina
1297 551 1413 594 salu-

43 609 179 656 briter
229 613 409 657 omnino
459 621 502 656 et
550 614 992 660 accommodatissime
1041 618 1233 662 moribus
1281 620 1421 663 homi-

44 695 168 737 num,
206 699 228 724 «
249 681 403 727 Fidem
424 682 595 742 posside
625 698 724 728 cum
760 685 957 743 proximo
984 693 1061 731 tuo
1094 687 1140 730 in
1176 697 1427 747 paupertate

49 768 70 793 »
105 752 252 811 ipsius.
285 770 306 794 »

103 825 164 867 II.
195 841 217 866 «
252 824 310 867 Ut
331 822 513 867 ethonis
526 823 616 883 ejus
630 823 879 883 perfruaris,
903 843 924 867 »
950 825 1065 877 Quid
1081 841 1199 886 ergo,
1215 828 1425 873 acceden-

0 936 2 947 ,
41 900 105 936 tes
119 891 175 936 ad
191 893 473 952 posteriorem
494 903 660 953 partem
681 894 812 954 hujus
840 896 1079 952 sententiae,
1107 897 1237 941 talem
1255 899 1418 957 cogita·

0 956 1 959 ¹
39 961 205 1007 tionem
225 963 486 1007 habebimus
514 963 569 1007 de
587 964 740 1019 amico,
766 974 816 1008 ut
837 964 1029 1010 dicamus
1050 968 1174 1012 nobis
1194 987 1203 1012 :
1228 971 1410 1012 Manen-

0 1022 2 1064 Ῠ
38 1030 146 1076 dum
173 1040 238 1076 est
266 1047 368 1076 cum
397 1032 474 1076 illo
495 1042 539 1076 et
561 1033 769 1078 servanda
792 1032 856 1077 illi
878 1034 983 1079 fides
1005 1045 1068 1080 est
1100 1037 1144 1080 in
1166 1047 1419 1096 paupertate

0 1114 5 1163 ζ
34 1103 141 1162 ejus,
152 1112 203 1147 ut
214 1111 258 1147 et
271 1102 396 1164 bonis
407 1103 498 1162 ejus
513 1103 814 1162 perfruamur?
829 1105 923 1149 Erit
934 1106 1050 1149 enim
1065 1106 1182 1150 dives
1196 1108 1272 1167 qui
1288 1107 1418 1152 modo

0 1171 5 1230 ’ᾗ
36 1187 203 1233 pauper
233 1182 322 1228 est,
366 1182 409 1218 et
439 1188 531 1217 non
566 1182 610 1217 te
641 1174 841 1218 admittet
874 1175 929 1218 ad
960 1174 1127 1219 divitias
1149 1192 1260 1231 ειυς,
1287 1180 1406 1236 cujus

0 1262 7 1304 s
36 1252 338 1302 paupertatem
361 1243 575 1303 superbus
597 1252 723 1287 antea
746 1242 963 1287 fastidisti.
1001 1245 1173 1289 Posside
1194 1261 1296 1305 ergo
1317 1262 1416 1291 cum

0 1341 7 1404 ἶ
37 1312 114 1358 illo
135 1313 290 1370 fidem,
321 1314 453 1358 etiam
475 1329 577 1358 cum
605 1329 769 1373 pauper
790 1323 874 1369 est,
905 1323 954 1358 ut
982 1325 1024 1359 et
1057 1316 1178 1360 bonis
1201 1318 1290 1376 ejus
1312 1333 1412 1377 per-

0 1349 425 1444 {fruaris,qi1ando
444 1383 507 1427 illi
527 1393 796 1428 accesserunt
818 1384 1000 1439 divitiae,
1026 1395 1183 1430 etcum
1213 1387 1286 1431 illo
1310 1403 1417 1446 gau-

1 1453 139 1498 deas
174 1454 221 1499 in
261 1455 336 1498 eis
372 1454 548 1498 Posside
580 1470 681 1498 cum
716 1453 792 1498 illo
828 1453 994 1499 fidem:
1026 1470 1188 1515 pauper
1222 1466 1307 1512 est,
1341 1458 1416 1502 sed

0 1515 9 1569 Ῐ
37 1539 239 1583 magnam
259 1524 570 1584 possessionem
588 1524 720 1569 habet
741 1524 885 1568 fidem.
912 1525 996 1578 Qui
1020 1527 1196 1585 parabas
1219 1543 1317 1571 cum
1334 1527 1410 1572 illo

0 1577 4 1610 ¹
37 1603 82 1639 et
108 1593 286 1639 volebas
323 1594 541 1654 possidere
579 1603 760 1649 terram,
798 1595 831 1638 si
863 1594 1042 1640 haberet
1079 1605 1260 1651 terram,
1286 1612 1417 1656 quam

6 1658 7 1662 ¹
35 1664 311 1724 possideretis
349 1665 499 1719 simul,
537 1674 699 1725 quanto
722 1664 888 1708 firmius
921 1680 1022 1709 cum
1052 1666 1125 1710 illo
1149 1666 1336 1724 possides
1360 1667 1413 1708 fi-

37 1734 169 1779 dem?
191 1733 303 1779 Talis
318 1742 383 1778 est
405 1734 520 1778 enim
540 1734 649 1777 forte
667 1736 828 1776 amicus
844 1741 964 1787 tuus,
988 1742 1037 1776 ut
1054 1736 1091 1776 ei
1112 1735 1238 1792 possit
1261 1734 1412 1794 aliquis

36 1805 261 1865 improbus
283 1803 453 1848 auferre
474 1803 784 1862 possessionem
805 1818 816 1845 .·
841 1802 1055 1862 numquid
1077 1804 1412 1862 poteritauferre

36 1874 194 1919 fidem?
230 1873 342 1928 Quid
366 1883 430 1918 est
451 1888 575 1931 ergo,
614 1891 635 1914 «
672 1874 729 1916 Ut
750 1880 792 1915 et
820 1872 942 1916 bonis
976 1873 1066 1930 ejus
1100 1874 1357 1931 perh-uaris?
1393 1891 1412 1912 »

36 1945 198 2005 Utique
228 1945 330 2005 quia
357 1959 410 1987 ex
434 1958 622 2003 paupere
643 1943 803 2002 poterit
824 1943 914 1985 fieri
947 1941 1085 1995 dives,
1119 1951 1160 1985 et
1185 1943 1413 2001 perfrueris

18 2015 196 2060 -divitiis
212 2016 319 2075 ejus,
335 2014 438 2074 quia
461 2015 551 2072 ejus
574 2021 875 2072 paupertatem
890 2027 976 2055 non
997 2021 1246 2070 aspernatus
1269 2029 1327 2056 vs.

95 2088 177 2131 111.
218 2086 341 2130 Prior
370 2084 550 2144 quidem
592 2098 690 2142 pars
729 2084 952 2127 sententiae
985 2083 1132 2142 hujus,
1177 2085 1413 2128 secundum

37 2156 169 2202 istum
208 2155 481 2200 intellectum
520 2153 800 2213 popularem,
837 2152 975 2212 placet
1015 2154 1115 2196 mihi
1154 2173 1162 2198 ;
1204 2156 1412 2213 posterior

38 2236 206 2283 tamen,
244 2225 400 2282 fateor,
443 2224 630 2270 offendit
664 2239 748 2268 me.
794 2223 835 2268 Si
868 2224 980 2267 enim
1018 2234 1237 2283 propterca
1269 2241 1412 2270 manes

38 2313 139 2343 cum
166 2298 305 2342 amico
328 2298 373 2341 in
408 2304 660 2356 paupertate
701 2296 793 2354 ejus
823 2303 870 2337 ut
903 2293 1077 2353 quando
1109 2294 1227 2337 dives
1261 2295 1409 2346 fucrit,

38 2366 272 2430 perfruaris
310 2367 468 2412 divitiis
507 2368 597 2425 ejus
623 2386 634 2422 3
659 2365 802 2409 adhuc
831 2379 916 2407 uon
940 2364 1147 2416 amicum,
1187 2365 1261 2408 scd
1295 2365 1410 2410 aliud

38 2439 204 2501 aliquid
219 2455 334 2484 amas
349 2440 390 2482 in
410 2438 561 2482 amico.
591 2436 718 2480 Fidcs
736 2445 778 2479 ct
793 2451 884 2494 spes
901 2434 998 2477 (lum
1013 2435 1161 2478 amicae
1177 2435 1299 2478 bonu·
1313 2446 1409 2479 sunt

39 2521 83 2556 et
105 2512 240 2571 major
262 2511 326 2555 his
348 2509 547 2555 charitas.
589 2526 607 2548 «
635 2510 832 2559 Manent,
860 2506 999 2565 inquit
1046 2506 1295 2564 Apostolus,
1338 2509 1413 2551 tria

42 2600 62 2626 n
95 2583 212 2639 haec,
238 2582 366 2638 fides,
403 2596 499 2641 spes
526 2588 569 2624 et
592 2579 777 2623 charitas·
803 2598 813 2633 3
838 2578 970 2636 major
999 2587 1141 2621 autum
1178 2579 1329 2622 horum
1354 2592 1414 2623 est

1194 2651 1257 2688 3³.
