1924 3309
476 272 558 309 358
916 279 950 309 s.
985 278 1216 308 Aucusnm
1247 277 1429 306 Emscom

463 347 604 391 ,etiam
621 345 695 391 illa
717 348 927 392 ventura?
943 344 1128 399 Quando
1148 343 1376 388 dicebatur
1388 342 1581 388 Ecclesia
1603 343 1763 389 Christi
1785 343 1857 388 fu-

474 426 571 462 tura
599 433 677 477 per
704 427 847 462 totum
869 418 1021 462 orbem
1044 425 1258 460 terrarum
1273 449 1284 468 ,
1310 413 1539 459 dicebatur
1560 429 1584 458 a
1605 414 1779 473 paucis3
1814 424 1858 459 et
1922 452 1924 454 .

472 486 696 532 ridebatur
717 503 741 532 a
764 486 925 531 multis.
954 483 1087 531 Modo
1102 486 1194 545 jam
1216 484 1445 543 impletum
1467 493 1531 528 est
1548 519 1560 540 ,
1584 484 1706 545 quod
1733 493 1857 529 tanto

472 567 573 603 ante
588 558 847 618 praedictum
864 556 1119 601 estzdiffusa
1145 563 1208 598 est
1227 553 1418 599 Ecclesia
1444 569 1521 613 per
1542 563 1685 599 totum
1707 555 1857 600 orbem

474 638 700 673 terrarum.
725 632 839 673 Ante
867 625 998 671 millia
1020 641 1235 671 annorum
1264 626 1524 685 promissum
1548 633 1612 670 est
1634 626 1823 670 Abrahae
1845 645 1854 670 ε

476 718 496 741 «
533 702 584 742 In
619 699 780 742 semine
811 706 889 741 tuo
920 696 1238 741 benedicentur
1265 710 1414 740 omnes
1449 704 1597 754 gentes
1616 697 1648 739 1.
1676 714 1697 736 »
1727 696 1859 740 Venit

472 769 669 814 Christus
703 783 755 811 ex
777 767 939 811 semine
975 765 1162 811 Abrahae
1182 802 1193 822 ⁷
1229 765 1473 811 benedictae
1494 774 1597 810 sunt
1618 766 1664 810 in
1685 766 1857 814 Christo

464 840 554 899 jam
577 853 725 882 omnes
754 846 917 897 gentes.
947 837 1159 882 Praedicta
1181 846 1283 882 sunt
1304 838 1533 882 schismata
1550 872 1561 892 ‚
1593 846 1638 881 et
1674 838 1857 881 haereses

470 907 632 961 futurae
659 927 668 952 :
688 906 886 952 videmus
907 906 997 952 illa.
1022 907 1246 952 Praedictae
1268 916 1371 952 sunt
1391 907 1712 966 persecutiones
1735 926 1744 952 z
1769 905 1859 951 fac-

473 987 527 1022 tae
547 987 650 1022 sunt
670 993 695 1021 a
716 979 890 1037 regibus
909 978 1152 1023 colentibus
1171 977 1304 1022 idola.
1333 981 1416 1022 Pro
1436 978 1538 1037 ipsis
1560 977 1858 1039 idolis-adver-

471 1064 542 1093 sus
575 1063 737 1093 nomen
758 1049 918 1093 Christi
941 1049 1104 1108 repleta
1128 1058 1191 1093 est
1212 1059 1326 1093 terra
1343 1048 1625 1106 Martyribus.
1654 1051 1858 1108 Sparsum

473 1128 537 1163 est
558 1134 705 1162 semen
735 1120 955 1178 sanguinis
970 1154 980 1173 ,
1002 1119 1184 1163 surrexit
1208 1134 1324 1177 seges
1346 1119 1564 1163 Ecclesiae.
1590 1121 1678 1164 Nec
1701 1118 1859 1164 frustra

470 1190 609 1234 oravit
630 1188 820 1232 Ecclesia
840 1204 919 1248 pro
940 1189 1124 1233 inimicis
1150 1190 1235 1233 suis
1257 1208 1266 1234 z
1291 1188 1573 1233 crediderunt
1596 1198 1639 1233 et
1660 1189 1737 1249 qui
1756 1204 1858 1248 per-

470 1259 782 1318 sequebantur.
806 1258 1070 1302 Praedictum
1101 1267 1165 1302 est
1187 1259 1317 1302 etiam
1333 1294 1344 1313 ‚
1368 1260 1471 1318 quia
1487 1259 1578 1318 ipsa
1599 1258 1715 1304 idola
1737 1258 1861 1304 ever—

470 1330 604 1374 tenda
627 1339 769 1373 essent
791 1345 867 1389 per
891 1345 1052 1375 nomen
1089 1330 1250 1375 Christi
1272 1349 1281 1375 ε
1308 1345 1409 1374 nam
1442 1339 1485 1374 et
1507 1331 1591 1375 hoc
1615 1331 1860 1376 invenimus

470 1400 517 1443 in
541 1399 787 1459 Scripturis.
805 1402 919 1444 Ante
941 1415 1102 1459 paucos
1127 1415 1263 1451 annos
1285 1400 1519 1445 Christiani
1540 1399 1614 1445 illa
1635 1400 1856 1460 legebant,

472 1480 516 1514 et
543 1486 633 1514 non
660 1471 899 1528 videbant3
936 1471 1079 1514 adhuc
1115 1470 1264 1515 futura
1292 1471 1366 1515 illa
1402 1468 1710 1531 expectabant,
1736 1481 1779 1516 et
1800 1473 1860 1517 sic

471 1540 674 1584 abierunt
700 1559 709 1584 z
735 1556 825 1584 non
857 1540 931 1584 illa
957 1539 1163 1585 viderunt
1181 1576 1191 1595 ‚
1223 1540 1298 1584 sed
1321 1550 1467 1584 tamen
1496 1541 1719 1585 credentes
1739 1541 1860 1601 quod

470 1611 621 1655 futura
650 1621 814 1666 essent,
842 1626 943 1655 cum
966 1610 1053 1655 fide
1082 1611 1286 1656 abierunt
1318 1612 1374 1656 ad
1402 1613 1638 1656 Dominum
1663 1632 1674 1658 ι
1706 1614 1860 1658 nostris

471 1682 741 1740 temporibus
765 1683 895 1725 etiam
918 1682 1010 1740 ipsa
1032 1691 1288 1726 cernuntur.
1323 1683 1478 1726 Omnia
1508 1699 1607 1743 quae
1628 1692 1729 1727 ante
1747 1699 1861 1743 prae-

472 1752 589 1796 dicta
621 1760 723 1795 sunt
752 1751 806 1795 de
828 1751 1042 1806 Ecclesia,
1068 1752 1268 1796 videmus
1294 1753 1473 1810 impleta
1496 1754 1647 1798 :solus
1668 1754 1758 1798 dies
1784 1755 1860 1814 ju·-

471 1822 572 1866 dicii
601 1837 690 1866 non
712 1831 774 1865 est
796 1824 1036 1866 venturus?
1057 1825 1154 1881 Ipse
1180 1822 1295 1866 solus
1323 1823 1670 1882 praenuntiatur,
1705 1833 1748 1868 et
1770 1840 1861 1869 non

471 1892 648 1937 veniet?
673 1894 817 1951 Usque
842 1891 951 1935 adeo
973 1906 1122 1934 sumus
1144 1891 1243 1935 duri
1264 1901 1308 1936 et
1334 1891 1494 1951 lapidei
1527 1893 1668 1938 cordis
1688 1928 1699 1948 ,
1723 1903 1774 1938 ut
1793 1894 1859 1938 le-

471 1976 622 2019 gamus
646 1961 906 2019 Scripturas,
933 1970 976 2004 et
996 1960 1219 2005 videamus
1242 1962 1386 2006 omnia
1405 1977 1579 2022 prorsus
1599 1963 1655 2006 ad
1671 1962 1859 2008 litteram

470 2032 661 2077 evenisse
685 2047 783 2091 quae
815 2031 973 2090 scripta
996 2040 1121 2086 sunt,
1156 2041 1198 2075 et
1220 2031 1275 2076 de
1298 2033 1364 2076 his
1386 2048 1485 2092 quae
1509 2043 1736 2078 remanent
1758 2034 1858 2079 des-

470 2104 703 2161 peremus?
732 2106 951 2155 Quantum
978 2111 1042 2146 est
1065 2102 1181 2145 enim
1209 2103 1331 2162 quod
1353 2113 1572 2158 remanet;
1597 2103 1652 2148 ad
1682 2119 1730 2149 ea
1759 2121 1858 2165 quae
1922 2093 1924 2135 Ῐ

471 2176 556 2233 jam
577 2173 703 2217 nobis
720 2173 909 2217 exhibita
932 2173 1159 2218 videmus?
1175 2168 1288 2218 Tam'
1301 2173 1427 2233 plura
1450 2177 1564 2219 Deus
1586 2174 1790 2231 ostendit,
1815 2184 1858 2224 et

469 2243 526 2288 de
548 2243 721 2288 residuo
738 2259 817 2289 nos
839 2243 1119 2288 fraudaturus
1140 2247 1236 2288 est?
1253 2246 1410 2289 Veniet
1426 2245 1642 2305 judicium
1659 2245 1858 2291 redditu·-

470 2330 568 2358 rum
589 2330 668 2373 pro
691 2315 877 2371 meritis,
902 2315 1027 2360 bonis
1052 2315 1186 2371 bona,
1208 2315 1331 2360 malis
1353 2316 1481 2361 mala.
1508 2317 1617 2361 Boni
1639 2317 1788 2372 simus,
1813 2325 1856 2362 et

473 2385 611 2429 securi
627 2385 821 2445 judicem
844 2395 1134 2446 expectemus.

552 2457 605 2498 V.
646 2458 816 2500 Fratres
849 2457 957 2512 mei,
997 2457 1183 2500 maxime
1205 2472 1323 2500 nunc
1345 2456 1562 2502 dicentem
1596 2472 1666 2501 me
1687 2456 1849 2501 audite.

471 2524 583 2570 Nolo
614 2534 758 2569 tecum
792 2536 1046 2587 computare
1078 2527 1295 2586 praeterita
1325 2546 1332 2571 :
1369 2528 1423 2571 ab
1456 2527 1670 2573 hodierno
1703 2526 1775 2572 die
1810 2536 1852 2571 te
1917 2517 1924 2556 Ὗ

526 2616 533 2631 ¹
554 2614 631 2642 tion.
651 2621 729 2649 xxti,
750 2611 800 2645 18:
