1867 3320
347 176 484 205 smnio
520 178 657 217 xxix,
694 183 746 207 1>ss
785 174 797 207 l
838 184 962 212 verast
1000 189 1146 216 ιἐΑωιι
1179 194 1306 218 mxu.
1426 182 1504 221 <1123

139 353 179 370 ων
184 353 603 370 vuumumwwwvumw
606 355 743 373 mauu.
746 358 806 375 »ua
816 360 881 375 wu
886 360 1022 377 mmmm
1027 363 1161 380 wuwn
1165 365 1298 384 kum
1302 370 1507 388 wasnaum

598 482 825 531 SERMO
875 489 1027 536 XXIX
1039 492 1067 534 ¹.

140 647 201 688 De
228 652 244 688 1
287 659 412 689 versu
436 642 592 689 Psalmi
616 663 733 689 cxvu
756 665 764 691 ε
803 647 1106 710 Cotffitemim'
1130 651 1366 711 Domino,
1403 674 1510 714 quo-

624 717 758 762 niam
781 717 928 765 bonus
952 733 1034 767 est.

294 876 438 911 Habitus
455 876 653 919 Carthagine
665 901 675 919 ‚
696 877 730 910 in
751 877 880 913 basilica
895 882 1055 916 Restituta
1068 908 1078 926 ,
1093 883 1146 918 die
1163 886 1368 921 Pentecoste>

731 937 765 970 in
786 938 928 980 Vigiliis,

199 1086 233 1126 l.
264 1085 490 1127 ΑυΜοΜΤι
512 1097 663 1127 sumus
681 1117 691 1138 ,
718 1091 761 1126 et
788 1083 948 1143 Spiritu
970 1086 1044 1129 Dei
1068 1097 1334 1148 praeceptum
1355 1099 1416 1135 est
1434 1107 1514 1136 no-

139 1154 205 1199 bis
220 1189 231 1210 ,
254 1163 305 1198 ut
325 1155 612 1199 confiteamur
636 1154 823 1199 Domino
851 1175 859 1200 :
885 1165 927 1200 et
948 1172 996 1201 ea
1018 1173 1140 1202 causa
1162 1159 1274 1205 dieta
1297 1171 1357 1205 est
1378 1164 1514 1207 confi-

139 1224 261 1269 tendi
279 1225 488 1281 Domino,
511 1225 720 1285 quoniam
743 1225 885 1271 bonus
902 1236 978 1271 est.
1000 1230 1189 1273 Breviter
1210 1231 1381 1287 dicitur,
1397 1234 1512 1292 quod

138 1295 477 1357 profundissime
491 1297 724 1356 cogitatur.
750 1315 769 1339 «
789 1298 1083 1354 Confitemini,
1103 1301 1258 1361 inquit,
1284 1305 1512 1348 Dominom

138 1370 195 1412 Et
213 1377 424 1428 tanquam
447 1382 766 1429 quaereremus,
791 1384 924 1428 quare
949 1388 957 1413 :
979 1385 1228 1429 responsum
1250 1382 1339 1427 est,
1364 1394 1383 1415 «
1404 1391 1515 1434 quo-

142 1457 161 1479 »
199 1439 318 1483 niam
339 1439 483 1484 bonus
505 1448 583 1483 est.
614 1457 634 1480 »
661 1439 775 1493 Quid
792 1439 889 1499 plus
911 1440 1066 1500 quaeris
1084 1476 1095 1496 ,
1116 1451 1190 1486 aut
1210 1443 1242 1485 si
1265 1442 1377 1487 aliud
1398 1460 1517 1503 quae-

139 1508 211 1565 ris,
229 1524 363 1570 quam
385 1510 579 1554 bonum?
596 1512 733 1554 Tanta
755 1510 818 1554 vis
840 1519 901 1554 est
924 1511 1043 1566 honi,
1070 1521 1118 1555 ut
1141 1513 1302 1557 bonum
1324 1524 1516 1573 quaerant

139 1589 182 1624 et
204 1579 322 1626 mali.
347 1579 432 1626 Sed
454 1580 537 1625 alia
558 1596 658 1641 quae
681 1580 890 1626 dicuntur
907 1581 1020 1626 bona
1036 1617 1046 1637 ‚
1069 1583 1123 1627 ab
1142 1582 1286 1643 aliquo
1306 1585 1419 1630 bono
1439 1586 1515 1629 ha-

139 1651 247 1697 bent
268 1661 318 1697 ut
334 1652 421 1696 sint
443 1652 558 1697 bona
581 1671 591 1698 2
609 1652 643 1696 si
661 1661 808 1697 autem
831 1652 1063 1712 quaerimus
1086 1654 1229 1698 omnia
1251 1654 1363 1698 bona
1387 1672 1409 1699 a
1431 1672 1517 1714 quo

138 1724 306 1768 habent
325 1732 377 1768 ut
411 1725 497 1768 sint
519 1724 664 1781 bona3
698 1722 941 1767 recolamus
972 1723 1092 1782 quod
1112 1724 1275 1768 dietum
1299 1734 1360 1769 est
1385 1745 1392 1769 ε
1421 1746 1439 1767 «
1465 1729 1518 1770 Et

142 1815 162 1838 »
198 1793 301 1840 fecit
323 1798 437 1840 Deus
460 1793 606 1839 omnia
623 1829 633 1849 ‚
660 1803 704 1838 et
731 1809 831 1838 eece
855 1794 969 1838 bona
992 1793 1116 1838 valde
1131 1796 1161 1838 ².
1190 1813 1209 1835 »
1235 1795 1412 1840 Nullum
1444 1798 1519 1855 igi-

139 1876 212 1912 tur
248 1875 358 1911 esset
394 1866 587 1921 bonum,
625 1864 708 1910 nisi
735 1863 900 1909 factum
933 1875 1040 1909 esset
1077 1881 1100 1909 a
1124 1865 1253 1910 bono.
1282 1869 1336 1910 Et
1358 1883 1378 1910 a
1403 1867 1518 1926 quali

140 1938 289 1984 bono?
311 1936 441 1992 Quod
458 1936 605 1981 nullus
627 1935 746 1981 fecit.
771 1936 950 1981 Nullum
973 1952 1073 1996 ergo
1096 1937 1259 1981 bonum
1285 1948 1413 1992 esset,
1440 1941 1517 1982 nisi

140 2026 165 2054 a
188 2010 306 2055 bono
328 2009 497 2054 lactum
517 2017 654 2064 esset,
680 2007 801 2068 quod
823 2006 984 2053 factum
1006 2023 1092 2052 non
1121 2018 1195 2052 est.
1224 2010 1390 2052 Bonum
1425 2027 1514 2053 cu»-

139 2081 232 2126 lum
250 2116 261 2137 ‚
286 2079 362 2126 sed
390 2081 556 2125 tactum
579 2080 746 2124 bonum
773 2099 784 2125 2
812 2080 915 2125 boni
944 2079 1093 2138 Angeli
1111 2115 1121 2134 ‚
1153 2080 1226 2123 sed
1249 2079 1346 2124 sacti
1381 2080 1479 2123 boni
1505 2100 1512 2124 :

139 2154 257 2198 bona
278 2152 438 2207 sidera,
469 2151 534 2197 sol
556 2161 598 2196 et
620 2152 724 2196 luna
743 2187 754 2207 ‚
781 2151 1006 2196 alternatio
1027 2151 1162 2195 noctis
1193 2160 1234 2195 et
1263 2151 1372 2204 diei,
1408 2161 1515 2195 tem-

143 2239 301 2285 porum
329 2224 443 2268 vices
462 2258 471 2278 ‚
511 2221 734 2267 volumina
772 2222 1027 2267 saeculorum
1045 2257 1055 2275 ‚
1091 2237 1236 2265 cursus
1273 2237 1482 2265 annorum
1501 2258 1510 2272 ,

144 2296 338 2356 germina
369 2295 604 2339 herbarum
628 2303 670 2338 et
701 2294 930 2348 arborum,
969 2302 1132 2336 naturae
1165 2292 1438 2342 animalium,
1474 2304 1514 2336 ct

140 2367 253 2411 inter
277 2367 372 2411 haec
395 2367 540 2411 omnia
562 2374 756 2411 creatura
785 2364 996 2409 laudatrix
1018 2364 1175 2418 hon103
1209 2364 1347 2407 omnia
1379 2364 1485 2406 bona
1501 2399 1510 2408 .

141 2438 216 2482 sed
239 2436 352 2482 facta
375 2438 520 2495 bona3
554 2446 597 2481 et
618 2453 640 2480 a
664 2439 753 2480 Deo
778 2436 910 2489 bona,
937 2450 1022 2478 non
1046 2450 1067 2477 ει
1089 2451 1145 2476 ευ.
1169 2434 1250 2485 Qui
1275 2434 1368 2477 l'ceit
1394 2436 1482 2476 lm·
1503 2470 1510 2481 ,

190 2541 196 2558 ¹
220 2535 303 2567 Alias
322 2535 362 2567 tlt:
381 2535 516 2566 Divvrsis
537 2534 566 2566 3.
589 2550 626 2556 -—
651 2540 662 2556 ²
679 2536 757 2564 (ἑο-ιι,
781 2544 801 2572 ι,
830 2534 880 2563 ζὶι.
