1924 3309
486 282 570 322 214
922 295 954 321 s.
991 292 1222 321 Aucusnm
1254 293 1437 321 Emscom

486 360 652 403 vicatus
686 367 730 402 ct
758 358 971 418 superbus
993 366 1306 402 murmurasset
1327 356 1530 402 adversus
1548 360 1688 402 Deum
1703 392 1714 413 ‚
1741 358 1873 418 coepit
1920 386 1924 396 ·

488 429 679 475 morderi
710 446 733 474 a
761 429 1032 489 serpentibus
1050 462 1061 483 ‚
1087 436 1132 472 et
1150 428 1252 487 ipsis
1272 429 1486 473 morsibus
1506 428 1676 473 cadere.
1706 428 1873 474 Miseri·
1915 433 1924 482 ζ

486 500 635 547 cordia
663 516 740 545 sua
774 501 896 545 dedit
926 503 1039 544 Deus
1070 498 1333 555 remedium,
1357 501 1478 560 quod
1499 499 1742 544 remedium
1760 515 1874 560 prae·
1918 505 1924 547 :2

487 581 656 617 sentem
678 571 856 631 quidem
877 570 1105 614 sanitatem
1127 569 1358 625 afferebat,
1383 569 1458 614 sed
1484 570 1680 615 futuram
1709 571 1872 631 sapien·-
1916 589 1924 626 :3

488 645 595 689 tiam
614 641 894 703 praedicabat.
907 641 980 686 Ait
995 640 1160 698 Moysi:
1177 659 1197 683 «
1210 642 1435 701 Suspende
1446 650 1692 700 serpentem
1707 656 1876 688 aeneum
1916 655 1924 688 ε

490 733 512 757 »
546 715 594 758 in
620 713 764 758 media
800 727 946 757 eremo
969 711 1014 756 in
1034 711 1178 771 ligno,
1211 720 1254 755 et
1285 710 1354 756 dic
1385 710 1550 771 populo
1569 746 1580 767 ‚
1603 712 1878 773 Quicumque
1917 718 1924 758 ἱ

491 805 512 830 ))
547 786 679 830 fuerit
696 800 938 846 perCUSSUS‚
957 792 1201 843 serpentem
1219 783 1350 828 istum
1364 783 1601 828 intueatur,
1617 786 1674 828 Et
1690 785 1879 844 percussi
1919 802 1924 830 ἑ

424 868 435 875 ·
489 875 512 899 »
546 857 746 901 homines
763 856 1052 900 intuebantur
1077 863 1322 914 serpentem
1339 889 1350 910 ‚
1371 863 1415 899 et
1436 854 1750 900 sanabantur1.
1778 872 1799 896 »
1825 858 1880 902 Et
1914 858 1924 903 i

490 936 719 972 attestatur
742 927 952 972 Dominus
971 927 1017 970 in
1035 925 1272 983 Evangelio
1290 924 1367 969 tali
1391 925 1531 985 signo.
1553 928 1664 972 Nam
1682 941 1783 970 cum
1801 926 1878 973 Ni·
1916 931 1919 946 ³

490 1000 674 1045 codemo
690 998 946 1058 loqueretur
962 1033 974 1054 ‚
1000 998 1060 1042 ait
1080 1016 1090 1043 :
1119 1015 1139 1039 «
1157 997 1278 1042 Sicut
1298 999 1471 1055 Moyses
1493 996 1695 1042 exaltavit
1712 1012 1879 1057 serpen·
1915 1018 1919 1040 ι

493 1090 515 1114 »
550 1080 640 1115 tem
662 1071 708 1113 in
731 1071 903 1114 deserto
920 1105 931 1125 ‚
952 1069 1012 1113 ita
1029 1068 1208 1113 exaltari
1225 1077 1397 1128 oportet
1414 1067 1574 1112 Filium
1591 1068 1781 1112 hominis
1799 1089 1810 1126 3
1835 1077 1882 1114 ut
1919 1088 1921 1090 ·

497 1159 519 1184 »
556 1141 696 1185 omnis
718 1141 796 1200 qui
818 1139 957 1184 credit
973 1139 1019 1183 in
1039 1154 1162 1195 eum,
1182 1154 1269 1183 non
1294 1147 1456 1198 pereat,
1482 1138 1557 1183 sed
1578 1138 1739 1182 habeat
1751 1139 1898 1183 vitam.

499 1231 521 1254 >›
557 1220 764 1255 aeternam
779 1214 811 1254 2.
841 1228 860 1252 »
890 1210 974 1255 Sed
1003 1211 1087 1254 hoc
1109 1223 1194 1265 est,
1219 1210 1489 1269 quicumque
1511 1223 1737 1268 percussus
1757 1189 1903 1255 suerit⁶

493 1300 517 1328 a
540 1282 815 1341 serpentibus
832 1289 1130 1340 peccatorum,
1150 1280 1369 1325 Christum
1388 1281 1627 1333 intueatur,
1643 1288 1687 1323 et
1706 1278 1883 1325 habebit

493 1354 721 1398 sanitatem
736 1353 783 1396 in
804 1352 1099 1397 remissionem
1122 1361 1418 1411 peccatorum.
1444 1353 1561 1410 Ergo
1575 1385 1586 1407 ,
1607 1349 1776 1406 fratres,
1796 1351 1883 1411 ipsa

495 1434 559 1469 est
579 1423 843 1479 mortalitas,
869 1439 968 1483 quae
985 1432 1182 1482 suscepta
1199 1432 1264 1466 est
1287 1438 1310 1467 a
1332 1423 1536 1477 Domino,
1562 1437 1694 1482 quam
1716 1436 1883 1467 necesse
1906 1434 1924 1484 -3

496 1505 561 1540 est
582 1496 743 1539 habere
765 1509 923 1553 corpus
944 1494 1051 1554 ejus,
1069 1494 1192 1553 cujus
1213 1501 1277 1537 est
1294 1501 1427 1552 caput
1448 1493 1581 1537 homo
1603 1493 1649 1536 in
1670 1491 1800 1536 coelo.
1823 1491 1924 1538 ital!

497 1566 690 1612 Ecclesia
723 1565 1035 1610 mortalitatem
1067 1565 1228 1619 habet,
1265 1562 1387 1623 quod
1406 1562 1567 1607 vulnus
1588 1563 1806 1607 inflictum
1827 1570 1884 1608 est

499 1653 578 1698 per
599 1637 846 1681 suasionem
872 1636 1098 1694 serpentis.
1118 1635 1337 1678 Debemus
1364 1633 1480 1677 enim
1505 1642 1689 1678 mortem
1713 1641 1902 1692 peccato,
1922 1650 1924 1676 :

501 1708 631 1768 primi
652 1707 839 1751 hominis
860 1725 869 1750 ι
896 1705 972 1749 sed
994 1720 1071 1764 per
1095 1720 1190 1748 eam
1215 1705 1271 1748 ad
1287 1703 1421 1749 vitam
1442 1704 1743 1763 perveniemus
1762 1695 1924 1777 aeter-{c

502 1794 621 1833 nam,
639 1794 716 1837 per
728 1780 751 1821 J
756 1791 876 1821 esum
889 1775 1111 1821 Christum
1123 1775 1358 1819 Dominum
1376 1784 1590 1818 nostrum.
1610 1774 1694 1819 Sed
1714 1772 1886 1835 quando
1922 1826 1924 1841 Λ

499 1850 620 1894 venit
642 1848 697 1892 ad
719 1848 854 1893 vitam
869 1882 879 1901 ‚
903 1856 947 1890 et
967 1846 1082 1890 redit
1102 1845 1158 1889 ad
1179 1846 1396 1904 regnum?
1420 1848 1472 1889 In
1488 1846 1575 1889 fine
1597 1846 1758 1890 saeculi.
1783 1780 1902 1905 Nam-i
1921 1847 1924 1892 i

502 1921 602 1965 ideo
624 1918 810 1964 caudam
833 1917 975 1961 tenuit
989 1951 1001 1972 ,
1026 1916 1103 1960 ubi
1132 1917 1229 1960 finis
1251 1925 1314 1960 est
1328 1951 1340 1971 ‚
1366 1925 1416 1960 ut
1438 1915 1494 1960 ad
1514 1916 1744 1976 pristinum
1767 1911 1924 1972 revo-li

502 2000 634 2036 caret.

560 2064 684 2108 VIII.
712 2059 825 2114 Quid
846 2058 921 2104 illa
950 2060 1138 2103 manus?
1167 2059 1348 2104 Certum
1371 2067 1436 2102 est
1457 2059 1558 2119 quia
1582 2067 1626 2104 et
1645 2058 1720 2104 illa
1741 2072 1887 2103 manus
1920 2095 1924 2118 ,

501 2133 719 2195 populum
741 2132 886 2191 ipsum
909 2130 1136 2189 significat.
1166 2130 1292 2175 Sinus
1312 2130 1501 2174 hominis
1523 2130 1630 2190 quid
1651 2132 1745 2174 est?
1769 2129 1888 2175 Sinus
1919 2121 1924 2160 i

503 2206 647 2263 Moysi
674 2213 887 2249 secretum
912 2202 1002 2246 Dei.
1028 2203 1141 2245 Cum
1159 2210 1270 2245 esset
1290 2201 1423 2245 homo
1444 2201 1489 2244 in
1512 2210 1678 2245 secreto
1695 2201 1773 2246 Dei
1792 2236 1803 2256 ,
1826 2200 1899 2253 iti—5
1921 2218 1924 2242 ι

504 2276 689 2321 columis
713 2283 819 2328 erat,
841 2282 884 2317 et
902 2273 1020 2317 bono
1042 2270 1201 2315 colore.
1224 2271 1337 2315 Exiit
1354 2287 1378 2315 a
1400 2281 1565 2316 secreto
1588 2271 1681 2325 Dei,
1701 2259 1899 2331 progresn'
1921 2284 1924 2326 ῑ

507 2362 578 2391 sus
595 2355 659 2389 est
681 2345 822 2389 Adam
843 2343 898 2388 de
920 2342 1134 2404 paradiso,
1154 2342 1320 2386 offenso
1336 2345 1440 2397 Deo,
1462 2351 1504 2386 et
1521 2342 1661 2386 tactus
1686 2350 1750 2386 est
1764 2325 1898 2404 vitio—2
1920 2340 1924 2382 ἕ

508 2433 594 2462 sus.
621 2419 752 2460 Facta
771 2424 834 2459 est
850 2430 953 2474 ergo
974 2428 1128 2458 manus
1150 2412 1222 2456 illa
1247 2412 1346 2456 alba
1368 2432 1376 2457 ε
1402 2414 1478 2457 sed
1500 2411 1626 2456 rediit
1649 2411 1704 2456 ad
1721 2413 1860 2456 sinum
1871 2405 1897 2467 ,3
1921 2427 1924 2429 ·

507 2503 586 2547 per
603 2487 744 2530 sinum
768 2485 938 2530 Domini
961 2483 1096 2529 nostri
1114 2485 1216 2527 Jesu
1239 2483 1414 2538 Christi,
1440 2492 1483 2527 et
1504 2482 1666 2542 recepit
1687 2447 1897 2550 colorem}
1919 2484 1924 2532 i

495 2558 623 2612 Quid
645 2566 791 2602 autem
824 2556 898 2601 illa
921 2556 1068 2616 aqua?
1103 2557 1228 2614 Aqua
1265 2552 1339 2616 illa
1373 2554 1584 2613 significat
1623 2552 1896 2613 sapientiam.i

563 2648 574 2666 ¹
593 2643 686 2674 Num.
706 2651 774 2683 xm,
793 2643 827 2684 8,
852 2652 885 2683 9,
907 2657 948 2665 —
971 2647 984 2670 2
1003 2642 1097 2674 Joan.
1117 2649 1163 2681 ιιι,
1183 2636 1235 2681 ι4,
1257 2636 1309 2670 15.

1884 3106 1917 3309 ἰ

1891 2602 1896 2708 ἐ
