1867 3320
371 212 508 238 sEnMO
540 211 681 250 xxxu,
718 216 760 241 liv
794 214 993 246 PSALMUM
1025 222 1168 247 cxmu.
1375 214 1456 252 445

149 275 311 317 XXIV.
339 274 579 319 Audiamus
602 291 703 335 ergo
730 297 738 322 :
764 297 783 320 «
809 282 1004 332 Quorum
1024 299 1069 327 os
1092 286 1285 329 locutum
1307 297 1368 331 est
1390 305 1461 332 va-

93 361 113 383 »
147 343 352 397 nitatem,
377 352 420 387 et
439 343 612 388 dextera
637 350 786 391 eorum
809 348 981 394 dextera
1003 352 1252 411 iniquitatis.
1278 358 1461 402 »Videte

89 411 338 456 felicitatem
359 412 536 467 mundi,
561 414 636 458 ubi
658 415 720 459 illi
741 433 859 476 spem
882 421 1105 477 ponebant
1125 424 1197 481 qui
1214 423 1345 469 locuti
1362 437 1461 471 sunt

87 483 338 537 vanitatem,
364 491 407 526 et
425 498 613 542 quorum
638 485 812 531 dextera
830 489 1068 549 iniquitatis
1089 501 1164 535 est.
1183 495 1288 537 Nam
1311 496 1367 539 sic
1389 499 1457 540 in-

25 599 28 602 ,
87 553 190 611 cipit
221 552 364 596 dicere
389 571 398 597 ε
423 570 443 594 «
468 557 661 605 Quorum
682 554 758 598 filii
775 572 924 602 eorum
943 560 1054 604 sicut
1077 562 1257 605 noveltae
1286 576 1460 609 consta-

89 640 110 663 »
146 621 329 665 bilitae1.
369 639 389 662 »
416 621 615 666 Felicitas
650 623 765 668 licita
791 636 867 670 est.
904 631 1000 673 Non
1031 630 1102 674 hic
1123 630 1231 674 dixit
1267 633 1457 688 fraudes,

86 693 288 752 perjuria,
308 693 499 751 rapinas,
524 693 682 738 scelera
699 713 707 738 ;
728 694 975 742 felicitatem
994 700 1101 744 dixit
1122 702 1243 760 quasi
1262 703 1463 747 innocen-

87 763 211 807 tium.
242 765 299 807 Et
331 763 365 806 si
387 764 467 806 ista
497 766 814 811 contemnenda
849 778 932 825 est3
967 770 1334 830 quemadmodum
1367 784 1464 818 sunt

85 831 323 891 plangendi
349 831 436 887 illi,
467 834 543 892 qui
569 834 697 878 etiam
727 837 894 896 rapinas
917 837 1102 895 faciunt,
1128 843 1204 901 qui
1227 842 1362 897 furta,
1389 844 1463 903 qui

86 902 244 947 scelera
256 937 267 957 ‚
292 903 368 962 qui
386 903 641 960 homicidia,
666 907 740 965 qui
764 907 972 953 adulteria
990 919 1032 954 et
1049 921 1201 956 caetera
1219 929 1316 972 quae
1333 915 1463 957 etiam

85 973 176 1032 ipsa
194 972 417 1017 mundana
431 971 612 1018 felicitas
633 975 839 1020 damnat?

143 1045 282 1087 XXV.
309 1043 466 1087 Videte
489 1044 663 1103 qualem
686 1045 790 1088 velit
808 1061 897 1089 esse
914 1047 1134 1091 hominem
1152 1049 1205 1092 de
1220 1050 1306 1093 vita
1324 1066 1433 1094 nova
1450 1086 1461 1105 ‚

84 1112 259 1173 qualem
281 1112 388 1156 velit
411 1127 501 1157 esse
522 1114 747 1157 hominem
780 1113 835 1158 ad
869 1130 968 1159 vasa
989 1117 1216 1175 pastoralia
1248 1120 1465 1177 pertinen—

85 1191 174 1226 tem
190 1216 201 1237 ,
233 1191 277 1226 et
298 1181 353 1226 ad
375 1183 556 1240 gratiam
579 1184 678 1237 Dei,
705 1192 748 1227 et
769 1182 824 1227 ad
846 1184 912 1228 lac
935 1201 1021 1244 quo
1050 1188 1276 1231 nutrimur.
1312 1193 1464 1233 Atten—

85 1251 174 1296 dite
190 1253 278 1311 jam
306 1271 315 1296 ε
348 1271 368 1293 «
394 1257 588 1305 Quorum
624 1253 701 1296 filii
724 1249 874 1297 eorum
903 1256 1012 1300 sicut
1040 1257 1222 1301 novellae
1250 1260 1464 1302 constabi-

88 1340 109 1363 )›
143 1322 255 1379 litae3
275 1321 374 1365 filiae
389 1337 539 1366 eorum
558 1333 722 1367 ornatae
740 1323 852 1367 sicut
869 1324 1107 1370 similitudo
1126 1327 1289 1386 templi.
1311 1333 1465 1372 »Forte

86 1401 315 1451 propterea
344 1407 508 1436 sorores
532 1392 743 1436 nolebant
773 1392 936 1437 audire.
963 1395 1152 1439 Audiant
1181 1412 1302 1455 ergo,
1333 1398 1466 1442 velint

86 1460 252 1516 nolint,
271 1470 313 1505 et
335 1462 504 1506 discant
524 1462 672 1505 venire
695 1462 750 1505 ad
772 1463 1066 1518 Dominicum,
1092 1480 1180 1508 non
1203 1466 1246 1508 in
1269 1468 1465 1524 superbia

86 1530 245 1585 Gohae,
270 1530 345 1574 sed
365 1531 411 1574 in
444 1531 689 1575 humilitate
708 1531 859 1575 David.
885 1533 1105 1592 Numquid
1135 1534 1248 1577 enim
1285 1536 1359 1578 ista
1390 1552 1464 1579 ex-

86 1600 289 1660 ponenda
312 1603 443 1644 sunt?
480 1600 703 1660 Numquid
739 1600 918 1644 obscura
945 1604 1074 1645 sunt?
1098 1606 1356 1662 Loquuntui·
1384 1607 1464 1649 ho·-

86 1671 222 1714 mines
243 1671 477 1715 vanitatem
495 1706 505 1725 ‚
529 1680 571 1714 et
592 1671 797 1714 dicuntur
820 1671 1069 1728 alienigenae
1097 1692 1105 1716 :
1133 1688 1219 1717 non
1250 1675 1466 1731 pertint-nt

87 1741 142 1786 ad
164 1741 462 1786 haereditatem
483 1741 665 1796 Christi,
693 1742 747 1786 ad
763 1757 943 1799 regnum
960 1743 1048 1800 ejus
1071 1742 1139 1785 cui
1162 1743 1365 1797 dicimus,
1385 1749 1463 1787 Pa-

88 1821 152 1855 ter
174 1820 345 1856 noster:
371 1810 626 1869 alienigenae
649 1820 976 1869 computantur.
997 1813 1052 1854 Et
1075 1827 1202 1870 quam
1227 1811 1376 1856 dicunt
1399 1814 1464 1856 ft:-

87 1881 324 1925 licitatem?
353 1900 373 1922 «
409 1879 507 1924 Filii
547 1895 696 1924 eorum
731 1880 842 1923 sicut
879 1880 1061 1924 novellae
1085 1882 1367 1924 constabilitae
1397 1902 1405 1926 :
1446 1904 1462 1923 η

89 1953 212 2012 quasi
235 1966 428 2010 propago
442 1951 704 2010 propaginis.
725 1951 868 1994 Habet
889 1950 1050 1994 multos
1064 1951 1193 2003 filios,
1221 1952 1377 1995 multos
1400 1969 1471 1995 ne-

90 2031 235 2081 potcs3
255 2036 430 2065 securus
451 2030 514 2064 est
537 2020 738 2063 adversus
760 2034 882 2063 casus
905 2021 1066 2064 mortis.
1090 2022 1217 2073 Quasi
1235 2037 1321 2063 non
1338 2021 1470 2065 millia

90 2092 317 2136 hominum
339 2090 598 2150 plerumque
618 2105 729 2133 unus
753 2105 874 2133 casus
912 2091 1123 2134 absumat.
1157 2110 1173 2129 «
1206 2089 1296 2132 Filii
1321 2107 1469 2134 corum

95 2179 114 2202 »
150 2162 262 2206 sicut
290 2160 473 2205 novellae
498 2159 800 2205 constabilitae.
833 2178 853 2199 »
888 2163 998 2203 Ecce
1030 2170 1129 2218 puta
1153 2161 1237 2202 sint
1260 2159 1334 2201 lilii
1362 2162 1470 2203 sirut

92 2231 276 2276 novellae
310 2230 595 2275 constabilitae
632 2249 640 2274 ;
673 2245 817 2273 nonnc
856 2229 1086 2288 aliquando
1121 2231 1245 2271 ctiam
1282 2229 1470 2272 novt-llas

93 2304 253 2347 vicinas
274 2303 491 2360 sylvarum
516 2302 626 2360 ignis
649 2301 868 2345 absumit?
888 2320 904 2340 «
927 2300 1043 2342 Filizc
1066 2314 1213 2341 eorum
1234 2310 1393 2341 ornata·
1415 2300 1470 2340 >i—

94 2382 169 2417 cut
191 2366 429 2416 similitudo
451 2372 613 2430 templi.
640 2390 656 2412 »
680 2372 776 2414 Cito
798 2371 895 2413 hinc
920 2381 1179 2411 transcamus
1208 2387 1214 2410 z
1240 2368 1470 2411 consulen-

95 2441 201 2487 dum
224 2452 287 2487 est
303 2442 460 2502 pudori
478 2441 773 2486 foeminarum.
795 2443 900 2498 lpsae
915 2439 1053 2496 potius
1074 2437 1271 2481 habundo
1289 2452 1470 2493 cognos-

145 2535 150 2550 ¹
178 2528 255 2560 vsat.
276 2538 381 2568 exuit,
407 2538 454 2559 ια.
