1924 3309
441 253 521 289 512
862 260 894 286 5.
932 261 1158 287 Λυαυςιωι
1196 261 1374 288 muscum

437 323 653 378 delevero,
668 323 800 367 timeo
820 321 968 367 deleri.
991 326 1147 367 Tacere
1164 323 1274 367 illud
1291 338 1464 381 possum
1486 342 1494 368 z
1512 324 1642 368 timeo
1660 332 1817 368 tacere.

438 392 677 437 Praedicare
699 408 829 451 cogor
855 411 863 437 :
892 393 1062 437 territus
1085 401 1240 437 terreo.
1265 394 1427 437 Timete
1443 408 1636 447 mecum,
1655 403 1705 437 ut
1721 408 1823 451 gau-

436 463 572 506 deatis
595 477 783 507 mecum.
813 481 832 504 «
858 465 921 508 Ne
942 463 1083 506 tardes
1106 462 1300 506 converti
1322 463 1377 506 ad
1400 466 1554 507 Deum.
1579 481 1598 504 »
1622 463 1817 518 Domine,

436 532 535 577 vide
556 533 660 593 quia
683 533 780 578 dico
802 552 810 578 ε
828 533 1027 585 Domine,
1053 532 1147 587 scis,
1169 532 1270 592 quia
1290 533 1478 577 terruisti
1494 549 1579 579 me.
1596 548 1697 578 cum
1722 543 1821 578 tuus

437 604 652 663 Propheta
672 603 903 662 legeretur.
930 604 1128 656 Domine,
1153 603 1265 646 nosti
1293 603 1337 645 in
1360 601 1429 647 illa
1463 603 1666 648 cathedra
1690 604 1821 648 timo-

435 690 523 718 rem
544 690 706 730 meum,
731 689 832 719 cum
855 683 955 717 tuus
980 674 1196 732 Propheta
1211 673 1443 732 legeretur.
1461 677 1573 718 Ecce
1590 674 1704 729 dico,
1724 677 1822 720 «Ne

438 764 458 787 »
495 745 635 790 tardes
658 745 851 790 converti
871 743 926 787 ad
944 747 1081 787 Deum
1094 779 1105 797 ,
1126 759 1268 803 neque
1281 743 1453 788 differas
1470 744 1525 788 de
1538 744 1610 788 die
1623 745 1668 788 in
1686 743 1817 788 diem.

438 836 457 859 »
496 817 650 862 Subito
682 816 797 859 enim
833 815 977 860 veniet
1006 815 1068 859 ira
1089 816 1203 875 ejus,
1246 815 1356 858 etin
1395 824 1588 874 tempore
1615 813 1822 860 vindictae

438 906 457 928 »
493 887 714 946 disperdet
735 895 792 930 te.
818 904 837 927 »
866 885 949 930 Sed
972 885 1074 929 nolo
1092 884 1245 944 perdat
1272 894 1328 929 te.

498 961 569 1002 VI.
588 957 698 1003 Nolo
709 958 815 1001 mihi
829 955 943 1000 dicas
962 975 970 1001 ;
990 955 1132 1000 Perire
1150 955 1250 1000 volo
1269 975 1278 1000 ι
1299 955 1401 1015 quia
1424 970 1505 1014 ego
1527 954 1646 1000 nolo.
1669 954 1825 999 Melius

436 1038 500 1073 est
522 1044 652 1087 crgo,
690 1029 793 1073 nolo
828 1043 997 1082 meum,
1023 1042 1156 1087 quam
1194 1025 1294 1071 volo
1328 1035 1470 1070 tuum.
1504 1026 1545 1071 Si
1563 1025 1825 1084 lethargicus

436 1110 557 1160 pater
578 1110 676 1144 tuus
706 1108 936 1158 aegrotaret
953 1100 1065 1142 inter
1100 1113 1251 1141 manus
1273 1106 1368 1141 tuas
1385 1131 1396 1151 ,
1423 1106 1465 1140 et
1487 1105 1537 1140 tu
1565 1098 1732 1140 adesses
1750 1097 1826 1156 ju-

435 1171 554 1214 venis
584 1170 814 1228 aegrotanti
846 1169 966 1223 seni,
1008 1177 1050 1211 et
1080 1168 1243 1211 diceret
1284 1166 1510 1211 medicus:
1553 1166 1825 1210 Periclitatur

435 1251 557 1300 pater
579 1250 708 1297 tuus,
740 1254 917 1283 somnus
951 1238 1031 1282 iste
1066 1237 1255 1296 gravedo
1285 1247 1348 1281 est
1382 1237 1585 1297 quaedam
1623 1234 1822 1292 lethalis,

435 1313 615 1356 observa
638 1327 755 1365 eum,
771 1310 861 1355 noli
882 1325 981 1354 eum
1002 1310 1252 1368 permittere
1269 1307 1481 1364 dormire,
1496 1306 1530 1350 si
1549 1305 1706 1350 videris
1723 1321 1824 1350 eum

436 1382 624 1426 dormire
643 1417 654 1434 ,
679 1381 815 1423 excita
838 1393 939 1421 eum
959 1398 970 1434 3
991 1379 1192 1436 siparum
1218 1386 1282 1420 est
1303 1376 1508 1431 excitare,
1529 1376 1682 1421 vellica
1701 1397 1712 1434 3
1732 1376 1764 1420 si
1781 1386 1825 1421 et

434 1454 518 1496 hoc
540 1465 693 1511 parum
708 1485 719 1505 ,
747 1448 921 1494 stimula
942 1464 1041 1492 eum
1055 1483 1065 1502 ,
1091 1464 1146 1491 ne
1168 1448 1379 1492 moriatur
1393 1457 1514 1507 pater
1538 1458 1636 1491 tuus
1663 1466 1671 1492 :
1697 1447 1823 1492 ades-

435 1539 497 1567 ses
510 1522 680 1583 juvenis
697 1521 787 1565 seni
804 1535 1025 1565 onerosus.
1043 1518 1120 1564 Ille
1138 1519 1183 1562 in
1199 1518 1373 1563 dulcem
1392 1520 1595 1563 morbum
1610 1518 1824 1563 resolutus

434 1596 536 1648 iret,
563 1593 711 1638 oculos
733 1591 964 1650 gravedine
987 1589 1060 1634 illa
1083 1599 1306 1649 premente
1329 1588 1576 1644 clauderet,
1601 1598 1649 1633 tu
1672 1598 1823 1633 contra

435 1665 642 1709 clamares
657 1663 766 1722 patri
789 1662 910 1708 :Noli
929 1661 1133 1705 dormire.
1153 1663 1210 1704 At
1228 1659 1317 1714 ille,
1340 1660 1512 1704 Dimitte
1531 1675 1615 1715 me,
1634 1659 1822 1704 dormire

434 1735 550 1781 volo.
576 1738 632 1779 Et
654 1743 719 1788 tu,
747 1732 831 1778 Sed
849 1731 1042 1776 medicus
1063 1730 1172 1774 dixit
1197 1750 1204 1775 :
1229 1731 1271 1776 Si
1293 1730 1481 1775 voluerit
1503 1730 1708 1785 dormire,
1733 1745 1823 1774 non

436 1805 638 1850 dormiat.
669 1803 837 1857 Atille,
864 1806 1005 1860 Rogo,
1029 1800 1199 1844 dimitte
1228 1816 1319 1853 me,
1345 1802 1455 1844 mori
1493 1800 1608 1845 volo.
1637 1800 1721 1846 Sed
1743 1815 1823 1858 ego

435 1876 559 1930 nolo,
589 1875 694 1920 dicit
717 1874 830 1918 filius
862 1873 986 1928 patri.
1020 1873 1131 1913 Cui?
1158 1872 1313 1927 Utique
1343 1873 1511 1926 optanti
1545 1886 1588 1912 se
1616 1872 1740 1912 mori.
1768 1874 1822 1912 Et

436 1957 581 1990 tamen
602 1944 664 1988 vis
681 1943 857 1986 differre
879 1950 1063 1984 mortem
1087 1939 1220 1998 patris
1238 1939 1318 1993 tui,
1345 1948 1387 1982 et
1405 1938 1641 1999 aliquando
1659 1940 1820 1984 diutius

433 2018 577 2061 vivere
589 2029 690 2059 cum
713 2013 924 2057 morituro
941 2026 1041 2054 sene
1063 2019 1184 2069 patre
1206 2018 1296 2053 tuo.
1314 2010 1522 2054 Dominus
1540 2010 1618 2054 tibi
1635 2010 1819 2056 clamat:

434 2087 531 2132 Noli
551 2086 761 2139 dormire,
782 2099 837 2128 110
854 2083 899 2127 111
921 2091 1133 2126 aeternum
1156 2081 1343 2125 dormias
1366 2080 1561 2140 :evigila,
1578 2091 1626 2125 ut
1649 2097 1820 2126 meeum

435 2161 551 2203 vivas
567 2193 577 2213 ,
599 2167 643 2201 et
663 2165 831 2216 patrem
854 2153 1013 2198 habeas
1033 2167 1163 2212 quem
1187 2168 1277 2196 non
1297 2152 1464 2196 efferas.
1491 2152 1626 2197 Audis
1639 2187 1649 2207 ,
1672 2162 1715 2198 et
1730 2169 1821 2197 sur-

436 2229 516 2274 dus
534 2244 593 2272 05.

494 2303 594 2343 Vll.
617 2296 730 2351 Quid
747 2311 827 2355 ego
844 2294 925 2339 feci
939 2292 1211 2353 speculator?
1228 2292 1339 2337 liber
1354 2309 1466 2346 sum,
1482 2309 1570 2337 non
1582 2309 1658 2338 vos
1672 2307 1814 2351 gravo.

437 2371 531 2416 Scio
549 2369 741 2413 dicturos
759 2365 971 2427 quosdam
990 2382 998 2408 :
1019 2362 1133 2417 Quid
1148 2364 1272 2407 nobis
1291 2363 1429 2407 voluit
1443 2363 1611 2408 dicere?
1631 2365 1814 2418 Terruit,

436 2442 626 2501 gravavit
647 2455 725 2484 nos
741 2474 751 2494 ,
782 2453 876 2482 reos
898 2452 976 2481 nos
999 2435 1115 2479 fecit.
1157 2438 1249 2478 Imo
1268 2452 1290 2479 a
1313 2444 1434 2479 reatu
1466 2435 1583 2479 volui
1615 2435 1812 2479 liberare.

436 2512 621 2557 [Foedum
647 2519 735 2564 est,
761 2518 890 2567 turpe
912 2516 976 2551 est
1005 2525 1012 2550 :
1040 2505 1139 2550 nolo
1162 2505 1304 2549 dicere
1327 2505 1487 2550 malum
1503 2540 1512 2556 ,
1538 2505 1640 2550 11010
1676 2506 1815 2550 dicere

435 2581 754 2642 periculosum,
779 2578 881 2625 nolo
899 2577 1041 2623 dicere
1064 2576 1314 2634 exitiosum,
1337 2585 1463 2635 turpe
1486 2586 1546 2620 est
1570 2585 1618 2620 ut
1637 2591 1711 2621 vos
1733 2574 1813 2619 fal-
