1924 3309
442 251 496 289 10
874 257 910 289 s.
944 257 1174 289 Aueusnm
1205 259 1387 287 Emscon

495 324 660 368 XXIX.
686 322 812 376 Quod
834 333 978 368 autem
995 324 1054 368 ait
1075 342 1084 369 ε
1109 342 1129 366 «
1154 323 1238 368 Sed
1255 322 1448 383 regnavit
1465 335 1581 366 mors
1598 321 1653 365 ab
1671 320 1815 364 Adam

441 412 461 435 »
498 408 635 453 usque
661 392 716 438 ad
738 395 946 451 Moysen,
973 403 1017 438 et
1037 394 1083 438 in
1105 394 1155 438 iis
1177 394 1253 453 qui
1274 408 1363 436 non
1384 399 1674 452 peccaverunt
1693 390 1739 435 in
1758 390 1817 435 si-

442 481 463 505 »
497 463 793 507 militudinem
833 464 1197 522 praevaricationis
1229 463 1390 517 Adae1,
1424 481 1445 504 »
1475 462 1649 505 duobus
1679 459 1820 505 modis

439 534 718 592 distinguitur
740 553 749 578 ι
771 543 861 589 aut,
887 554 906 577 «
924 538 975 578 In
995 534 1321 578 similitudinem
1338 531 1699 591 praevaricationis
1714 530 1822 576 Adae

442 621 463 645 »
498 604 693 661 regnavit
713 618 826 647 mors
845 625 855 660 3
878 622 897 644 »
924 604 1026 663 quia
1043 612 1085 647 et
1107 603 1182 662 qui
1210 618 1299 647 non
1324 610 1611 662 peccaverunt
1629 635 1640 656 ‚
1665 616 1715 644 ex
1736 600 1823 645 ori-

440 673 540 731 gine
559 672 830 717 mortalitatis
853 673 993 717 Adam
1012 707 1023 727 ,
1045 673 1206 716 mortui
1223 681 1338 716 sunt.
1364 675 1454 716 Aut
1475 679 1590 715 certe
1613 689 1633 713 «
1653 673 1824 729 Regna-

442 760 462 784 »
498 743 560 787 vit
583 757 696 786 mors
711 777 722 797 ,
747 751 789 786 et
811 742 856 786 in
874 742 938 785 his
960 742 1035 801 qui
1053 757 1143 786 non
1159 742 1206 785 in
1223 741 1549 786 similitudinem
1564 739 1822 799 praevarica-

441 828 463 852 »
497 812 625 856 tionis
640 812 746 856 Adae
768 821 1102 871 peccaverunt,»
1120 812 1198 856 sed
1215 820 1314 855 ante
1328 815 1486 869 Legem
1509 818 1822 870 peccaverunt,

438 890 488 924 ut
507 881 570 924 illi
591 896 784 940 peccasse
816 881 1113 939 intelligantur
1134 883 1180 925 in
1207 882 1536 925 similitudinem
1566 881 1822 939 praevarica-

439 951 568 996 tionis
590 951 713 1006 Adae,
730 952 804 1011 qui
822 955 982 1010 Legem
998 961 1284 1011 acceperunt3
1304 952 1405 1012 quia
1427 961 1471 995 et
1491 951 1630 996 Adam
1649 960 1826 1010 accepta

440 1022 647 1080 praecepti
669 1020 765 1079 lege
788 1022 995 1080 peccavit.
1035 1024 1146 1066 Sane
1167 1023 1295 1065 etiam
1328 1022 1374 1065 id
1395 1021 1515 1080 quod
1538 1020 1705 1064 dictum
1730 1029 1793 1065 est
1813 1040 1823 1066 ι

445 1109 463 1131 «
485 1106 623 1150 usque
646 1092 700 1135 ad
720 1094 918 1148 Moysen,
940 1110 960 1132 »
987 1100 1132 1135 totum
1154 1101 1325 1151 tempus
1344 1092 1468 1149 Legis
1490 1090 1827 1150 intelligendum

442 1169 520 1204 est.
547 1163 705 1205 Forma
728 1170 873 1206 autem
895 1161 1034 1204 futuri
1064 1161 1205 1205 dictus
1234 1170 1297 1205 est
1319 1160 1483 1216 Adam,
1507 1160 1583 1204 sed
1605 1177 1628 1205 a
1651 1170 1827 1207 contra-

443 1231 506 1273 rio
529 1248 537 1273 :
564 1238 613 1273 ut
635 1230 857 1288 quomodo
880 1245 957 1289 per
986 1229 1110 1273 illum
1130 1245 1246 1274 mors
1261 1264 1272 1284 ,
1293 1230 1352 1273 sic
1372 1245 1449 1289 per
1474 1230 1709 1274 Dominum
1731 1245 1829 1274 nos·

441 1307 557 1342 trum
575 1300 676 1343 vita.
703 1301 831 1352 Quod
849 1309 993 1344 autem
1011 1301 1070 1343 ait
1091 1319 1100 1344 ι
1126 1318 1145 1341 «
1173 1299 1257 1344 Sed
1275 1315 1364 1343 non
1386 1299 1498 1343 sicut
1515 1299 1723 1344 delictum
1739 1334 1750 1355 ,
1768 1300 1828 1344 ita

443 1387 464 1410 »
498 1377 561 1413 est
598 1369 829 1423 donatio2‚
863 1387 882 1410 »
910 1368 1085 1413 duobus
1118 1369 1258 1413 modis
1292 1369 1472 1413 donatio
1494 1368 1730 1428 praecellit,
1756 1368 1828 1415 vel

439 1438 560 1497 quod
582 1437 720 1481 multo
748 1439 882 1496 magis
904 1438 1098 1482 abundat
1120 1438 1276 1495 gratia,
1301 1439 1402 1497 quia
1424 1438 1578 1498 utique
1615 1439 1661 1482 in
1697 1448 1827 1484 aeter-

440 1523 548 1551 num
582 1522 658 1566 per
679 1508 797 1552 illam
819 1508 1007 1565 vivitur3
1040 1508 1337 1566 temporaliter
1370 1517 1517 1552 autem
1538 1523 1615 1567 per
1641 1518 1827 1554 mortem

440 1577 548 1621 Adae
569 1592 682 1621 mors
710 1578 904 1635 regnavit
939 1597 947 1622 :
973 1576 1042 1622 vel
1063 1577 1182 1636 quod
1214 1578 1342 1621 unius
1381 1576 1528 1622 delicti
1556 1577 1825 1623 condemna-

441 1647 558 1691 tione
581 1662 696 1691 mors
718 1648 958 1692 multorum
980 1647 1094 1692 facta
1109 1656 1172 1690 est
1189 1662 1265 1704 per
1287 1646 1426 1691 Adam
1444 1681 1455 1700 ‚
1480 1662 1557 1705 per
1581 1648 1824 1694 Dominum

441 1726 587 1762 autem
619 1727 816 1760 nostrum
850 1721 997 1760 Jesum
1034 1717 1255 1761 Christum
1292 1716 1531 1760 multorum
1564 1716 1825 1763 delictorum

441 1786 674 1831 donatione
696 1787 794 1830 data
817 1786 949 1843 gratia
972 1786 1018 1828 in
1033 1786 1166 1830 vitam
1188 1795 1410 1830 aeternam.
1432 1785 1567 1830 Aliam
1582 1802 1684 1832 vero
1699 1787 1822 1833 diffe-

441 1856 624 1899 rentiam
646 1856 705 1899 sic
742 1856 949 1915 explicat,
975 1854 1121 1898 dicens
1143 1873 1152 1899 ε
1181 1873 1202 1897 «
1227 1858 1283 1899 Et
1322 1871 1411 1899 non
1432 1857 1543 1900 sicut
1578 1872 1656 1916 per
1684 1874 1823 1904 unum

445 1943 466 1968 »
501 1935 779 1984 peccantem,
815 1927 874 1969 ita
904 1934 967 1969 est
1000 1934 1043 1969 et
1064 1925 1245 1970 donum.
1272 1928 1380 1971 Nam
1397 1927 1616 1986 judicium
1644 1928 1823 1988 quidem

445 2014 465 2038 »
501 2012 551 2040 ex
579 2012 667 2040 uno
698 1997 744 2040 in
777 1996 1185 2040 condemnationem
1211 2015 1219 2040 :
1247 1997 1381 2053 gratia
1409 2006 1554 2042 autem
1587 2014 1638 2042 ex
1674 1998 1822 2044 multis

445 2083 464 2106 »
500 2064 667 2109 delictis
684 2099 695 2119 ,
721 2065 776 2109 ad
797 2065 1201 2124 justificationem³.
1227 2068 1290 2109 Ex
1308 2080 1438 2109 uno»
1469 2081 1569 2124 ergo
1590 2067 1711 2126 quod
1727 2068 1822 2113 dic-

442 2144 536 2178 tum
553 2143 640 2189 est,
661 2133 936 2188 subauditur,
962 2133 1120 2178 delicto
1139 2154 1150 2191 3
1174 2134 1276 2193 quia
1298 2135 1494 2194 sequitur
1513 2155 1522 2180 2
1546 2154 1566 2178 (ε
1588 2137 1723 2194 gratia
1740 2153 1821 2182 au—

446 2222 466 2245 »
504 2213 589 2248 tem
611 2219 660 2248 ex
681 2204 829 2248 multis
846 2203 1027 2248 delictis.
1047 2222 1066 2245 »
1094 2207 1208 2262 Ergo
1226 2205 1318 2248 haec
1341 2204 1586 2250 differentia
1608 2215 1686 2261 est,
1702 2207 1821 2266 quod

442 2273 488 2317 in
509 2272 648 2316 Adam
671 2288 808 2316 unum
833 2273 1044 2316 delictum
1064 2273 1317 2317 damnatum
1334 2283 1412 2328 est,
1430 2290 1453 2317 a
1469 2275 1653 2319 Domino
1674 2285 1820 2320 autem

443 2342 579 2386 multa
600 2342 759 2386 donata
780 2351 896 2386 sunt.
932 2343 1060 2396 Quod
1081 2358 1183 2400 ergo
1204 2344 1421 2403 sequitur,
1443 2345 1589 2389 ambas
1611 2345 1710 2389 istas
1732 2346 1820 2391 dif-

440 2411 642 2455 ferentias
660 2420 802 2466 tenet,
834 2421 882 2455 ut
904 2411 1143 2471 explicetur
1160 2413 1218 2456 sic
1240 2431 1249 2457 :
1279 2430 1298 2454 «
1315 2414 1358 2457 Si
1375 2414 1490 2458 enim
1514 2415 1571 2459 ob
1593 2416 1720 2459 unius
1741 2415 1819 2460 de-

445 2499 465 2522 »
500 2480 651 2524 lictum
674 2495 786 2525 mors
805 2482 998 2538 regnavit
1015 2497 1089 2541 per
1108 2498 1262 2538 unum,
1279 2484 1418 2529 multo
1438 2487 1570 2544 magis
1592 2486 1668 2545 qui
1682 2487 1819 2531 abun-

494 2570 502 2587 ¹
525 2566 615 2598 Rom.
634 2576 667 2606 v,
686 2564 737 2607 ¹4·
760 2581 801 2588 -—
817 2571 830 2588 ²
847 2565 928 2599 Ibid.
953 2577 1003 2609 17·
1022 2583 1063 2591 -
1083 2565 1198 2600 31bid·
1221 2566 1268 2600 15.
