1867 3320
394 271 599 298 zms'roLAE
630 267 685 297 An
718 268 915 298 ROMANOS
947 268 1181 298 EXPOSITIO.
1427 263 1479 302 55

100 335 341 392 fundantur
369 345 495 394 atque
522 334 800 379 misceantur.
825 337 1100 393 Quapropter
1128 344 1172 378 et
1192 336 1295 394 quia
1325 337 1482 382 talibus

101 423 189 453 non
207 406 467 465 ignoscitur,
488 406 653 466 justitia
673 406 755 450 Dei
773 415 862 450 est:
889 415 932 450 et
948 407 1050 465 quia
1070 406 1329 463 ignoscitur,
1351 410 1485 465 gratia

101 487 178 522 est.
196 479 318 521 Justa
341 485 405 520 est
421 490 523 533 ergo
546 475 682 534 gratia
702 476 803 531 Dei,
823 485 867 520 et
890 485 1009 535 grata
1027 476 1194 536 justitia
1212 510 1223 531 ‚
1249 492 1350 520 cum
1367 478 1413 520 in
1435 494 1486 524 eo

100 562 275 608 quoque
291 547 421 590 etiam
434 546 707 606 poenitentiae
728 547 932 591 meritum
955 547 1088 605 gratia
1106 546 1347 606 praecedat,
1368 549 1488 607 quod

99 619 317 663 neminem
349 618 515 677 peccati
537 618 603 662 sui
626 618 859 677 poeniteret
873 653 884 672 ‚
925 618 1008 662 nisi
1027 617 1324 664 admonitione
1343 618 1488 679 aliqua

102 689 339 735 vocationis
362 690 454 734 Dei.

157 763 214 805 X.
249 764 383 804 Porro
400 760 581 819 justitiae
604 760 764 805 divinae
797 769 919 805 tanta
940 760 1185 806 constantia
1207 769 1293 816 est,
1318 770 1369 805 ut
1390 776 1490 806 cum

100 846 230 891 poena
252 829 452 889 spiritalis
470 839 512 874 et
534 831 799 889 sempiterna
821 830 953 876 fuerit
974 831 1179 886 relaxata,
1197 846 1408 891 pressurae
1431 841 1492 875 ta-

98 916 199 945 men
241 901 547 959 cruciatusque
588 900 833 960 corporales
849 936 860 955 ,
905 901 1064 961 quibus
1105 901 1235 945 etiam
1277 903 1490 959 Martyres

99 970 352 1015 exercitatos
368 970 568 1014 novimus
586 991 597 1028 3
620 981 837 1029 postremo
856 985 970 1015 mors
992 971 1100 1030 ipsa,
1114 986 1248 1030 quam
1266 970 1490 1030 peccando

98 1040 257 1084 meruit
279 1049 424 1084 nostra
446 1049 600 1084 natura
616 1075 627 1095 ,
659 1039 770 1084 nulli
793 1041 1022 1085 relaxetur.
1056 1041 1186 1094 Quod
1214 1040 1329 1084 enim
1361 1042 1491 1085 etiam

92 1112 199 1171 justi
221 1110 419 1155 homines
456 1119 499 1153 et
536 1111 594 1170 pii
612 1145 622 1165 ‚
658 1120 804 1155 tamen
827 1110 1038 1156 exolvunt
1059 1111 1139 1154 ista
1165 1110 1403 1170 supplicia,
1436 1111 1491 1155 de

97 1181 178 1224 isto
194 1181 311 1240 justo
330 1179 407 1223 Dei
423 1179 589 1239 judicio
616 1181 764 1225 venire
786 1180 1056 1225 credendum
1079 1190 1157 1224 est.
1187 1184 1284 1239 Ipsa
1309 1190 1373 1224 est
1392 1197 1492 1240 quae

97 1251 141 1294 in
158 1250 285 1294 sacris
311 1249 539 1308 Scripturis
560 1250 689 1294 etiam
711 1251 940 1310 disciplina
962 1252 1229 1305 nominatur,
1256 1267 1390 1311 quam
1413 1267 1491 1295 ne-

97 1335 169 1365 mo
186 1321 402 1380 justorum
429 1320 623 1378 effugere
648 1321 819 1365 sinitur.
852 1322 1080 1366 Neminem
1104 1322 1268 1380 quippe
1291 1322 1459 1379 excepit
1476 1356 1488 1375 ,

96 1405 197 1434 cum
220 1390 382 1433 diceret
404 1408 412 1433 :
438 1408 457 1431 «
483 1392 624 1441 Quem
647 1390 763 1432 enim
787 1390 928 1447 diligit
954 1393 1085 1443 Deus,
1111 1391 1315 1447 corripit:
1336 1390 1490 1448 flagel-

100 1477 120 1501 »
156 1459 219 1502 lat
241 1467 384 1501 autem
421 1472 594 1501 omnem
618 1457 756 1501 filium
786 1473 918 1517 quem
944 1459 1138 1517 recipit1.
1164 1476 1183 1499 »
1211 1457 1337 1502 Unde¹
1360 1460 1490 1502 etiam

99 1530 189 1588 ipse
206 1528 291 1572 Job
307 1562 317 1579 ‚
343 1528 419 1586 qui
436 1535 664 1586 propterea
687 1536 775 1570 tam
799 1527 938 1571 multa
960 1527 1033 1571 illa
1057 1543 1204 1586 passus
1224 1537 1310 1582 est,
1338 1538 1389 1572 ut
1410 1529 1492 1572 ho-

98 1598 288 1642 minibus
305 1598 400 1657 quis
418 1598 482 1641 vir
497 1606 622 1650 esset,
641 1606 684 1640 et
697 1606 889 1657 quantus
903 1597 979 1641 Dei
994 1612 1158 1651 servus,
1175 1597 1383 1652 eluceret,
1401 1613 1493 1657 poc-

98 1683 173 1712 nas
196 1677 341 1711 tamen
364 1667 554 1726 corporis
577 1682 654 1725 pro
679 1668 867 1726 pcccatis
889 1667 973 1710 suis
996 1682 1041 1710 se
1063 1666 1264 1711 exolvere
1288 1676 1485 1711 testatur.

100 1741 250 1783 Petrus
272 1752 448 1798 quoque
471 1737 690 1796 apostolus
706 1738 938 1781 exhortans
964 1737 1116 1781 tratres
1136 1738 1190 1781 ad
1209 1737 1489 1796 perferendas

98 1824 177 1870 pro
198 1808 357 1853 Christi
383 1808 557 1852 nominc
580 1808 812 1867 passiones,
830 1809 887 1851 ita
906 1806 1103 1867 loquitur
1126 1827 1134 1852 ;
1153 1810 1322 1853 «Nemo
1344 1818 1488 1852 autem

103 1898 122 1922 »
158 1889 349 1924 vestrum
368 1879 558 1938 patiatur
580 1877 703 1936 quasi
727 1879 969 1932 homicida,
994 1887 1070 1922 aut
1093 1877 1187 1932 fur,
1211 1888 1288 1922 aut
1307 1879 1491 1923 maledi-

103 1967 122 1991 »
156 1965 247 2003 cus,
274 1958 348 1992 aut
369 1964 492 1992 curas
515 1948 674 1992 alienas
697 1964 848 2006 agens:
868 1949 901 1991 si
924 1963 1027 1992 vero
1050 1948 1174 2007 quasi
1198 1949 1486 2003 Christianus,

102 2037 122 2060 »
158 2034 244 2062 non
265 2017 489 2062 erubescat
508 2039 518 2073 3
543 2018 756 2076 glorificet
778 2026 925 2061 autem
952 2020 1089 2061 Deum
1113 2018 1157 2060 in
1177 2018 1258 2061 isto
1281 2019 1458 2062 nomine
1474 2054 1485 2073 ,

103 2107 122 2131 »
157 2089 258 2148 quia
281 2096 453 2146 tempus
485 2087 772 2131 inchoationis
788 2088 942 2147 judicii
960 2103 982 2131 a
1001 2088 1133 2131 domo
1159 2088 1233 2130 Dei
1254 2106 1262 2131 :
1287 2088 1320 2130 si
1343 2097 1488 2132 autem

104 2176 124 2200 n
159 2159 328 2202 initium
348 2173 371 2200 a
396 2157 535 2210 nobis,
553 2157 649 2215 quis
670 2156 766 2201 finis
785 2172 935 2200 eorum
958 2158 1135 2216 quinon
1150 2157 1336 2200 credunt
1352 2160 1492 2201 Evan-

105 2246 124 2270 »
159 2227 270 2285 gello
297 2227 369 2270 Dci
380 2229 398 2270 1’
421 2229 475 2270 Et
497 2227 529 2269 si
554 2227 696 2284 justus
729 2226 906 2286 quidem
933 2227 1000 2271 vix
1024 2226 1166 2270 salvus
1189 2227 1263 2280 sit,
1290 2236 1491 2285 peccator

106 2316 125 2339 »
160 2308 203 2341 ct
226 2297 382 2356 impius
416 2297 489 2340 uhi
515 2297 787 2354 pare-buum
814 2316 832 2337 η
856 2297 1085 2340 Manil'cstc
1106 2296 1297 2340 ostendit
1319 2297 1489 2341 easdem

103 2368 211 2427 ipsas
252 2368 490 2426 passiones,
528 2383 634 2426 quas
664 2368 767 2425 justi
801 2367 1049 2425 patiuntur,
1087 2367 1141 2410 ad
1172 2367 1386 2426 judicium
1416 2368 1487 2410 Dci

102 2439 317 2498 pertinere
344 2457 352 2481 ·.
374 2437 492 2496 qimd
515 2438 707 2480 inchoari
729 2437 838 2480 dixit
856 2455 906 2480 cx
930 2437 1061 2481 domo
1089 2438 1176 2491 Dei,
1199 2448 1246 2482 ut
1263 2439 1364 2481 inde
1386 2453 1490 2481 con-

99 2508 286 2567 jiciatur,
304 2517 478 2566 «wanlin
500 2507 638 2566 impiis
661 2506 820 2551 suturae
835 2517 1075 2551 servantur.
1106 2510 1226 2552 Unde
1250 2509 1378 2551 otiam
1403 2509 1489 2568 ips«¹

154 2600 159 2614 ¹
185 2592 268 2622 nuln-
308 2593 395 2626 xn,(i
484 2601 494 2608 '¹
523 2604 528 2621 ι
557 2595 628 2621 vvir
664 2604 705 2630 iv,
732 2593 781 2628 if»,
803 2597 865 2622 ccc.
