1867 3320
203 293 341 322 5ΕῆΜο
374 294 572 333 xxxvm,
606 296 660 323 ΒΕ
693 295 838 324 vssams
869 298 1178 329 Ecctnsissisricr.
1294 290 1378 331 499

7 357 106 401 riosi
122 391 133 412 ,
168 373 248 417 pro
288 373 365 403 sua
407 360 582 404 avaritia
626 361 913 420 negotiatores
952 379 1068 409 mare
1110 375 1377 411 transmean-

6 436 92 482 tes,
125 429 266 472 ventis
308 430 723 490 tempestatibusque
765 446 920 491 corpus
957 443 998 477 et
1031 435 1214 480 animam
1257 453 1376 481 com-

5 497 227 542 mittentes
243 532 255 553 ,
280 511 358 542 sua
378 498 688 560 relinquentes,
725 499 779 545 ad
798 501 946 560 ignota
970 507 1218 550 currentes?
1241 508 1264 549 J
1269 506 1380 550 udex

6 566 41 611 si
78 568 335 627 pronuntiat
371 568 570 625 exilium,
614 585 747 629 poena
778 581 841 616 est
871 591 880 616 :
918 573 1090 617 avaritia
1130 576 1256 634 jubet
1288 577 1378 619 exi-

6 636 132 693 lium,
164 646 209 682 et
245 637 395 682 laetitia
431 640 527 683 est?
563 639 817 699 Quid-ergo
845 657 1052 701 magnum
1085 643 1164 687 tibi
1201 646 1384 704 imperat

6 708 216 768 sapientia
238 743 250 764 ,
289 710 410 770 quod
441 725 531 755 non
558 719 701 770 posset
742 711 955 771 imperare
986 713 1199 757 avaritia?
1231 718 1286 759 Et
1322 724 1386 759 ta-

8 793 110 823 men
137 794 238 823 cum
259 780 444 840 imperat
477 782 650 825 avaritia
668 817 679 836 ,
714 780 831 827 facis.
858 786 914 827 Et
944 799 1044 828 cum
1077 783 1225 829 feceris
1265 787 1381 846 quod

6 849 192 910 imperat
229 851 406 895 avaritia
424 886 435 906 ‚
475 851 584 912 quid
624 851 835 896 habebis?
861 853 1032 898 Plenam
1056 853 1236 899 domum
1279 871 1382 899 auro

7 928 52 964 et
81 929 275 978 argento.
306 924 404 967 Non
440 921 610 980 legisti:
645 924 948 984 «Quanquam
982 925 1027 968 in
1070 925 1253 983 imagine
1291 941 1384 969 am-

9 1008 32 1032 »
65 991 190 1036 bulat
221 992 381 1047 homo,
416 1002 562 1037 tamen
590 1009 701 1037 vane
740 995 1055 1053 conturbatur3
1096 996 1381 1052 thesaurizat,

10 1077 30 1101 n
67 1069 112 1104 et
137 1062 274 1106 nescit
301 1063 371 1106 cui
399 1077 448 1106 ea
488 1062 726 1122 colligat1?
752 1082 771 1105 υ
809 1066 951 1116 Quare
993 1079 1095 1123 ergo
1132 1066 1311 1109 cantasti
1345 1076 1387 1110 et

6 1129 149 1176 dixisti
197 1135 287 1176 Deo
315 1152 323 1177 :
365 1152 384 1173 «
422 1134 614 1178 Auribus
661 1133 836 1194 percipe
878 1133 1088 1192 lacrymas
1133 1150 1247 1180 meas
1269 1137 1324 1179 ²?
1364 1154 1383 1177 >›

6 1203 151 1254 Quare
172 1211 222 1246 tu
244 1218 333 1246 non
361 1203 544 1263 percipis
568 1203 743 1247 auribus
764 1203 894 1248 verba
924 1205 1033 1264 ejus,
1060 1222 1082 1249 a
1104 1222 1191 1266 quo
1209 1207 1270 1250 vis
1288 1221 1388 1266 per-

6 1271 91 1330 cipi
112 1271 325 1330 lacrymas
343 1275 470 1317 tuas?
502 1273 544 1318 Si
572 1274 836 1318 accusaveris
863 1275 1085 1318 avaritiam
1110 1285 1227 1320 tuam
1243 1312 1253 1330 ,
1278 1276 1386 1321 invi·

4 1342 117 1387 tabit
139 1342 191 1387 ad
223 1343 476 1402 sapientiam
499 1359 633 1388 suam.
664 1345 744 1389 Sed
766 1360 866 1388 cum
890 1346 1122 1404 susceperis
1138 1347 1294 1405 jugum
1317 1363 1385 1390 sa-

5 1413 206 1472 pientiae,
238 1413 452 1457 laboriosa
485 1414 595 1456 erit?
629 1414 859 1457 Laboriosa
882 1414 1009 1472 plane
1035 1431 1045 1457 .·
1078 1415 1151 1458 sed
1175 1415 1272 1459 vide
1298 1432 1386 1476 quo

6 1483 116 1537 fine,
138 1498 226 1544 qua
241 1483 455 1528 mercede.
480 1483 706 1544 Numquid
723 1499 821 1543 quae
836 1499 912 1542 per
933 1484 1184 1542 sapientiam
1203 1485 1384 1544 colligis,

6 1553 147 1598 nescis
167 1553 240 1598 cui
260 1553 436 1612 colligas
457 1555 538 1597 ea?
557 1554 651 1597 Tibi
674 1552 850 1611 colligis.
882 1554 1192 1613 Expergiscere,
1214 1556 1383 1615 evigila,

6 1623 167 1668 habeto
196 1639 270 1669 cor
303 1624 542 1668 formicaess.
571 1624 746 1668 AEstatis
779 1633 949 1682 tempus
971 1634 1055 1672 est.
1092 1625 1246 1684 collige
1267 1626 1385 1686 quod

6 1692 87 1738 tibi
109 1693 164 1738 ad
185 1694 388 1752 hyemem
418 1694 566 1754 prosit.
592 1694 774 1747 Quando
796 1694 876 1737 tibi
903 1694 1014 1738 bene
1031 1704 1119 1747 est,
1143 1705 1246 1739 tunc
1270 1696 1385 1740 disce

7 1764 128 1809 unde
153 1766 404 1810 sustenteris
437 1764 615 1825 quando
648 1764 726 1808 tibi
756 1764 867 1808 male
886 1774 963 1808 est.
998 1767 1111 1808 Bene
1137 1766 1210 1808 tibi
1229 1801 1239 1818 ,
1266 1776 1387 1810 :estas

7 1844 95 1880 est:
111 1835 202 1880 noli
220 1851 310 1879 esse
331 1837 467 1894 piger,
485 1834 641 1891 collige
661 1849 791 1891 grana
812 1833 866 1877 de
885 1849 980 1877 area
1006 1835 1241 1889 hominii-a,
1257 1838 1387 1880 verba

10 1905 86 1955 Dei
107 1905 162 1949 de
182 1904 371 1949 Ecclesia
396 1905 498 1957 Dei,
526 1912 569 1946 et
595 1902 781 1946 reconde
798 1903 913 1946 intus
932 1904 974 1946 in
997 1903 1142 1946 corde.
1165 1908 1288 1949 Nunc
1313 1906 1387 1949 tibi

21 1975 187 2037 1uidem
217 1977 329 2020 bene
350 1985 414 2019 est
439 1994 449 2020 ι
473 1975 617 2018 veniet
645 1983 687 2018 et
710 1973 886 2034 quando
909 1973 960 2016 sit
990 1974 1114 2017 male.
1149 1976 1277 2018 Omni
1306 1977 1387 2020 ho-

57 2045 118 2090 ini
145 2046 290 2090 veniet
311 2044 536 2089 tribulatio
558 2063 566 2088 :
594 2044 671 2087 etsi
693 2043 837 2087 omnia
870 2052 1034 2086 terrena
1059 2053 1157 2086 sunt
1183 2044 1218 2086 ei
1237 2079 1247 2096 ‚
1273 2056 1388 2088 certe

38 2130 112 2160 um
133 2116 316 2176 coeperit
336 2115 446 2159 mori
464 2149 474 2169 ‚
496 2129 572 2174 per
596 2112 921 2157 tribulationem
942 2113 1091 2156 transit
1109 2112 1162 2156 ad
1186 2112 1310 2156 aliam
1330 2114 1387 2157 vi-

107 2220 116 2230 .
142 2186 249 2240 Quis
280 2184 396 2230 enim
416 2194 480 2230 est
501 2185 577 2245 qui
613 2184 760 2228 dicat:
796 2186 910 2227 Bene
940 2184 1046 2226 mihi
1081 2184 1188 2237 erit,
1220 2192 1262 2227 et
1299 2198 1387 2229 non

57 2257 204 2302 oriar?

69 2328 168 2371 vll.
204 2327 440 2380 Quamvis,
465 2326 498 2369 si
522 2340 638 2369 amas
664 2325 824 2378 vitam,
850 2333 891 2367 et
914 2332 1095 2366 mortem
1121 2323 1240 2367 times
1260 2324 1386 2384 ‚ipse

59 2537 126 2583 ale
147 2546 211 2581 est
227 2538 368 2590 nobis,
386 2552 472 2581 non
498 2543 698 2580 timemus
718 2546 910 2578 mortem.
929 2535 1114 2586 Quando
1137 2537 1257 2576 nobu-
1282 2536 1389 2578 lmu-

64 2628 75 2646 Ι
92 2620 169 2654 psal.
193 2630 371 2662 xxxv1n‚7.
393 2637 433 2644 —-
455 2628 466 2643 ²
483 2621 548 2652 lbi-l
586 2622 633 2652 ιδ.
657 2636 695 2642 —-
717 2617 729 2641 ³
751 2621 840 2650 νων.
864 2629 905 2654 vi,
926 2622 944 2649 o·

1119 2674 1180 2709 ³2.
