1924 3309
373 269 429 309 42
802 278 837 308 s.
873 277 1106 308 Aucus-run
1138 279 1321 308 EPISCOPI

371 356 435 391 est
454 355 599 391 autem
620 346 732 390 bene
750 344 947 405 judicare
967 343 1023 389 ad
1046 345 1183 399 diem,
1208 353 1259 389 ut
1286 343 1457 391 noveris
1479 359 1570 388 non
1592 358 1683 387 esse
1703 343 1759 386 de

371 419 639 462 correctione
660 418 751 477 ejus
768 416 1088 476 desperandum
1109 417 1155 460 in
1173 415 1390 472 futurum,
1410 415 1466 460 de
1487 417 1611 476 cujus
1632 414 1763 474 culpa

372 488 598 533 manifesta
619 488 665 532 in
686 488 912 547 praesentia
931 487 1212 547 judicaveris.

429 560 630 602 LXXXI.
657 556 783 611 Quod
802 566 949 601 autem
966 558 1025 601 ait
1046 577 1054 601 :
1085 575 1104 599 «
1126 560 1283 602 Beatus
1304 557 1381 617 qui
1401 571 1491 601 non
1502 555 1673 615 judicat
1690 569 1761 599 se-

374 649 395 672 »
429 630 664 689 metipsum
686 629 730 672 in
751 645 841 689 quo
860 629 1059 688 probat¹‚
1088 636 1119 669 »'
1135 629 1190 672 ad
1210 628 1256 672 id
1277 629 1547 688 potissimum
1569 625 1764 671 referen-

372 701 480 746 dum
501 711 565 746 est
581 736 592 756 ,
618 700 739 761 quod
760 701 955 760 superius
973 699 1084 744 dixit
1105 719 1115 746 :
1144 719 1165 742 «
1188 703 1287 745 Non
1309 715 1413 758 ergo
1435 698 1766 759 blasphemetur

375 791 396 815 »
430 773 599 817 bonum
631 775 870 817 nostrum‘2.
900 790 921 812 »
946 773 1039 816 Hoc
1061 780 1125 815 est
1146 772 1276 815 etiam
1299 770 1420 831 quod
1441 785 1560 814 nunc
1583 770 1643 814 ait
1664 778 1767 814 ante

373 844 500 888 istam
521 843 794 887 sententiam.
820 861 841 884 «
869 844 935 886 Tu
952 841 1084 886 fidem
1105 857 1238 902 quam
1259 841 1395 885 habes
1410 856 1544 901 penes
1563 840 1769 899 temetip-

377 933 398 955 »
433 929 549 968 sum,
585 914 699 958 habe
734 928 882 958 coram
901 915 993 957 Deo
1009 914 1024 938 ³
1051 931 1061 956 :
1091 931 1110 953 »
1136 922 1186 956 ut
1205 912 1417 972 quoniam
1449 911 1564 956 bona
1585 919 1649 955 est
1674 911 1769 954 haec

375 983 506 1040 fides,
526 1000 614 1044 qua
635 984 854 1028 credimus
877 983 1023 1028 omnia
1039 982 1206 1027 munda
1228 983 1405 1027 mundis
1421 984 1454 1036 4,
1478 990 1522 1025 et
1543 982 1590 1025 iu
1611 996 1662 1025 ea
1682 980 1770 1024 fide

376 1070 457 1100 nos
478 1055 715 1114 probamus
732 1089 743 1108 ,
781 1053 894 1097 bene
917 1063 1093 1097 utamur
1116 1053 1209 1111 ipso
1229 1053 1348 1096 bono
1369 1061 1518 1096 nostro
1539 1073 1550 1109 3
1574 1066 1630 1095 ne
1658 1050 1772 1095 forte

376 1141 478 1170 cum
500 1124 555 1169 ad
577 1124 893 1169 offendiculum
919 1125 1192 1169 infirmorum
1216 1123 1402 1168 fratrum
1430 1139 1482 1167 eo
1508 1123 1626 1167 bono
1647 1122 1772 1166 abusi

376 1195 587 1240 fuerimus
603 1230 614 1250 ‚
636 1210 864 1255 peccemus
881 1196 926 1239 in
948 1194 1098 1238 fratres
1115 1215 1127 1253 3
1148 1204 1192 1238 et
1214 1195 1259 1238 in
1280 1209 1332 1238 eo
1353 1195 1447 1253 ipso
1466 1193 1584 1238 bono
1604 1208 1683 1238 nos
1697 1194 1772 1252 ju-

377 1266 575 1310 dicemus
590 1301 600 1321 ,
625 1281 729 1310 cum
759 1265 1102 1310 scandalizamus
1128 1266 1349 1320 infirmos,
1373 1267 1418 1308 in
1440 1280 1530 1325 quo
1556 1265 1673 1310 bono
1694 1279 1773 1309 nos

376 1337 638 1397 probamus,
665 1352 767 1381 cum
786 1337 878 1396 ipsa
903 1337 1010 1380 fides
1032 1337 1158 1381 nobis
1176 1335 1335 1395 placet.

437 1409 659 1451 LXXXII.
689 1406 818 1459 Quod
839 1416 986 1450 autem
1009 1407 1068 1450 ait
1101 1426 1109 1450 :
1139 1425 1160 1448 «
1186 1406 1292 1450 Dico
1314 1407 1431 1449 enim
1451 1406 1676 1450 Christum
1699 1394 1796 1450 ,ΙΕ-7

381 1495 401 1518 »
436 1491 533 1520 sum
553 1476 800 1520 ministrum
818 1475 946 1519 fuisse
968 1476 1321 1527 circumcisionis,
1342 1485 1523 1535 propter
1543 1476 1771 1520 veritatem

379 1566 401 1589 »
437 1549 531 1602 Dei,
551 1546 606 1591 ad
625 1547 945 1592 confirmandas
966 1547 1273 1606 promissiones
1297 1550 1492 1602 Patrum,
1515 1548 1677 1592 Gentes
1699 1564 1774 1592 au-

380 1638 401 1660 »
440 1628 528 1663 tem
544 1634 674 1678 super
697 1618 990 1662 misericordia
1014 1617 1255 1677 glorificare
1278 1620 1465 1671 Deum⁵7
1481 1636 1500 1659 »
1527 1617 1583 1662 ad
1600 1620 1683 1664 hoc
1705 1618 1773 1662 dj-

378 1689 436 1733 cit
452 1724 462 1744 ‚
483 1697 534 1732 ut
553 1687 803 1747 intelligant
822 1690 982 1733 Gentes
1006 1688 1241 1732 Dominum
1261 1688 1486 1733 Christum
1512 1689 1566 1732 ad
1593 1689 1772 1735 Judaeos

378 1773 469 1802 esse
491 1759 669 1802 missum
686 1793 697 1812 ‚
717 1767 761 1802 et
782 1773 871 1802 non
892 1757 1161 1816 superbiant.
1190 1756 1353 1801 Judaeis
1375 1758 1491 1802 enim
1514 1759 1768 1818 repellenti-

377 1829 459 1873 bus
489 1827 611 1888 quod
641 1827 696 1872 ad
726 1828 838 1886 ipsos
876 1828 1055 1871 missum
1077 1837 1162 1882 est,
1200 1827 1366 1872 factum
1390 1838 1454 1872 est
1483 1839 1534 1873 ut
1555 1831 1772 1875 Gentibus

377 1899 665 1958 Evangelium
689 1898 999 1958 praedicaretur
1022 1918 1031 1943 2
1056 1898 1179 1958 quod
1200 1908 1243 1943 et
1264 1900 1309 1943 in
1327 1901 1510 1945 Actibus
1532 1902 1766 1961 Apostolo-

378 1987 475 2016 rum
497 1970 845 2015 manifestissime
873 1970 1100 2025 scribitur,
1137 1986 1238 2015 cum
1261 1970 1415 2016 dicunt
1452 1973 1650 2032 Apostoli
1686 1977 1770 2018 Ju-

379 2042 483 2086 daeis
504 2061 513 2086 :
543 2061 562 2083 «
588 2041 722 2085 Vobis
750 2041 940 2100 primum
977 2042 1173 2100 oportuit
1204 2041 1429 2101 praedicari
1453 2043 1638 2087 verbum
1657 2080 1667 2099 ,
1692 2045 1769 2089 sed

380 2131 401 2154 »
437 2112 646 2173 quoniam
665 2111 868 2170 indiguos
890 2127 965 2156 vos
978 2110 1204 2171 judicastis
1222 2147 1232 2168 ,
1259 2127 1359 2156 ecce
1377 2115 1671 2158 convertimus
1692 2130 1771 2160 nos

381 2201 402 2224 »
438 2182 493 2226 ad
510 2183 670 2226 Gentes
686 2183 718 2225 ⁶.
736 2200 756 2222 η
785 2180 1034 2226 Secundum
1053 2182 1142 2241 ipsa
1165 2183 1294 2226 etiam
1312 2183 1485 2227 Domini
1508 2185 1769 2239 testimonia,

380 2268 480 2297 cum
504 2252 611 2297 dicit
632 2272 640 2296 :
660 2272 681 2294 «
701 2254 798 2297 Non
816 2267 911 2295 sum
929 2252 1083 2296 missus
1106 2253 1187 2296 nisi
1209 2252 1263 2296 ad
1281 2268 1381 2298 oves
1403 2254 1593 2313 perditas
1616 2255 1771 2301 domus

383 2342 403 2365 »
441 2325 569 2366 Israel
593 2342 602 2367 2
631 2340 650 2363 »
676 2332 719 2366 et
740 2322 899 2367 iterum
921 2342 930 2367 :
961 2342 980 2365 «
1001 2325 1100 2367 Non
1121 2331 1184 2366 est
1209 2323 1376 2367 bonum
1398 2340 1558 2383 panem
1578 2325 1771 2371 filiorum

383 2413 405 2438 »
439 2395 610 2438 mittere
631 2393 811 2437 canibus
831 2395 861 2436 ⁷.
898 2412 917 2434 »
943 2394 1074 2447 Quod
1096 2395 1256 2438 Gentes
1279 2395 1313 2438 si
1336 2395 1448 2439 bene
1465 2396 1742 2442 considerent
1756 2434 1767 2453 ‚

380 2463 634 2524 intelligunt
658 2465 736 2508 ista
757 2480 833 2509 sua
855 2464 941 2508 fide
956 2500 966 2520 ‚
992 2481 1078 2525 qua
1097 2466 1186 2525 jam
1205 2465 1392 2510 credunt
1406 2501 1417 2521 ‚
1443 2468 1586 2512 omnia
1605 2468 1771 2514 munda

429 2566 440 2583 ¹
465 2562 555 2592 Rom.
575 2570 647 2600 xiv,
667 2567 722 2592 22.
738 2576 779 2581 —
802 2559 915 2591 ²1bid.
941 2560 990 2591 16.
1012 2576 1053 2582 -
1074 2557 1087 2582 3
1105 2559 1186 2591 lbid.
1209 2569 1262 2592 22.
1284 2575 1323 2583 ω
1344 2559 1358 2590 4
1378 2562 1429 2594 Tit
1462 2574 1483 2603 ι,
1506 2563 1556 2595 15.
1578 2580 1617 2587 —
1637 2562 1653 2586 5
1670 2566 1761 2598 Rom.

381 2626 436 2657 xv,
454 2616 487 2657 8,
503 2627 534 2657 9.
557 2632 598 2640 -—·
616 2614 630 2638 ὃ
645 2618 718 2648 Act.
737 2626 808 2657 xm,
822 2614 878 2656 46.
899 2633 939 2639 —
956 2623 968 2648 7
984 2615 1098 2648 Matth.
1120 2626 1174 2657 xv,
1193 2615 1233 2658 24'
1256 2621 1287 2648 ct
1307 2616 1362 2649 26.

1072 3243 1078 3250 ι
1114 3230 1226 3285 ‘affl-„52⁴
1245 3253 1259 3274 ι
