<?xml version="1.0" encoding="UTF-8"?>
<!DOCTYPE html PUBLIC "-//W3C//DTD XHTML 1.0 Transitional//EN"
    "http://www.w3.org/TR/xhtml1/DTD/xhtml1-transitional.dtd">
<html xmlns="http://www.w3.org/1999/xhtml" xml:lang="en" lang="en">
 <head>
  <title>
</title>
<meta http-equiv="Content-Type" content="text/html;charset=utf-8" />
  <meta name='ocr-system' content='tesseract 3.04.00' />
  <meta name='ocr-capabilities' content='ocr_page ocr_carea ocr_par ocr_line ocrx_word'/>
</head>
<body>
  <div class='ocr_page' id='page_1' title='image "./operaomniaaccura17auguuoft_0337.png"; bbox 0 0 1867 3320; ppageno 0'>
   <div class='ocr_carea' id='block_1_1' title="bbox 369 251 1447 294">
    <p class='ocr_par' dir='ltr' id='par_1_1' title="bbox 369 251 1447 294">
     <span class='ocr_line' id='line_1_1' title="bbox 369 251 1447 294; baseline 0.005 -10"><span class='ocrx_word' id='word_1_1' title='bbox 369 257 508 285; x_wconf 68' lang='lat' dir='ltr'>smnio</span> <span class='ocrx_word' id='word_1_2' title='bbox 537 254 673 294; x_wconf 79' lang='lat' dir='ltr'>xvnr,</span> <span class='ocrx_word' id='word_1_3' title='bbox 709 255 763 283; x_wconf 73' lang='lat' dir='ltr'>nn</span> <span class='ocrx_word' id='word_1_4' title='bbox 796 255 943 283; x_wconf 75' lang='lat' dir='ltr'>nomm</span> <span class='ocrx_word' id='word_1_5' title='bbox 974 258 1124 287; x_wconf 65' lang='lat' dir='ltr'>vmzsc.</span> <span class='ocrx_word' id='word_1_6' title='bbox 1365 251 1447 289; x_wconf 75' lang='lat'>327</span> 
     </span>
    </p>
   </div>
   <div class='ocr_carea' id='block_1_2' title="bbox 0 319 1462 1569">
    <p class='ocr_par' dir='ltr' id='par_1_2' title="bbox 0 319 1462 1569">
     <span class='ocr_line' id='line_1_2' title="bbox 70 319 1451 383; baseline 0.002 -16"><span class='ocrx_word' id='word_1_7' title='bbox 70 323 316 383; x_wconf 84' lang='lat' dir='ltr'>iniquitates</span> <span class='ocrx_word' id='word_1_8' title='bbox 338 335 505 375; x_wconf 85' lang='lat' dir='ltr'>eorum,</span> <span class='ocrx_word' id='word_1_9' title='bbox 526 320 637 364; x_wconf 91' lang='lat' dir='ltr'>sicut</span> <span class='ocrx_word' id='word_1_10' title='bbox 653 319 812 364; x_wconf 90' lang='lat' dir='ltr'>dicitur</span> <span class='ocrx_word' id='word_1_11' title='bbox 829 320 874 364; x_wconf 91' lang='lat' dir='ltr'>in</span> <span class='ocrx_word' id='word_1_12' title='bbox 893 319 1007 364; x_wconf 92' lang='lat' dir='ltr'>libro</span> <span class='ocrx_word' id='word_1_13' title='bbox 1028 323 1255 380; x_wconf 73' lang='lat' dir='ltr'>Sapientiae</span> <span class='ocrx_word' id='word_1_14' title='bbox 1273 343 1281 368; x_wconf 89' lang='grc'>;</span> <span class='ocrx_word' id='word_1_15' title='bbox 1300 327 1451 378; x_wconf 89' lang='lat' dir='ltr'>«Quid</span> 
     </span>
     <span class='ocr_line' id='line_1_3' title="bbox 74 390 1448 454; baseline 0.004 -20"><span class='ocrx_word' id='word_1_16' title='bbox 74 412 94 436; x_wconf 73' lang='lat' dir='ltr'>n</span> <span class='ocrx_word' id='word_1_17' title='bbox 129 392 253 438; x_wconf 90' lang='lat' dir='ltr'>nobis</span> <span class='ocrx_word' id='word_1_18' title='bbox 286 391 452 452; x_wconf 84' lang='lat' dir='ltr'>profuit</span> <span class='ocrx_word' id='word_1_19' title='bbox 481 391 705 450; x_wconf 87' lang='lat' dir='ltr'>superbia,</span> <span class='ocrx_word' id='word_1_20' title='bbox 752 400 795 435; x_wconf 92' lang='lat' dir='ltr'>et</span> <span class='ocrx_word' id='word_1_21' title='bbox 825 390 1075 436; x_wconf 88' lang='lat' dir='ltr'>divitiarum</span> <span class='ocrx_word' id='word_1_22' title='bbox 1106 393 1311 451; x_wconf 79' lang='lat' dir='ltr'>jactantia</span> <span class='ocrx_word' id='word_1_23' title='bbox 1342 396 1448 454; x_wconf 88' lang='lat' dir='ltr'>quid</span> 
     </span>
     <span class='ocr_line' id='line_1_4' title="bbox 73 462 1450 510; baseline 0.004 -5"><span class='ocrx_word' id='word_1_24' title='bbox 73 483 94 507; x_wconf 89' lang='lat'>»</span> <span class='ocrx_word' id='word_1_25' title='bbox 129 464 316 509; x_wconf 92' lang='lat' dir='ltr'>contulit</span> <span class='ocrx_word' id='word_1_26' title='bbox 337 463 462 508; x_wconf 91' lang='lat' dir='ltr'>nobis</span> <span class='ocrx_word' id='word_1_27' title='bbox 479 465 495 504; x_wconf 67' lang='grc' dir='ltr'>’ἲ</span> <span class='ocrx_word' id='word_1_28' title='bbox 515 463 796 507; x_wconf 89' lang='lat' dir='ltr'>Transierunt</span> <span class='ocrx_word' id='word_1_29' title='bbox 817 463 962 507; x_wconf 89' lang='lat' dir='ltr'>omnia</span> <span class='ocrx_word' id='word_1_30' title='bbox 979 462 1091 507; x_wconf 89' lang='lat' dir='ltr'>sicut</span> <span class='ocrx_word' id='word_1_31' title='bbox 1110 464 1265 508; x_wconf 88' lang='lat' dir='ltr'>umbra</span> <span class='ocrx_word' id='word_1_32' title='bbox 1280 469 1309 508; x_wconf 87' lang='lat'>¹.</span> <span class='ocrx_word' id='word_1_33' title='bbox 1339 485 1358 506; x_wconf 92' lang='lat'>»</span> <span class='ocrx_word' id='word_1_34' title='bbox 1375 468 1450 510; x_wconf 87' lang='lat' dir='ltr'>Vi-</span> 
     </span>
     <span class='ocr_line' id='line_1_5' title="bbox 0 529 1449 594; baseline 0.001 -16"><span class='ocrx_word' id='word_1_35' title='bbox 0 529 2 533; x_wconf 59' lang='grc'><em>’</em></span> <span class='ocrx_word' id='word_1_36' title='bbox 71 533 181 578; x_wconf 89' lang='lat' dir='ltr'>detis</span> <span class='ocrx_word' id='word_1_37' title='bbox 203 534 304 594; x_wconf 90' lang='lat' dir='ltr'>quia</span> <span class='ocrx_word' id='word_1_38' title='bbox 322 533 555 593; x_wconf 88' lang='lat' dir='ltr'>poenitebit</span> <span class='ocrx_word' id='word_1_39' title='bbox 577 548 648 578; x_wconf 87' lang='lat' dir='ltr'>eos</span> <span class='ocrx_word' id='word_1_40' title='bbox 669 552 677 577; x_wconf 91' lang='lat'>:</span> <span class='ocrx_word' id='word_1_41' title='bbox 704 532 782 577; x_wconf 92' lang='lat' dir='ltr'>sed</span> <span class='ocrx_word' id='word_1_42' title='bbox 801 533 882 578; x_wconf 88' lang='lat' dir='ltr'>ista</span> <span class='ocrx_word' id='word_1_43' title='bbox 903 534 1160 593; x_wconf 85' lang='lat' dir='ltr'>poenitentia</span> <span class='ocrx_word' id='word_1_44' title='bbox 1182 535 1422 580; x_wconf 83' lang='lat' dir='ltr'>cruciabilis</span> <span class='ocrx_word' id='word_1_45' title='bbox 1438 572 1449 592; x_wconf 82' lang='lat'>,</span> 
     </span>
     <span class='ocr_line' id='line_1_6' title="bbox 0 602 1450 663; baseline 0.001 -14"><span class='ocrx_word' id='word_1_46' title='bbox 0 602 1 611; x_wconf 49' lang='lat'>¹</span> <span class='ocrx_word' id='word_1_47' title='bbox 72 620 160 649; x_wconf 90' lang='lat' dir='ltr'>non</span> <span class='ocrx_word' id='word_1_48' title='bbox 175 604 392 648; x_wconf 89' lang='lat' dir='ltr'>sanabilis.</span> <span class='ocrx_word' id='word_1_49' title='bbox 406 605 480 648; x_wconf 92' lang='lat' dir='ltr'>Vis</span> <span class='ocrx_word' id='word_1_50' title='bbox 492 603 652 648; x_wconf 88' lang='lat' dir='ltr'>habere</span> <span class='ocrx_word' id='word_1_51' title='bbox 664 604 818 648; x_wconf 88' lang='lat' dir='ltr'>utilem</span> <span class='ocrx_word' id='word_1_52' title='bbox 832 604 1133 663; x_wconf 83' lang='lat' dir='ltr'>poenitentiam</span> <span class='ocrx_word' id='word_1_53' title='bbox 1145 606 1164 648; x_wconf 83' lang='lat'>?</span> <span class='ocrx_word' id='word_1_54' title='bbox 1176 604 1308 648; x_wconf 82' lang='lat' dir='ltr'>Modo</span> <span class='ocrx_word' id='word_1_55' title='bbox 1322 606 1450 650; x_wconf 89' lang='lat' dir='ltr'>habe.</span> 
     </span>
     <span class='ocr_line' id='line_1_7' title="bbox 75 675 1458 733; baseline -0.001 -13"><span class='ocrx_word' id='word_1_56' title='bbox 75 676 118 720; x_wconf 89' lang='lat' dir='ltr'>Si</span> <span class='ocrx_word' id='word_1_57' title='bbox 146 677 262 719; x_wconf 88' lang='lat' dir='ltr'>enim</span> <span class='ocrx_word' id='word_1_58' title='bbox 284 675 415 719; x_wconf 91' lang='lat' dir='ltr'>modo</span> <span class='ocrx_word' id='word_1_59' title='bbox 438 675 663 730; x_wconf 83' lang='lat' dir='ltr'>habueris,</span> <span class='ocrx_word' id='word_1_60' title='bbox 689 675 912 733; x_wconf 88' lang='lat' dir='ltr'>corrigeris</span> <span class='ocrx_word' id='word_1_61' title='bbox 939 695 947 719; x_wconf 78' lang='lat' dir='ltr'><strong><em>z</em></strong></span> <span class='ocrx_word' id='word_1_62' title='bbox 973 691 1074 720; x_wconf 86' lang='lat' dir='ltr'>cum</span> <span class='ocrx_word' id='word_1_63' title='bbox 1107 684 1325 720; x_wconf 88' lang='lat' dir='ltr'>correctus</span> <span class='ocrx_word' id='word_1_64' title='bbox 1359 675 1458 719; x_wconf 73' lang='lat' dir='ltr'>lue-</span> 
     </span>
     <span class='ocr_line' id='line_1_8' title="bbox 74 744 1458 805; baseline 0.001 -16"><span class='ocrx_word' id='word_1_65' title='bbox 74 747 153 801; x_wconf 90' lang='lat' dir='ltr'>ris,</span> <span class='ocrx_word' id='word_1_66' title='bbox 172 744 382 790; x_wconf 87' lang='lat' dir='ltr'>fundetur</span> <span class='ocrx_word' id='word_1_67' title='bbox 399 744 472 789; x_wconf 88' lang='lat' dir='ltr'>ille</span> <span class='ocrx_word' id='word_1_68' title='bbox 496 746 724 790; x_wconf 85' lang='lat' dir='ltr'>thesaurus</span> <span class='ocrx_word' id='word_1_69' title='bbox 748 754 871 800; x_wconf 84' lang='lat' dir='ltr'>tuus,</span> <span class='ocrx_word' id='word_1_70' title='bbox 897 746 973 789; x_wconf 92' lang='lat' dir='ltr'>ubi</span> <span class='ocrx_word' id='word_1_71' title='bbox 1011 745 1326 805; x_wconf 83' lang='lat' dir='ltr'>colligebantur</span> <span class='ocrx_word' id='word_1_72' title='bbox 1347 746 1458 791; x_wconf 90' lang='lat' dir='ltr'>mala</span> 
     </span>
     <span class='ocr_line' id='line_1_9' title="bbox 73 815 1461 876; baseline 0 -15"><span class='ocrx_word' id='word_1_73' title='bbox 73 831 203 875; x_wconf 87' lang='lat' dir='ltr'>opera</span> <span class='ocrx_word' id='word_1_74' title='bbox 213 825 305 871; x_wconf 81' lang='lat' dir='ltr'>tua,</span> <span class='ocrx_word' id='word_1_75' title='bbox 317 825 361 859; x_wconf 91' lang='lat' dir='ltr'>et</span> <span class='ocrx_word' id='word_1_76' title='bbox 372 815 625 875; x_wconf 87' lang='lat' dir='ltr'>implebitur</span> <span class='ocrx_word' id='word_1_77' title='bbox 636 816 744 861; x_wconf 87' lang='lat' dir='ltr'>alius</span> <span class='ocrx_word' id='word_1_78' title='bbox 761 816 984 860; x_wconf 86' lang='lat' dir='ltr'>thesaurus</span> <span class='ocrx_word' id='word_1_79' title='bbox 995 817 1196 872; x_wconf 89' lang='lat' dir='ltr'>tuus‚ubi</span> <span class='ocrx_word' id='word_1_80' title='bbox 1206 817 1321 861; x_wconf 91' lang='lat' dir='ltr'>bona</span> <span class='ocrx_word' id='word_1_81' title='bbox 1329 831 1461 876; x_wconf 88' lang='lat' dir='ltr'>opera</span> 
     </span>
     <span class='ocr_line' id='line_1_10' title="bbox 74 886 1461 945; baseline 0.001 -14"><span class='ocrx_word' id='word_1_82' title='bbox 74 897 149 931; x_wconf 88' lang='lat' dir='ltr'>tua</span> <span class='ocrx_word' id='word_1_83' title='bbox 162 886 439 945; x_wconf 85' lang='lat' dir='ltr'>colligantur.</span> <span class='ocrx_word' id='word_1_84' title='bbox 467 886 552 932; x_wconf 90' lang='lat' dir='ltr'>Sed</span> <span class='ocrx_word' id='word_1_85' title='bbox 573 886 685 932; x_wconf 87' lang='lat' dir='ltr'>forte</span> <span class='ocrx_word' id='word_1_86' title='bbox 706 902 938 932; x_wconf 89' lang='lat' dir='ltr'>conversus</span> <span class='ocrx_word' id='word_1_87' title='bbox 961 888 1014 932; x_wconf 92' lang='lat' dir='ltr'>ad</span> <span class='ocrx_word' id='word_1_88' title='bbox 1030 891 1183 943; x_wconf 81' lang='lat' dir='ltr'>Deum,</span> <span class='ocrx_word' id='word_1_89' title='bbox 1200 888 1343 933; x_wconf 87' lang='lat' dir='ltr'>statim</span> <span class='ocrx_word' id='word_1_90' title='bbox 1364 903 1461 932; x_wconf 88' lang='lat' dir='ltr'>mo-</span> 
     </span>
     <span class='ocr_line' id='line_1_11' title="bbox 26 954 1462 1015; baseline 0.001 -14"><span class='ocrx_word' id='word_1_91' title='bbox 26 954 33 960; x_wconf 74' lang='grc'><strong>”</strong></span> <span class='ocrx_word' id='word_1_92' title='bbox 73 957 215 1012; x_wconf 69' lang='lat' dir='ltr'>fieris,</span> <span class='ocrx_word' id='word_1_93' title='bbox 238 972 368 1015; x_wconf 88' lang='lat' dir='ltr'>opera</span> <span class='ocrx_word' id='word_1_94' title='bbox 387 966 462 1001; x_wconf 83' lang='lat' dir='ltr'>tua</span> <span class='ocrx_word' id='word_1_95' title='bbox 478 956 599 1000; x_wconf 86' lang='lat' dir='ltr'>nulla</span> <span class='ocrx_word' id='word_1_96' title='bbox 617 956 730 1001; x_wconf 88' lang='lat' dir='ltr'>forte</span> <span class='ocrx_word' id='word_1_97' title='bbox 754 958 1032 1001; x_wconf 77' lang='lat' dir='ltr'>invenientur</span> <span class='ocrx_word' id='word_1_98' title='bbox 1054 958 1102 1001; x_wconf 84' lang='lat' dir='ltr'>in</span> <span class='ocrx_word' id='word_1_99' title='bbox 1122 957 1197 1002; x_wconf 91' lang='lat' dir='ltr'>illo</span> <span class='ocrx_word' id='word_1_100' title='bbox 1225 959 1462 1002; x_wconf 75' lang='lat' dir='ltr'>thesauro?</span> 
     </span>
     <span class='ocr_line' id='line_1_12' title="bbox 73 1026 1460 1087; baseline 0 -16"><span class='ocrx_word' id='word_1_101' title='bbox 73 1026 207 1071; x_wconf 89' lang='lat' dir='ltr'>Plane</span> <span class='ocrx_word' id='word_1_102' title='bbox 228 1027 288 1070; x_wconf 91' lang='lat' dir='ltr'>ibi</span> <span class='ocrx_word' id='word_1_103' title='bbox 310 1027 501 1070; x_wconf 89' lang='lat' dir='ltr'>invenies</span> <span class='ocrx_word' id='word_1_104' title='bbox 518 1041 648 1086; x_wconf 87' lang='lat' dir='ltr'>opera</span> <span class='ocrx_word' id='word_1_105' title='bbox 670 1036 768 1082; x_wconf 90' lang='lat' dir='ltr'>tua,</span> <span class='ocrx_word' id='word_1_106' title='bbox 794 1027 896 1086; x_wconf 90' lang='lat' dir='ltr'>quia</span> <span class='ocrx_word' id='word_1_107' title='bbox 917 1028 1127 1087; x_wconf 87' lang='lat' dir='ltr'>scriptum</span> <span class='ocrx_word' id='word_1_108' title='bbox 1145 1037 1208 1071; x_wconf 89' lang='lat' dir='ltr'>est</span> <span class='ocrx_word' id='word_1_109' title='bbox 1229 1047 1237 1072; x_wconf 89' lang='lat'><strong>:</strong></span> <span class='ocrx_word' id='word_1_110' title='bbox 1261 1046 1281 1068; x_wconf 90' lang='lat'>«</span> <span class='ocrx_word' id='word_1_111' title='bbox 1307 1030 1393 1071; x_wconf 84' lang='lat' dir='ltr'>Pax</span> <span class='ocrx_word' id='word_1_112' title='bbox 1417 1029 1460 1071; x_wconf 86' lang='lat' dir='ltr'>in</span> 
     </span>
     <span class='ocr_line' id='line_1_13' title="bbox 76 1093 1462 1143; baseline 0.002 -4"><span class='ocrx_word' id='word_1_113' title='bbox 76 1117 96 1140; x_wconf 89' lang='lat'>»</span> <span class='ocrx_word' id='word_1_114' title='bbox 131 1108 245 1142; x_wconf 88' lang='lat' dir='ltr'>terra</span> <span class='ocrx_word' id='word_1_115' title='bbox 265 1097 516 1142; x_wconf 89' lang='lat' dir='ltr'>hominibus</span> <span class='ocrx_word' id='word_1_116' title='bbox 540 1097 669 1142; x_wconf 86' lang='lat' dir='ltr'>bonae</span> <span class='ocrx_word' id='word_1_117' title='bbox 691 1096 971 1142; x_wconf 74' lang='lat' dir='ltr'>voluntatis2.</span> <span class='ocrx_word' id='word_1_118' title='bbox 993 1117 1013 1139; x_wconf 69' lang='grc' dir='ltr'><strong>υ</strong></span> <span class='ocrx_word' id='word_1_119' title='bbox 1035 1093 1151 1143; x_wconf 81' lang='lat' dir='ltr'>D‘eus</span> <span class='ocrx_word' id='word_1_120' title='bbox 1173 1114 1262 1143; x_wconf 90' lang='lat' dir='ltr'>non</span> <span class='ocrx_word' id='word_1_121' title='bbox 1284 1108 1462 1142; x_wconf 88' lang='lat' dir='ltr'>annotat</span> 
     </span>
     <span class='ocr_line' id='line_1_14' title="bbox 73 1169 1458 1231; baseline -0.002 -16"><span class='ocrx_word' id='word_1_122' title='bbox 73 1170 328 1216; x_wconf 87' lang='lat' dir='ltr'>facultatem</span> <span class='ocrx_word' id='word_1_123' title='bbox 345 1206 356 1225; x_wconf 88' lang='lat'>,</span> <span class='ocrx_word' id='word_1_124' title='bbox 401 1170 475 1214; x_wconf 86' lang='lat' dir='ltr'>sed</span> <span class='ocrx_word' id='word_1_125' title='bbox 497 1180 678 1215; x_wconf 88' lang='lat' dir='ltr'>coronat</span> <span class='ocrx_word' id='word_1_126' title='bbox 698 1170 984 1215; x_wconf 88' lang='lat' dir='ltr'>voluntatem.</span> <span class='ocrx_word' id='word_1_127' title='bbox 1011 1172 1098 1216; x_wconf 89' lang='lat' dir='ltr'>Scit</span> <span class='ocrx_word' id='word_1_128' title='bbox 1125 1171 1225 1231; x_wconf 88' lang='lat' dir='ltr'>quia</span> <span class='ocrx_word' id='word_1_129' title='bbox 1262 1169 1458 1224; x_wconf 85' lang='lat' dir='ltr'>voluisti,</span> 
     </span>
     <span class='ocr_line' id='line_1_15' title="bbox 73 1239 1458 1300; baseline -0.001 -15"><span class='ocrx_word' id='word_1_130' title='bbox 73 1251 117 1285; x_wconf 88' lang='lat' dir='ltr'>et</span> <span class='ocrx_word' id='word_1_131' title='bbox 137 1256 227 1285; x_wconf 92' lang='lat' dir='ltr'>non</span> <span class='ocrx_word' id='word_1_132' title='bbox 255 1240 464 1300; x_wconf 77' lang='lat' dir='ltr'>potuisti3</span> <span class='ocrx_word' id='word_1_133' title='bbox 500 1241 560 1286; x_wconf 88' lang='lat' dir='ltr'>sic</span> <span class='ocrx_word' id='word_1_134' title='bbox 585 1250 625 1284; x_wconf 89' lang='lat' dir='ltr'>te</span> <span class='ocrx_word' id='word_1_135' title='bbox 656 1249 859 1295; x_wconf 85' lang='lat' dir='ltr'>annotat,</span> <span class='ocrx_word' id='word_1_136' title='bbox 899 1240 1023 1300; x_wconf 90' lang='lat' dir='ltr'>quasi</span> <span class='ocrx_word' id='word_1_137' title='bbox 1058 1239 1209 1285; x_wconf 87' lang='lat' dir='ltr'>feceris</span> <span class='ocrx_word' id='word_1_138' title='bbox 1231 1239 1350 1300; x_wconf 88' lang='lat' dir='ltr'>quod</span> <span class='ocrx_word' id='word_1_139' title='bbox 1377 1255 1458 1284; x_wconf 92' lang='lat' dir='ltr'>vo-</span> 
     </span>
     <span class='ocr_line' id='line_1_16' title="bbox 73 1309 1459 1370; baseline -0.001 -15"><span class='ocrx_word' id='word_1_140' title='bbox 73 1310 205 1355; x_wconf 90' lang='lat' dir='ltr'>luisti.</span> <span class='ocrx_word' id='word_1_141' title='bbox 231 1313 347 1369; x_wconf 87' lang='lat' dir='ltr'>Ergo</span> <span class='ocrx_word' id='word_1_142' title='bbox 369 1326 478 1370; x_wconf 90' lang='lat' dir='ltr'>opus</span> <span class='ocrx_word' id='word_1_143' title='bbox 500 1321 563 1354; x_wconf 79' lang='lat' dir='ltr'>est</span> <span class='ocrx_word' id='word_1_144' title='bbox 583 1320 630 1355; x_wconf 92' lang='lat' dir='ltr'>ut</span> <span class='ocrx_word' id='word_1_145' title='bbox 657 1310 944 1363; x_wconf 87' lang='lat' dir='ltr'>convertaris,</span> <span class='ocrx_word' id='word_1_146' title='bbox 970 1325 1025 1354; x_wconf 87' lang='lat' dir='ltr'>ne</span> <span class='ocrx_word' id='word_1_147' title='bbox 1048 1309 1292 1354; x_wconf 85' lang='lat' dir='ltr'>differendo</span> <span class='ocrx_word' id='word_1_148' title='bbox 1314 1309 1459 1354; x_wconf 89' lang='lat' dir='ltr'>subito</span> 
     </span>
     <span class='ocr_line' id='line_1_17' title="bbox 73 1379 1456 1442; baseline -0.001 -16"><span class='ocrx_word' id='word_1_149' title='bbox 73 1382 291 1438; x_wconf 85' lang='lat' dir='ltr'>moriaris,</span> <span class='ocrx_word' id='word_1_150' title='bbox 318 1391 362 1426; x_wconf 91' lang='lat' dir='ltr'>et</span> <span class='ocrx_word' id='word_1_151' title='bbox 391 1382 568 1426; x_wconf 89' lang='lat' dir='ltr'>omnino</span> <span class='ocrx_word' id='word_1_152' title='bbox 593 1381 703 1426; x_wconf 91' lang='lat' dir='ltr'>nihil</span> <span class='ocrx_word' id='word_1_153' title='bbox 735 1381 981 1425; x_wconf 89' lang='lat' dir='ltr'>inveniatur</span> <span class='ocrx_word' id='word_1_154' title='bbox 1013 1379 1133 1442; x_wconf 91' lang='lat' dir='ltr'>quod</span> <span class='ocrx_word' id='word_1_155' title='bbox 1174 1382 1219 1424; x_wconf 91' lang='lat' dir='ltr'>in</span> <span class='ocrx_word' id='word_1_156' title='bbox 1256 1382 1456 1441; x_wconf 84' lang='lat' dir='ltr'>praesenti</span> 
     </span>
     <span class='ocr_line' id='line_1_18' title="bbox 74 1450 1457 1513; baseline -0.002 -16"><span class='ocrx_word' id='word_1_157' title='bbox 74 1453 236 1498; x_wconf 89' lang='lat' dir='ltr'>habeas</span> <span class='ocrx_word' id='word_1_158' title='bbox 258 1489 269 1509; x_wconf 85' lang='lat'>‚</span> <span class='ocrx_word' id='word_1_159' title='bbox 317 1463 360 1499; x_wconf 92' lang='lat' dir='ltr'>et</span> <span class='ocrx_word' id='word_1_160' title='bbox 400 1453 446 1498; x_wconf 91' lang='lat' dir='ltr'>in</span> <span class='ocrx_word' id='word_1_161' title='bbox 492 1452 642 1498; x_wconf 74' lang='lat' dir='ltr'>futuro</span> <span class='ocrx_word' id='word_1_162' title='bbox 686 1451 918 1513; x_wconf 87' lang='lat' dir='ltr'>possideas.</span> <span class='ocrx_word' id='word_1_163' title='bbox 965 1452 1168 1498; x_wconf 87' lang='lat' dir='ltr'>Conversi</span> <span class='ocrx_word' id='word_1_164' title='bbox 1212 1450 1265 1496; x_wconf 92' lang='lat' dir='ltr'>ad</span> <span class='ocrx_word' id='word_1_165' title='bbox 1308 1451 1457 1495; x_wconf 86' lang='lat' dir='ltr'>Domi-</span> 
     </span>
     <span class='ocr_line' id='line_1_19' title="bbox 74 1533 291 1569; baseline 0.005 -1"><span class='ocrx_word' id='word_1_166' title='bbox 74 1539 180 1568; x_wconf 89' lang='lat' dir='ltr'>num</span> <span class='ocrx_word' id='word_1_167' title='bbox 206 1533 291 1569; x_wconf 89' lang='lat' dir='ltr'>etc.</span> 
     </span>
    </p>
   </div>
   <div class='ocr_carea' id='block_1_3' title="bbox 131 1631 652 1675">
    <p class='ocr_par' dir='ltr' id='par_1_3' title="bbox 131 1631 652 1675">
     <span class='ocr_line' id='line_1_20' title="bbox 131 1631 652 1675; baseline -0.002 -11"><span class='ocrx_word' id='word_1_168' title='bbox 131 1639 139 1655; x_wconf 90' lang='lat'>¹</span> <span class='ocrx_word' id='word_1_169' title='bbox 161 1634 238 1675; x_wconf 82' lang='lat' dir='ltr'>Sap.</span> <span class='ocrx_word' id='word_1_170' title='bbox 258 1643 294 1669; x_wconf 86' lang='lat' dir='ltr'>v,</span> <span class='ocrx_word' id='word_1_171' title='bbox 312 1632 343 1664; x_wconf 89' lang='lat'>8.</span> <span class='ocrx_word' id='word_1_172' title='bbox 367 1648 405 1655; x_wconf 91' lang='lat'>—</span> <span class='ocrx_word' id='word_1_173' title='bbox 427 1639 438 1654; x_wconf 86' lang='lat'>²</span> <span class='ocrx_word' id='word_1_174' title='bbox 454 1632 531 1664; x_wconf 87' lang='lat' dir='ltr'>Luc.</span> <span class='ocrx_word' id='word_1_175' title='bbox 548 1642 582 1671; x_wconf 84' lang='lat' dir='ltr'>n,</span> <span class='ocrx_word' id='word_1_176' title='bbox 603 1631 652 1672; x_wconf 63' lang='lat'>130.</span> 
     </span>
    </p>
   </div>
  </div>
 </body>
</html>
