<?xml version="1.0" encoding="UTF-8"?>
<!DOCTYPE html PUBLIC "-//W3C//DTD XHTML 1.0 Transitional//EN"
    "http://www.w3.org/TR/xhtml1/DTD/xhtml1-transitional.dtd">
<html xmlns="http://www.w3.org/1999/xhtml" xml:lang="en" lang="en">
 <head>
  <title>
</title>
<meta http-equiv="Content-Type" content="text/html;charset=utf-8" />
  <meta name='ocr-system' content='tesseract 3.04.00' />
  <meta name='ocr-capabilities' content='ocr_page ocr_carea ocr_par ocr_line ocrx_word'/>
</head>
<body>
  <div class='ocr_page' id='page_1' title='image "./operaomniaaccura17auguuoft_0152.png"; bbox 0 0 1924 3309; ppageno 0'>
   <div class='ocr_carea' id='block_1_1' title="bbox 453 267 1399 310">
    <p class='ocr_par' dir='ltr' id='par_1_1' title="bbox 453 267 1399 310">
     <span class='ocr_line' id='line_1_1' title="bbox 453 267 1399 310; baseline -0.001 -3"><span class='ocrx_word' id='word_1_1' title='bbox 453 267 536 310; x_wconf 73' lang='lat'>142</span> <span class='ocrx_word' id='word_1_2' title='bbox 886 277 920 305; x_wconf 89' lang='lat' dir='ltr'>s.</span> <span class='ocrx_word' id='word_1_3' title='bbox 956 278 1186 307; x_wconf 72' lang='lat' dir='ltr'>Auous&#39;ruu</span> <span class='ocrx_word' id='word_1_4' title='bbox 1220 280 1399 307; x_wconf 81' lang='lat' dir='ltr'>EPlscom</span> 
     </span>
    </p>
   </div>
   <div class='ocr_carea' id='block_1_2' title="bbox 444 343 1836 828">
    <p class='ocr_par' dir='ltr' id='par_1_2' title="bbox 444 343 1836 828">
     <span class='ocr_line' id='line_1_2' title="bbox 449 343 1836 403; baseline 0 -13"><span class='ocrx_word' id='word_1_5' title='bbox 449 345 591 391; x_wconf 84' lang='lat' dir='ltr'>curari</span> <span class='ocrx_word' id='word_1_6' title='bbox 617 343 749 388; x_wconf 91' lang='lat' dir='ltr'>modo</span> <span class='ocrx_word' id='word_1_7' title='bbox 765 379 776 399; x_wconf 97' lang='lat'>,</span> <span class='ocrx_word' id='word_1_8' title='bbox 796 344 865 388; x_wconf 85' lang='lat' dir='ltr'>vix</span> <span class='ocrx_word' id='word_1_9' title='bbox 886 343 1036 403; x_wconf 85' lang='lat' dir='ltr'>lingua</span> <span class='ocrx_word' id='word_1_10' title='bbox 1068 345 1157 402; x_wconf 86' lang='lat' dir='ltr'>ipsa</span> <span class='ocrx_word' id='word_1_11' title='bbox 1191 360 1342 389; x_wconf 91' lang='lat' dir='ltr'>eorum</span> <span class='ocrx_word' id='word_1_12' title='bbox 1365 345 1511 389; x_wconf 89' lang='lat' dir='ltr'>relicta</span> <span class='ocrx_word' id='word_1_13' title='bbox 1533 345 1669 390; x_wconf 81' lang='lat' dir='ltr'>libera</span> <span class='ocrx_word' id='word_1_14' title='bbox 1698 346 1836 390; x_wconf 78' lang='lat' dir='ltr'>omni-</span> 
     </span>
     <span class='ocr_line' id='line_1_3' title="bbox 448 416 1836 477; baseline 0.001 -16"><span class='ocrx_word' id='word_1_15' title='bbox 448 417 531 461; x_wconf 88' lang='lat' dir='ltr'>bus</span> <span class='ocrx_word' id='word_1_16' title='bbox 554 416 757 460; x_wconf 85' lang='lat' dir='ltr'>membris</span> <span class='ocrx_word' id='word_1_17' title='bbox 781 417 1159 473; x_wconf 81' lang='lat' dir='ltr'>constrinxerunt3</span> <span class='ocrx_word' id='word_1_18' title='bbox 1184 431 1326 476; x_wconf 90' lang='lat' dir='ltr'>neque</span> <span class='ocrx_word' id='word_1_19' title='bbox 1347 416 1401 460; x_wconf 88' lang='lat' dir='ltr'>ad</span> <span class='ocrx_word' id='word_1_20' title='bbox 1422 432 1549 461; x_wconf 89' lang='lat' dir='ltr'>suum</span> <span class='ocrx_word' id='word_1_21' title='bbox 1566 452 1577 471; x_wconf 96' lang='lat'>,</span> <span class='ocrx_word' id='word_1_22' title='bbox 1608 432 1751 477; x_wconf 88' lang='lat' dir='ltr'>neque</span> <span class='ocrx_word' id='word_1_23' title='bbox 1779 416 1836 463; x_wconf 88' lang='lat' dir='ltr'>ad</span> 
     </span>
     <span class='ocr_line' id='line_1_4' title="bbox 448 485 1835 547; baseline 0 -16"><span class='ocrx_word' id='word_1_24' title='bbox 448 487 725 540; x_wconf 86' lang='lat' dir='ltr'>reluctantis,</span> <span class='ocrx_word' id='word_1_25' title='bbox 745 486 819 530; x_wconf 88' lang='lat' dir='ltr'>sed</span> <span class='ocrx_word' id='word_1_26' title='bbox 838 485 889 529; x_wconf 88' lang='lat' dir='ltr'>ad</span> <span class='ocrx_word' id='word_1_27' title='bbox 909 486 1040 545; x_wconf 87' lang='lat' dir='ltr'>ipsius</span> <span class='ocrx_word' id='word_1_28' title='bbox 1063 486 1163 529; x_wconf 88' lang='lat' dir='ltr'>artis</span> <span class='ocrx_word' id='word_1_29' title='bbox 1185 487 1412 530; x_wconf 76' lang='lat' dir='ltr'><strong>arbitrium</strong></span> <span class='ocrx_word' id='word_1_30' title='bbox 1439 503 1450 531; x_wconf 88' lang='lat'><em>:</em></span> <span class='ocrx_word' id='word_1_31' title='bbox 1475 502 1667 547; x_wconf 88' lang='lat' dir='ltr'>quorum</span> <span class='ocrx_word' id='word_1_32' title='bbox 1687 497 1835 531; x_wconf 85' lang='lat' dir='ltr'>tamen</span> 
     </span>
     <span class='ocr_line' id='line_1_5' title="bbox 447 555 1830 617; baseline 0 -15"><span class='ocrx_word' id='word_1_33' title='bbox 447 558 737 617; x_wconf 89' lang='lat' dir='ltr'>conviciisque</span> <span class='ocrx_word' id='word_1_34' title='bbox 755 555 998 600; x_wconf 88' lang='lat' dir='ltr'>dolentium</span> <span class='ocrx_word' id='word_1_35' title='bbox 1022 570 1102 599; x_wconf 90' lang='lat' dir='ltr'>nec</span> <span class='ocrx_word' id='word_1_36' title='bbox 1119 566 1420 600; x_wconf 84' lang='lat' dir='ltr'>commovetur</span> <span class='ocrx_word' id='word_1_37' title='bbox 1437 558 1628 601; x_wconf 85' lang='lat' dir='ltr'>curantis</span> <span class='ocrx_word' id='word_1_38' title='bbox 1644 558 1830 614; x_wconf 91' lang='lat' dir='ltr'>animus,</span> 
     </span>
     <span class='ocr_line' id='line_1_6' title="bbox 446 626 1831 689; baseline -0.002 -15"><span class='ocrx_word' id='word_1_39' title='bbox 446 645 527 675; x_wconf 91' lang='lat' dir='ltr'>nec</span> <span class='ocrx_word' id='word_1_40' title='bbox 553 629 736 689; x_wconf 84' lang='lat' dir='ltr'>quiescit</span> <span class='ocrx_word' id='word_1_41' title='bbox 764 643 933 671; x_wconf 88' lang='lat' dir='ltr'>manus.</span> <span class='ocrx_word' id='word_1_42' title='bbox 959 626 1187 671; x_wconf 79' lang='lat' dir='ltr'>Medicinae</span> <span class='ocrx_word' id='word_1_43' title='bbox 1218 636 1363 670; x_wconf 86' lang='lat' dir='ltr'>autem</span> <span class='ocrx_word' id='word_1_44' title='bbox 1399 627 1586 672; x_wconf 84' lang='lat' dir='ltr'>coelestis</span> <span class='ocrx_word' id='word_1_45' title='bbox 1619 628 1831 683; x_wconf 87' lang='lat' dir='ltr'>ministri,</span> 
     </span>
     <span class='ocr_line' id='line_1_7' title="bbox 446 697 1833 760; baseline -0.001 -15"><span class='ocrx_word' id='word_1_46' title='bbox 446 711 522 745; x_wconf 88' lang='lat' dir='ltr'>aut</span> <span class='ocrx_word' id='word_1_47' title='bbox 540 716 617 760; x_wconf 91' lang='lat' dir='ltr'>per</span> <span class='ocrx_word' id='word_1_48' title='bbox 638 699 838 744; x_wconf 87' lang='lat' dir='ltr'>odiorum</span> <span class='ocrx_word' id='word_1_49' title='bbox 860 698 1029 741; x_wconf 87' lang='lat' dir='ltr'>trabem</span> <span class='ocrx_word' id='word_1_50' title='bbox 1051 713 1228 741; x_wconf 88' lang='lat' dir='ltr'>cernere</span> <span class='ocrx_word' id='word_1_51' title='bbox 1249 697 1454 757; x_wconf 85' lang='lat' dir='ltr'>stipulam</span> <span class='ocrx_word' id='word_1_52' title='bbox 1471 699 1516 742; x_wconf 90' lang='lat' dir='ltr'>in</span> <span class='ocrx_word' id='word_1_53' title='bbox 1538 699 1669 743; x_wconf 86' lang='lat' dir='ltr'>oculo</span> <span class='ocrx_word' id='word_1_54' title='bbox 1688 699 1833 744; x_wconf 80' lang='lat' dir='ltr'>fratris</span> 
     </span>
     <span class='ocr_line' id='line_1_8' title="bbox 444 767 1835 828; baseline -0.002 -13"><span class='ocrx_word' id='word_1_55' title='bbox 444 771 628 825; x_wconf 89' lang='lat' dir='ltr'>volunt,</span> <span class='ocrx_word' id='word_1_56' title='bbox 654 779 730 814; x_wconf 87' lang='lat' dir='ltr'>aut</span> <span class='ocrx_word' id='word_1_57' title='bbox 771 767 1038 813; x_wconf 84' lang='lat' dir='ltr'>tolerabilius</span> <span class='ocrx_word' id='word_1_58' title='bbox 1060 777 1244 811; x_wconf 86' lang='lat' dir='ltr'>mortem</span> <span class='ocrx_word' id='word_1_59' title='bbox 1264 767 1412 811; x_wconf 86' lang='lat' dir='ltr'>videre</span> <span class='ocrx_word' id='word_1_60' title='bbox 1435 769 1674 827; x_wconf 84' lang='lat' dir='ltr'>peccantis,</span> <span class='ocrx_word' id='word_1_61' title='bbox 1699 784 1835 828; x_wconf 87' lang='lat' dir='ltr'>quam</span> 
     </span>
    </p>
   </div>
   <div class='ocr_carea' id='block_1_3' title="bbox 444 831 1924 898">
    <p class='ocr_par' dir='ltr' id='par_1_3' title="bbox 444 831 1924 898">
     <span class='ocr_line' id='line_1_9' title="bbox 444 831 1924 898; baseline -0.001 -12"><span class='ocrx_word' id='word_1_62' title='bbox 444 842 629 886; x_wconf 88' lang='lat' dir='ltr'>verbum</span> <span class='ocrx_word' id='word_1_63' title='bbox 646 839 910 898; x_wconf 88' lang='lat' dir='ltr'>indignantis</span> <span class='ocrx_word' id='word_1_64' title='bbox 931 837 1082 882; x_wconf 84' lang='lat' dir='ltr'>audire</span> <span class='ocrx_word' id='word_1_65' title='bbox 1107 857 1115 883; x_wconf 86' lang='lat'><strong>:</strong></span> <span class='ocrx_word' id='word_1_66' title='bbox 1140 838 1260 898; x_wconf 88' lang='lat' dir='ltr'>quod</span> <span class='ocrx_word' id='word_1_67' title='bbox 1293 855 1382 882; x_wconf 91' lang='lat' dir='ltr'>non</span> <span class='ocrx_word' id='word_1_68' title='bbox 1421 839 1481 883; x_wconf 86' lang='lat' dir='ltr'>ita</span> <span class='ocrx_word' id='word_1_69' title='bbox 1523 839 1774 895; x_wconf 86' lang='lat' dir='ltr'>accidisset,</span> <span class='ocrx_word' id='word_1_70' title='bbox 1799 840 1834 884; x_wconf 90' lang='lat' dir='ltr'>si</span> <span class='ocrx_word' id='word_1_71' title='bbox 1880 849 1886 855; x_wconf 93' lang='grc'><strong>”</strong></span> <span class='ocrx_word' id='word_1_72' title='bbox 1921 831 1924 834; x_wconf 34' lang='lat'><strong>⁴</strong></span> 
     </span>
    </p>
   </div>
   <div class='ocr_carea' id='block_1_4' title="bbox 437 909 1835 2600">
    <p class='ocr_par' dir='ltr' id='par_1_4' title="bbox 445 909 1835 1099">
     <span class='ocr_line' id='line_1_10' title="bbox 446 909 1835 965; baseline -0.002 -7"><span class='ocrx_word' id='word_1_73' title='bbox 446 923 534 958; x_wconf 91' lang='lat' dir='ltr'>tam</span> <span class='ocrx_word' id='word_1_74' title='bbox 563 926 715 965; x_wconf 89' lang='lat' dir='ltr'>sanum</span> <span class='ocrx_word' id='word_1_75' title='bbox 754 912 947 954; x_wconf 84' lang='lat' dir='ltr'>animum</span> <span class='ocrx_word' id='word_1_76' title='bbox 978 909 1174 954; x_wconf 89' lang='lat' dir='ltr'>curando</span> <span class='ocrx_word' id='word_1_77' title='bbox 1215 909 1391 953; x_wconf 83' lang='lat' dir='ltr'>alterius</span> <span class='ocrx_word' id='word_1_78' title='bbox 1422 911 1566 955; x_wconf 90' lang='lat' dir='ltr'>animo</span> <span class='ocrx_word' id='word_1_79' title='bbox 1607 911 1835 956; x_wconf 88' lang='lat' dir='ltr'>adhibere-</span> 
     </span>
     <span class='ocr_line' id='line_1_11' title="bbox 446 980 1834 1043; baseline -0.001 -16"><span class='ocrx_word' id='word_1_80' title='bbox 446 999 564 1038; x_wconf 88' lang='lat' dir='ltr'>mus,</span> <span class='ocrx_word' id='word_1_81' title='bbox 585 997 716 1043; x_wconf 90' lang='lat' dir='ltr'>quam</span> <span class='ocrx_word' id='word_1_82' title='bbox 739 982 851 1026; x_wconf 87' lang='lat' dir='ltr'>sanis</span> <span class='ocrx_word' id='word_1_83' title='bbox 869 980 1070 1025; x_wconf 89' lang='lat' dir='ltr'>manibus</span> <span class='ocrx_word' id='word_1_84' title='bbox 1092 980 1155 1024; x_wconf 89' lang='lat' dir='ltr'>illi</span> <span class='ocrx_word' id='word_1_85' title='bbox 1183 980 1341 1024; x_wconf 88' lang='lat' dir='ltr'>medici</span> <span class='ocrx_word' id='word_1_86' title='bbox 1365 980 1504 1025; x_wconf 88' lang='lat' dir='ltr'>aliena</span> <span class='ocrx_word' id='word_1_87' title='bbox 1526 982 1721 1026; x_wconf 85' lang='lat' dir='ltr'>membra</span> <span class='ocrx_word' id='word_1_88' title='bbox 1742 997 1834 1042; x_wconf 87' lang='lat' dir='ltr'>per-</span> 
     </span>
     <span class='ocr_line' id='line_1_12' title="bbox 445 1062 649 1099; baseline -0.01 0"><span class='ocrx_word' id='word_1_89' title='bbox 445 1062 649 1099; x_wconf 82' lang='lat' dir='ltr'>tractant.</span> 
     </span>
    </p>

    <p class='ocr_par' dir='ltr' id='par_1_5' title="bbox 437 1120 1833 2600">
     <span class='ocr_line' id='line_1_13' title="bbox 503 1120 1833 1183; baseline -0.002 -13"><span class='ocrx_word' id='word_1_90' title='bbox 503 1127 638 1170; x_wconf 83' lang='lat' dir='ltr'>LVII.</span> <span class='ocrx_word' id='word_1_91' title='bbox 661 1126 898 1183; x_wconf 85' lang='lat' dir='ltr'>Nunquam</span> <span class='ocrx_word' id='word_1_92' title='bbox 926 1122 1073 1182; x_wconf 86' lang='lat' dir='ltr'>itaque</span> <span class='ocrx_word' id='word_1_93' title='bbox 1106 1120 1235 1166; x_wconf 87' lang='lat' dir='ltr'>alieni</span> <span class='ocrx_word' id='word_1_94' title='bbox 1266 1122 1432 1181; x_wconf 87' lang='lat' dir='ltr'>peccati</span> <span class='ocrx_word' id='word_1_95' title='bbox 1465 1121 1725 1183; x_wconf 85' lang='lat' dir='ltr'>objurgandi</span> <span class='ocrx_word' id='word_1_96' title='bbox 1747 1138 1833 1167; x_wconf 85' lang='lat' dir='ltr'>sus·</span> 
     </span>
     <span class='ocr_line' id='line_1_14' title="bbox 445 1193 1833 1257; baseline -0.001 -16"><span class='ocrx_word' id='word_1_97' title='bbox 445 1198 697 1257; x_wconf 89' lang='lat' dir='ltr'>cipiendum</span> <span class='ocrx_word' id='word_1_98' title='bbox 722 1204 789 1238; x_wconf 90' lang='lat' dir='ltr'>est</span> <span class='ocrx_word' id='word_1_99' title='bbox 804 1194 1051 1252; x_wconf 83' lang='lat' dir='ltr'>negotium,</span> <span class='ocrx_word' id='word_1_100' title='bbox 1073 1193 1154 1237; x_wconf 90' lang='lat' dir='ltr'>nisi</span> <span class='ocrx_word' id='word_1_101' title='bbox 1172 1209 1271 1237; x_wconf 89' lang='lat' dir='ltr'>cum</span> <span class='ocrx_word' id='word_1_102' title='bbox 1296 1193 1474 1237; x_wconf 85' lang='lat' dir='ltr'>internis</span> <span class='ocrx_word' id='word_1_103' title='bbox 1490 1194 1833 1253; x_wconf 82' lang='lat' dir='ltr'>interrogationi-</span> 
     </span>
     <span class='ocr_line' id='line_1_15' title="bbox 444 1265 1833 1325; baseline -0.001 -13"><span class='ocrx_word' id='word_1_104' title='bbox 444 1269 526 1312; x_wconf 86' lang='lat' dir='ltr'>bus</span> <span class='ocrx_word' id='word_1_105' title='bbox 557 1267 854 1312; x_wconf 82' lang='lat' dir='ltr'>examinantes</span> <span class='ocrx_word' id='word_1_106' title='bbox 894 1274 1085 1308; x_wconf 87' lang='lat' dir='ltr'>nostram</span> <span class='ocrx_word' id='word_1_107' title='bbox 1125 1265 1430 1308; x_wconf 86' lang='lat' dir='ltr'>conscientiam</span> <span class='ocrx_word' id='word_1_108' title='bbox 1447 1300 1458 1318; x_wconf 91' lang='lat'><strong>‚</strong></span> <span class='ocrx_word' id='word_1_109' title='bbox 1497 1265 1665 1325; x_wconf 90' lang='lat' dir='ltr'>liquido</span> <span class='ocrx_word' id='word_1_110' title='bbox 1706 1267 1833 1311; x_wconf 86' lang='lat' dir='ltr'>nobis</span> 
     </span>
     <span class='ocr_line' id='line_1_16' title="bbox 444 1334 1832 1394; baseline -0.003 -10"><span class='ocrx_word' id='word_1_111' title='bbox 444 1354 588 1384; x_wconf 86' lang='lat' dir='ltr'>coram</span> <span class='ocrx_word' id='word_1_112' title='bbox 614 1341 702 1381; x_wconf 92' lang='lat' dir='ltr'>Deo</span> <span class='ocrx_word' id='word_1_113' title='bbox 724 1334 1097 1394; x_wconf 79' lang='lat' dir='ltr'>responderimus,</span> <span class='ocrx_word' id='word_1_114' title='bbox 1124 1334 1354 1378; x_wconf 86' lang='lat' dir='ltr'>dilectione</span> <span class='ocrx_word' id='word_1_115' title='bbox 1377 1350 1455 1378; x_wconf 92' lang='lat' dir='ltr'>nos</span> <span class='ocrx_word' id='word_1_116' title='bbox 1480 1334 1633 1378; x_wconf 88' lang='lat' dir='ltr'>facere.</span> <span class='ocrx_word' id='word_1_117' title='bbox 1651 1335 1775 1388; x_wconf 88' lang='lat' dir='ltr'>Quod</span> <span class='ocrx_word' id='word_1_118' title='bbox 1797 1336 1832 1380; x_wconf 91' lang='lat' dir='ltr'>si</span> 
     </span>
     <span class='ocr_line' id='line_1_17' title="bbox 443 1404 1832 1466; baseline -0.004 -11"><span class='ocrx_word' id='word_1_119' title='bbox 443 1410 689 1456; x_wconf 88' lang='lat' dir='ltr'>convicium</span> <span class='ocrx_word' id='word_1_120' title='bbox 703 1443 713 1462; x_wconf 94' lang='lat'>,</span> <span class='ocrx_word' id='word_1_121' title='bbox 738 1405 808 1450; x_wconf 82' lang='lat' dir='ltr'>vel</span> <span class='ocrx_word' id='word_1_122' title='bbox 828 1407 956 1449; x_wconf 83' lang='lat' dir='ltr'>minae</span> <span class='ocrx_word' id='word_1_123' title='bbox 972 1440 983 1460; x_wconf 98' lang='lat'>,</span> <span class='ocrx_word' id='word_1_124' title='bbox 1007 1404 1077 1449; x_wconf 91' lang='lat' dir='ltr'>vel</span> <span class='ocrx_word' id='word_1_125' title='bbox 1095 1406 1222 1448; x_wconf 82' lang='lat' dir='ltr'>etiam</span> <span class='ocrx_word' id='word_1_126' title='bbox 1248 1406 1569 1464; x_wconf 81' lang='lat' dir='ltr'>persecutiones</span> <span class='ocrx_word' id='word_1_127' title='bbox 1589 1407 1681 1466; x_wconf 88' lang='lat' dir='ltr'>ejus</span> <span class='ocrx_word' id='word_1_128' title='bbox 1700 1421 1832 1466; x_wconf 91' lang='lat' dir='ltr'>quem</span> 
     </span>
     <span class='ocr_line' id='line_1_18' title="bbox 444 1468 1832 1539; baseline -0.004 -14"><span class='ocrx_word' id='word_1_129' title='bbox 444 1480 633 1539; x_wconf 79' lang='lat' dir='ltr'>argueris</span> <span class='ocrx_word' id='word_1_130' title='bbox 646 1514 656 1533; x_wconf 91' lang='lat'>,</span> <span class='ocrx_word' id='word_1_131' title='bbox 673 1476 957 1521; x_wconf 85' lang='lat' dir='ltr'>laceraverint</span> <span class='ocrx_word' id='word_1_132' title='bbox 976 1475 1170 1518; x_wconf 86' lang='lat' dir='ltr'>animum</span> <span class='ocrx_word' id='word_1_133' title='bbox 1186 1468 1202 1530; x_wconf 47' lang='lat'>,⁴</span> <span class='ocrx_word' id='word_1_134' title='bbox 1222 1476 1255 1518; x_wconf 89' lang='lat' dir='ltr'>si</span> <span class='ocrx_word' id='word_1_135' title='bbox 1275 1475 1420 1520; x_wconf 89' lang='lat' dir='ltr'>adhuc</span> <span class='ocrx_word' id='word_1_136' title='bbox 1435 1476 1508 1519; x_wconf 91' lang='lat' dir='ltr'>ille</span> <span class='ocrx_word' id='word_1_137' title='bbox 1528 1492 1606 1535; x_wconf 85' lang='lat' dir='ltr'>per</span> <span class='ocrx_word' id='word_1_138' title='bbox 1629 1487 1671 1520; x_wconf 88' lang='lat' dir='ltr'>te</span> <span class='ocrx_word' id='word_1_139' title='bbox 1691 1477 1832 1521; x_wconf 87' lang='lat' dir='ltr'>sanari</span> 
     </span>
     <span class='ocr_line' id='line_1_19' title="bbox 444 1545 1832 1611; baseline -0.004 -15"><span class='ocrx_word' id='word_1_140' title='bbox 444 1567 567 1611; x_wconf 85' lang='lat' dir='ltr'>posse</span> <span class='ocrx_word' id='word_1_141' title='bbox 583 1548 804 1592; x_wconf 78' lang='lat' dir='ltr'>videbitur</span> <span class='ocrx_word' id='word_1_142' title='bbox 824 1581 834 1601; x_wconf 98' lang='lat'>,</span> <span class='ocrx_word' id='word_1_143' title='bbox 856 1545 964 1589; x_wconf 89' lang='lat' dir='ltr'>nihil</span> <span class='ocrx_word' id='word_1_144' title='bbox 989 1548 1249 1604; x_wconf 73' lang='lat' dir='ltr'>respondeas</span> <span class='ocrx_word' id='word_1_145' title='bbox 1271 1547 1411 1590; x_wconf 89' lang='lat' dir='ltr'>donec</span> <span class='ocrx_word' id='word_1_146' title='bbox 1431 1547 1590 1590; x_wconf 87' lang='lat' dir='ltr'>saneris</span> <span class='ocrx_word' id='word_1_147' title='bbox 1609 1548 1727 1606; x_wconf 87' lang='lat' dir='ltr'>prior</span> <span class='ocrx_word' id='word_1_148' title='bbox 1747 1566 1757 1592; x_wconf 71' lang='grc' dir='ltr'><strong><em>ι</em></strong></span> <span class='ocrx_word' id='word_1_149' title='bbox 1777 1562 1832 1591; x_wconf 91' lang='lat' dir='ltr'>ne</span> 
     </span>
     <span class='ocr_line' id='line_1_20' title="bbox 441 1616 1831 1672; baseline -0.004 -5"><span class='ocrx_word' id='word_1_150' title='bbox 441 1623 554 1667; x_wconf 83' lang='lat' dir='ltr'>forte</span> <span class='ocrx_word' id='word_1_151' title='bbox 576 1618 821 1665; x_wconf 86' lang='lat' dir='ltr'>carnalibus</span> <span class='ocrx_word' id='word_1_152' title='bbox 845 1618 1036 1661; x_wconf 82' lang='lat' dir='ltr'>motibus</span> <span class='ocrx_word' id='word_1_153' title='bbox 1059 1618 1142 1660; x_wconf 88' lang='lat' dir='ltr'>tuis</span> <span class='ocrx_word' id='word_1_154' title='bbox 1166 1616 1219 1659; x_wconf 90' lang='lat' dir='ltr'>ad</span> <span class='ocrx_word' id='word_1_155' title='bbox 1239 1618 1486 1660; x_wconf 81' lang='lat' dir='ltr'>nocendum</span> <span class='ocrx_word' id='word_1_156' title='bbox 1508 1619 1766 1672; x_wconf 84' lang='lat' dir='ltr'>consentias,</span> <span class='ocrx_word' id='word_1_157' title='bbox 1787 1626 1831 1662; x_wconf 86' lang='lat' dir='ltr'>et</span> 
     </span>
     <span class='ocr_line' id='line_1_21' title="bbox 442 1686 1830 1747; baseline -0.005 -9"><span class='ocrx_word' id='word_1_158' title='bbox 442 1693 643 1738; x_wconf 84' lang='lat' dir='ltr'>exhibeas</span> <span class='ocrx_word' id='word_1_159' title='bbox 666 1689 863 1747; x_wconf 84' lang='lat' dir='ltr'>linguam</span> <span class='ocrx_word' id='word_1_160' title='bbox 897 1696 1016 1730; x_wconf 87' lang='lat' dir='ltr'>tuam</span> <span class='ocrx_word' id='word_1_161' title='bbox 1039 1701 1157 1729; x_wconf 81' lang='lat' dir='ltr'>arma</span> <span class='ocrx_word' id='word_1_162' title='bbox 1188 1686 1426 1745; x_wconf 88' lang='lat' dir='ltr'>iniquitatis</span> <span class='ocrx_word' id='word_1_163' title='bbox 1449 1697 1628 1745; x_wconf 86' lang='lat' dir='ltr'>peccato</span> <span class='ocrx_word' id='word_1_164' title='bbox 1650 1688 1705 1731; x_wconf 91' lang='lat' dir='ltr'>ad</span> <span class='ocrx_word' id='word_1_165' title='bbox 1737 1689 1830 1731; x_wconf 87' lang='lat' dir='ltr'>red-</span> 
     </span>
     <span class='ocr_line' id='line_1_22' title="bbox 442 1755 1829 1816; baseline -0.005 -8"><span class='ocrx_word' id='word_1_166' title='bbox 442 1764 636 1808; x_wconf 83' lang='lat' dir='ltr'>dendum</span> <span class='ocrx_word' id='word_1_167' title='bbox 674 1759 837 1803; x_wconf 88' lang='lat' dir='ltr'>malum</span> <span class='ocrx_word' id='word_1_168' title='bbox 871 1773 949 1815; x_wconf 89' lang='lat' dir='ltr'>pro</span> <span class='ocrx_word' id='word_1_169' title='bbox 979 1756 1119 1809; x_wconf 76' lang='lat' dir='ltr'>malo,</span> <span class='ocrx_word' id='word_1_170' title='bbox 1153 1765 1229 1799; x_wconf 77' lang='lat' dir='ltr'>aut</span> <span class='ocrx_word' id='word_1_171' title='bbox 1265 1755 1544 1800; x_wconf 82' lang='lat' dir='ltr'>maledictum</span> <span class='ocrx_word' id='word_1_172' title='bbox 1581 1773 1660 1816; x_wconf 93' lang='lat' dir='ltr'>pro</span> <span class='ocrx_word' id='word_1_173' title='bbox 1693 1757 1829 1801; x_wconf 89' lang='lat' dir='ltr'>male-</span> 
     </span>
     <span class='ocr_line' id='line_1_23' title="bbox 442 1826 1826 1889; baseline -0.006 -10"><span class='ocrx_word' id='word_1_174' title='bbox 442 1835 599 1879; x_wconf 84' lang='lat' dir='ltr'>dicto¹.</span> <span class='ocrx_word' id='word_1_175' title='bbox 626 1828 851 1889; x_wconf 84' lang='lat' dir='ltr'>Quidquid</span> <span class='ocrx_word' id='word_1_176' title='bbox 875 1827 988 1870; x_wconf 89' lang='lat' dir='ltr'>enim</span> <span class='ocrx_word' id='word_1_177' title='bbox 1012 1826 1200 1869; x_wconf 85' lang='lat' dir='ltr'>lacerato</span> <span class='ocrx_word' id='word_1_178' title='bbox 1225 1827 1369 1869; x_wconf 88' lang='lat' dir='ltr'>animo</span> <span class='ocrx_word' id='word_1_179' title='bbox 1400 1826 1580 1880; x_wconf 82' lang='lat' dir='ltr'>dixeris,</span> <span class='ocrx_word' id='word_1_180' title='bbox 1606 1827 1826 1886; x_wconf 87' lang='lat' dir='ltr'>punientis</span> 
     </span>
     <span class='ocr_line' id='line_1_24' title="bbox 441 1895 1825 1960; baseline -0.006 -11"><span class='ocrx_word' id='word_1_181' title='bbox 441 1915 504 1949; x_wconf 86' lang='lat' dir='ltr'>est</span> <span class='ocrx_word' id='word_1_182' title='bbox 524 1904 713 1960; x_wconf 85' lang='lat' dir='ltr'>impetus</span> <span class='ocrx_word' id='word_1_183' title='bbox 729 1934 739 1953; x_wconf 98' lang='lat'>,</span> <span class='ocrx_word' id='word_1_184' title='bbox 764 1913 853 1941; x_wconf 89' lang='lat' dir='ltr'>non</span> <span class='ocrx_word' id='word_1_185' title='bbox 875 1895 1060 1940; x_wconf 80' lang='lat' dir='ltr'>charitas</span> <span class='ocrx_word' id='word_1_186' title='bbox 1077 1895 1328 1952; x_wconf 85' lang='lat' dir='ltr'>corrigentis</span> <span class='ocrx_word' id='word_1_187' title='bbox 1341 1898 1374 1938; x_wconf 72' lang='lat'>².</span> <span class='ocrx_word' id='word_1_188' title='bbox 1393 1895 1544 1953; x_wconf 85' lang='lat' dir='ltr'>Dilige,</span> <span class='ocrx_word' id='word_1_189' title='bbox 1565 1906 1608 1940; x_wconf 88' lang='lat' dir='ltr'>et</span> <span class='ocrx_word' id='word_1_190' title='bbox 1622 1896 1691 1941; x_wconf 90' lang='lat' dir='ltr'>dic</span> <span class='ocrx_word' id='word_1_191' title='bbox 1704 1897 1825 1957; x_wconf 88' lang='lat' dir='ltr'>quod</span> 
     </span>
     <span class='ocr_line' id='line_1_25' title="bbox 437 1965 1826 2025; baseline -0.007 -4"><span class='ocrx_word' id='word_1_192' title='bbox 437 1974 556 2021; x_wconf 85' lang='lat' dir='ltr'>voles</span> <span class='ocrx_word' id='word_1_193' title='bbox 582 1992 591 2017; x_wconf 75' lang='grc' dir='ltr'>ε</span> <span class='ocrx_word' id='word_1_194' title='bbox 618 1969 740 2015; x_wconf 88' lang='lat' dir='ltr'>nullo</span> <span class='ocrx_word' id='word_1_195' title='bbox 758 1967 890 2011; x_wconf 89' lang='lat' dir='ltr'>modo</span> <span class='ocrx_word' id='word_1_196' title='bbox 911 1965 1191 2010; x_wconf 83' lang='lat' dir='ltr'>maledictum</span> <span class='ocrx_word' id='word_1_197' title='bbox 1208 1966 1288 2008; x_wconf 86' lang='lat' dir='ltr'>erit</span> <span class='ocrx_word' id='word_1_198' title='bbox 1307 1965 1427 2025; x_wconf 92' lang='lat' dir='ltr'>quod</span> <span class='ocrx_word' id='word_1_199' title='bbox 1446 1967 1587 2025; x_wconf 89' lang='lat' dir='ltr'>specie</span> <span class='ocrx_word' id='word_1_200' title='bbox 1607 1966 1826 2013; x_wconf 85' lang='lat' dir='ltr'>maledicti</span> 
     </span>
     <span class='ocr_line' id='line_1_26' title="bbox 438 2035 1820 2097; baseline -0.007 -6"><span class='ocrx_word' id='word_1_201' title='bbox 438 2044 653 2097; x_wconf 84' lang='lat' dir='ltr'>sonuerit,</span> <span class='ocrx_word' id='word_1_202' title='bbox 689 2041 723 2085; x_wconf 89' lang='lat' dir='ltr'>si</span> <span class='ocrx_word' id='word_1_203' title='bbox 752 2037 997 2083; x_wconf 85' lang='lat' dir='ltr'>memineris</span> <span class='ocrx_word' id='word_1_204' title='bbox 1034 2035 1300 2095; x_wconf 87' lang='lat' dir='ltr'>senserisque</span> <span class='ocrx_word' id='word_1_205' title='bbox 1323 2044 1365 2079; x_wconf 91' lang='lat' dir='ltr'>te</span> <span class='ocrx_word' id='word_1_206' title='bbox 1387 2036 1530 2093; x_wconf 80' lang='lat' dir='ltr'>gladio</span> <span class='ocrx_word' id='word_1_207' title='bbox 1559 2037 1683 2082; x_wconf 88' lang='lat' dir='ltr'>verbi</span> <span class='ocrx_word' id='word_1_208' title='bbox 1716 2038 1820 2093; x_wconf 88' lang='lat' dir='ltr'>Dei,</span> 
     </span>
     <span class='ocr_line' id='line_1_27' title="bbox 438 2105 1819 2161; baseline -0.006 -1"><span class='ocrx_word' id='word_1_209' title='bbox 438 2118 715 2161; x_wconf 81' lang='lat' dir='ltr'>liberatorem</span> <span class='ocrx_word' id='word_1_210' title='bbox 749 2107 937 2154; x_wconf 89' lang='lat' dir='ltr'>hominis</span> <span class='ocrx_word' id='word_1_211' title='bbox 969 2121 1058 2149; x_wconf 79' lang='lat' dir='ltr'>esse</span> <span class='ocrx_word' id='word_1_212' title='bbox 1099 2105 1209 2149; x_wconf 89' lang='lat' dir='ltr'>velle</span> <span class='ocrx_word' id='word_1_213' title='bbox 1248 2105 1303 2149; x_wconf 89' lang='lat' dir='ltr'>ab</span> <span class='ocrx_word' id='word_1_214' title='bbox 1341 2106 1564 2151; x_wconf 87' lang='lat' dir='ltr'>obsidione</span> <span class='ocrx_word' id='word_1_215' title='bbox 1595 2107 1819 2152; x_wconf 87' lang='lat' dir='ltr'>vitiorum.</span> 
     </span>
     <span class='ocr_line' id='line_1_28' title="bbox 438 2174 1822 2241; baseline -0.005 -11"><span class='ocrx_word' id='word_1_216' title='bbox 438 2186 566 2241; x_wconf 82' lang='lat' dir='ltr'>Quod</span> <span class='ocrx_word' id='word_1_217' title='bbox 590 2184 623 2228; x_wconf 89' lang='lat' dir='ltr'>si</span> <span class='ocrx_word' id='word_1_218' title='bbox 645 2182 780 2235; x_wconf 77' lang='lat' dir='ltr'>forte,</span> <span class='ocrx_word' id='word_1_219' title='bbox 806 2187 856 2222; x_wconf 84' lang='lat' dir='ltr'>ut</span> <span class='ocrx_word' id='word_1_220' title='bbox 879 2177 1138 2237; x_wconf 87' lang='lat' dir='ltr'>plerumque</span> <span class='ocrx_word' id='word_1_221' title='bbox 1171 2174 1354 2230; x_wconf 88' lang='lat' dir='ltr'>accidit,</span> <span class='ocrx_word' id='word_1_222' title='bbox 1380 2177 1614 2222; x_wconf 78' lang='lat' dir='ltr'>dilectione</span> <span class='ocrx_word' id='word_1_223' title='bbox 1643 2178 1822 2240; x_wconf 87' lang='lat' dir='ltr'>quidem</span> 
     </span>
     <span class='ocr_line' id='line_1_29' title="bbox 440 2246 1822 2311; baseline -0.007 -8"><span class='ocrx_word' id='word_1_224' title='bbox 440 2257 568 2303; x_wconf 86' lang='lat' dir='ltr'>talem</span> <span class='ocrx_word' id='word_1_225' title='bbox 589 2251 769 2311; x_wconf 83' lang='lat' dir='ltr'>suscipis</span> <span class='ocrx_word' id='word_1_226' title='bbox 792 2249 1027 2300; x_wconf 85' lang='lat' dir='ltr'>actionem,</span> <span class='ocrx_word' id='word_1_227' title='bbox 1053 2255 1097 2289; x_wconf 87' lang='lat' dir='ltr'>et</span> <span class='ocrx_word' id='word_1_228' title='bbox 1118 2246 1173 2289; x_wconf 85' lang='lat' dir='ltr'>ad</span> <span class='ocrx_word' id='word_1_229' title='bbox 1203 2261 1297 2289; x_wconf 84' lang='lat' dir='ltr'>eam</span> <span class='ocrx_word' id='word_1_230' title='bbox 1318 2249 1449 2291; x_wconf 82' lang='lat' dir='ltr'>corde</span> <span class='ocrx_word' id='word_1_231' title='bbox 1480 2247 1724 2294; x_wconf 90' lang='lat' dir='ltr'>dilectionis</span> <span class='ocrx_word' id='word_1_232' title='bbox 1748 2265 1822 2294; x_wconf 87' lang='lat' dir='ltr'>ac-</span> 
     </span>
     <span class='ocr_line' id='line_1_30' title="bbox 439 2317 1822 2380; baseline -0.007 -7"><span class='ocrx_word' id='word_1_233' title='bbox 439 2329 582 2380; x_wconf 81' lang='lat' dir='ltr'>cedis,</span> <span class='ocrx_word' id='word_1_234' title='bbox 607 2324 682 2368; x_wconf 84' lang='lat' dir='ltr'>sed</span> <span class='ocrx_word' id='word_1_235' title='bbox 716 2323 831 2366; x_wconf 81' lang='lat' dir='ltr'>inter</span> <span class='ocrx_word' id='word_1_236' title='bbox 861 2317 1077 2376; x_wconf 86' lang='lat' dir='ltr'>agendum</span> <span class='ocrx_word' id='word_1_237' title='bbox 1099 2317 1363 2375; x_wconf 83' lang='lat' dir='ltr'>subrepserit</span> <span class='ocrx_word' id='word_1_238' title='bbox 1391 2317 1555 2378; x_wconf 80' lang='lat' dir='ltr'>aliquid</span> <span class='ocrx_word' id='word_1_239' title='bbox 1572 2354 1583 2373; x_wconf 92' lang='lat'><strong>‚</strong></span> <span class='ocrx_word' id='word_1_240' title='bbox 1613 2320 1718 2363; x_wconf 89' lang='lat' dir='ltr'>dum</span> <span class='ocrx_word' id='word_1_241' title='bbox 1743 2321 1822 2364; x_wconf 84' lang='lat' dir='ltr'>tibi</span> 
     </span>
     <span class='ocr_line' id='line_1_31' title="bbox 441 2387 1817 2452; baseline -0.006 -9"><span class='ocrx_word' id='word_1_242' title='bbox 441 2397 675 2447; x_wconf 86' lang='lat' dir='ltr'>resistitur,</span> <span class='ocrx_word' id='word_1_243' title='bbox 697 2392 818 2452; x_wconf 85' lang='lat' dir='ltr'>qnod</span> <span class='ocrx_word' id='word_1_244' title='bbox 840 2399 884 2433; x_wconf 93' lang='lat' dir='ltr'>te</span> <span class='ocrx_word' id='word_1_245' title='bbox 911 2388 1079 2432; x_wconf 89' lang='lat' dir='ltr'>auferat</span> <span class='ocrx_word' id='word_1_246' title='bbox 1097 2387 1151 2430; x_wconf 86' lang='lat' dir='ltr'>ab</span> <span class='ocrx_word' id='word_1_247' title='bbox 1172 2387 1357 2431; x_wconf 85' lang='lat' dir='ltr'>hominis</span> <span class='ocrx_word' id='word_1_248' title='bbox 1386 2389 1488 2433; x_wconf 83' lang='lat' dir='ltr'>vitio</span> <span class='ocrx_word' id='word_1_249' title='bbox 1513 2391 1817 2449; x_wconf 84' lang='lat' dir='ltr'>percutiendo,</span> 
     </span>
     <span class='ocr_line' id='line_1_32' title="bbox 439 2457 1820 2528; baseline -0.005 -16"><span class='ocrx_word' id='word_1_250' title='bbox 439 2481 482 2514; x_wconf 81' lang='lat' dir='ltr'>et</span> <span class='ocrx_word' id='word_1_251' title='bbox 496 2468 574 2528; x_wconf 82' lang='lat' dir='ltr'>ipsi</span> <span class='ocrx_word' id='word_1_252' title='bbox 592 2462 759 2510; x_wconf 87' lang='lat' dir='ltr'>homini</span> <span class='ocrx_word' id='word_1_253' title='bbox 773 2461 900 2505; x_wconf 79' lang='lat' dir='ltr'>saciat</span> <span class='ocrx_word' id='word_1_254' title='bbox 916 2457 1145 2515; x_wconf 72' lang='lat' dir='ltr'>infestum,</span> <span class='ocrx_word' id='word_1_255' title='bbox 1161 2467 1307 2516; x_wconf 84' lang='lat' dir='ltr'>postea</span> <span class='ocrx_word' id='word_1_256' title='bbox 1327 2467 1368 2502; x_wconf 88' lang='lat' dir='ltr'>te</span> <span class='ocrx_word' id='word_1_257' title='bbox 1380 2459 1581 2518; x_wconf 87' lang='lat' dir='ltr'>lacrymis</span> <span class='ocrx_word' id='word_1_258' title='bbox 1601 2460 1820 2505; x_wconf 84' lang='lat' dir='ltr'>lavantem</span> 
     </span>
     <span class='ocr_line' id='line_1_33' title="bbox 437 2527 1820 2600; baseline -0.007 -15"><span class='ocrx_word' id='word_1_259' title='bbox 437 2534 692 2600; x_wconf 87' lang='lat' dir='ltr'>hujusmodi</span> <span class='ocrx_word' id='word_1_260' title='bbox 725 2531 950 2593; x_wconf 88' lang='lat' dir='ltr'>pulverem</span> <span class='ocrx_word' id='word_1_261' title='bbox 967 2564 978 2584; x_wconf 96' lang='lat'>,</span> <span class='ocrx_word' id='word_1_262' title='bbox 1013 2527 1153 2573; x_wconf 81' lang='lat' dir='ltr'>multo</span> <span class='ocrx_word' id='word_1_263' title='bbox 1174 2527 1388 2574; x_wconf 84' lang='lat' dir='ltr'>salubrius</span> <span class='ocrx_word' id='word_1_264' title='bbox 1422 2532 1663 2576; x_wconf 88' lang='lat' dir='ltr'>meminisse</span> <span class='ocrx_word' id='word_1_265' title='bbox 1690 2547 1820 2592; x_wconf 89' lang='lat' dir='ltr'>opor-</span> 
     </span>
    </p>
   </div>
   <div class='ocr_carea' id='block_1_5' title="bbox 487 2618 1054 2664">
    <p class='ocr_par' dir='ltr' id='par_1_6' title="bbox 487 2618 1054 2664">
     <span class='ocr_line' id='line_1_34' title="bbox 487 2618 1054 2664; baseline -0.019 -5"><span class='ocrx_word' id='word_1_266' title='bbox 487 2633 497 2650; x_wconf 80' lang='lat'>¹</span> <span class='ocrx_word' id='word_1_267' title='bbox 513 2628 604 2659; x_wconf 78' lang='lat' dir='ltr'>Rom.</span> <span class='ocrx_word' id='word_1_268' title='bbox 625 2633 672 2664; x_wconf 80' lang='lat' dir='ltr'>vi,</span> <span class='ocrx_word' id='word_1_269' title='bbox 696 2621 746 2654; x_wconf 84' lang='lat'>13.</span> <span class='ocrx_word' id='word_1_270' title='bbox 763 2635 804 2643; x_wconf 94' lang='lat'>--</span> <span class='ocrx_word' id='word_1_271' title='bbox 824 2618 902 2650; x_wconf 82' lang='lat' dir='ltr'>21d.</span> <span class='ocrx_word' id='word_1_272' title='bbox 923 2628 982 2658; x_wconf 86' lang='lat' dir='ltr'>xu,</span> <span class='ocrx_word' id='word_1_273' title='bbox 1003 2627 1054 2657; x_wconf 74' lang='lat'>17.</span> 
     </span>
    </p>
   </div>
   <div class='ocr_carea' id='block_1_6' title="bbox 1850 0 1924 3309">
    <p class='ocr_par' dir='ltr' id='par_1_7' title="bbox 1850 0 1924 3309">
     <span class='ocr_line' id='line_1_35' title="bbox 1850 0 1924 3309; baseline 0 0"><span class='ocrx_word' id='word_1_274' title='bbox 1850 0 1924 3309; x_wconf 95' lang='lat' dir='ltr'> </span> 
     </span>
    </p>
   </div>
  </div>
 </body>
</html>
