1867 3320
372 318 509 345 sermo
544 318 599 343 iv.
640 318 691 343 DE
723 313 844 343 JAcos
878 316 929 342 ΕΤ
965 317 1081 343 EsAc.
1340 312 1414 347 177

46 382 246 445 puraliter
275 382 614 436 exhibebantur,
641 382 766 427 nobis
783 380 1031 441 spiritaliter
1047 382 1417 440 significabantur.

47 457 159 512 Ergo
182 451 245 496 illi
277 453 352 513 qui
379 452 660 512 corporaliter
681 467 731 497 ea
754 461 1012 506 tenuerunt,
1039 450 1094 496 ad
1123 454 1256 497 Vetus
1281 457 1425 500 Testa·

47 531 240 568 mentum
258 523 579 582 pertinuerunt.

120 595 200 638 XI.
224 595 322 637 Jam
342 593 486 638 videte
508 593 608 653 quia
637 602 839 637 senuerat
863 595 995 637 Isaac.
1033 594 1167 653 Cujus
1198 608 1423 652 personam

0 718 2 727 Ι
47 664 170 723 gessit
192 667 310 709 Isaac
328 699 337 715 ‚
357 664 540 725 quando
560 663 700 709 voluit
720 664 975 709 benedicere
992 663 1128 708 filium
1152 680 1276 709 suum
1297 667 1430 725 majo—

0 742 3 774 !
46 749 135 779 rem
151 736 198 776 ²?
219 737 315 779 Jam
336 744 562 792 senuerat3
595 735 672 778 ubi
694 744 915 790 senectus,
941 744 1129 779 vetustas
1150 755 1160 791 3
1185 751 1262 794 per
1279 751 1429 780 senec-

0 797 4 853 }
45 813 183 850 tutem
217 803 412 863 intelligo
438 813 730 861 vetustatem3
765 813 808 848 et
844 816 921 863 per
941 814 1200 850 vetustatem
1234 805 1429 863 intelligo

0 870 5 915 ἱ
45 876 179 918 Vetus
210 877 548 920 Testamentum.
579 876 671 918 Hoc
695 889 795 932 ergo
817 877 954 919 Vetus
986 877 1310 920 Testamentum
1329 877 1430 935 quia

2 950 6 1002 ξ
45 942 108 988 illi
126 960 216 989 non
231 945 533 1004 intelligebant
549 979 560 1000 ,
583 945 660 1005 qui
681 945 764 988 sub
784 945 904 988 nube
923 945 1105 989 fuerunt
1122 981 1133 1000 ‚
1159 946 1258 991 ideo
1280 946 1430 990 dicun-

3 1016 7 1054 Ι
46 1023 118 1059 tur
138 1014 338 1072 caligasse
356 1014 472 1059 oculi
491 1018 624 1059 Isaac.
652 1015 803 1074 Caligo
825 1015 1053 1059 oculorum
1072 1017 1263 1075 corporis
1283 1020 1400 1060 Isaac
1416 1049 1426 1069 ‚

4 1070 8 1135 ’ς
47 1083 277 1143 caliginem
296 1084 509 1142 significat
539 1085 752 1129 mentium
775 1088 798 1129 J
804 1085 1031 1131 udaeorum
1053 1104 1063 1130 ε
1084 1096 1281 1130 senectus
1315 1089 1431 1129 Isaac

6 1195 9 1217 ἱ
47 1162 303 1199 vetustatem
326 1153 538 1212 significat
561 1155 728 1199 Veteris
752 1156 1030 1199 Testamenti.
1055 1156 1170 1209 Quid
1193 1171 1316 1214 ergo,
1344 1154 1431 1198 fra-

6 1228 11 1281 ξ
49 1226 163 1268 tres?
191 1223 298 1268 Vult
335 1232 481 1268 tamen
514 1224 772 1269 benedicere
807 1235 850 1269 et
881 1227 1088 1286 majorem
1124 1226 1263 1270 filium
1299 1226 1428 1268 Esaii.

7 1301 11 1344 Ι
47 1295 259 1340 Minorem
284 1295 455 1339 amabat
475 1304 635 1350 mater,
656 1305 699 1339 et
715 1298 922 1356 majorem
947 1306 1089 1355 pater,
1116 1305 1326 1354 tanquam
1345 1295 1436 1353 pri-

8 1353 12 1411 i
48 1365 319 1424 mogenitum
345 1384 354 1409 ε
380 1380 480 1409 nam
518 1364 695 1426 aequalis
734 1367 780 1409 in
817 1365 967 1410 ambos
998 1365 1193 1424 justitia,
1235 1364 1310 1408 sed
1343 1373 1434 1408 erat

9 1414 14 1501 l
49 1435 231 1479 charitas
265 1436 402 1495 major
431 1450 528 1493 erga
561 1435 917 1494 primogenitum.
948 1435 1055 1478 Vult
1075 1434 1147 1478 ille
1174 1434 1434 1479 benedicere

10 1506 15 1576 J
49 1507 253 1565 majorem
270 1539 282 1561 ,
318 1506 420 1565 quia
455 1508 590 1550 Vetus
613 1508 938 1550 Testamentum
978 1506 1118 1565 primo
1142 1505 1306 1564 populo
1328 1520 1433 1564 pro-

10 1576 16 1618 1
48 1575 264 1618 mittebat.
282 1576 590 1620 Promissiones
607 1591 694 1621 non
717 1576 914 1637 loquitur
932 1576 1012 1620 nisi
1035 1576 1090 1620 ad
1113 1579 1137 1620 J
1142 1576 1315 1632 udaeos3
1335 1576 1436 1635 ipsis

12 1625 17 1717 ἱ
49 1643 221 1689 videtur
242 1643 495 1702 promittere
513 1677 523 1697 ,
548 1646 648 1702 ipsis
670 1647 844 1691 videtur
866 1648 1009 1692 omnia
1027 1646 1239 1702 polliceri.
1267 1649 1437 1691 Vocan-

14 1726 18 1760 ι
51 1722 121 1758 tur
143 1714 198 1758 ab
220 1716 413 1773 AEgypto
433 1747 444 1768 ,
475 1712 716 1757 liberantur
749 1713 804 1756 ab
833 1713 1032 1756 hostibus
1050 1748 1060 1766 ‚
1102 1728 1178 1772 per
1208 1729 1326 1757 mare
1349 1715 1434 1757 du-

50 1792 232 1838 cuntur,
258 1792 494 1843 pascuntur
516 1798 689 1838 manna,
716 1783 935 1842 accipiunt
957 1785 1298 1836 Testamentum,
1325 1785 1436 1829 acci-

15 1892 20 1930 ἱ
51 1855 178 1915 piunt
210 1858 395 1914 Legem,
431 1854 651 1913 accipiunt
683 1855 1012 1913 promissiones,
1051 1854 1268 1913 accipiunt
1299 1855 1433 1913 ipsam

17 1935 21 1972 i
52 1933 209 1969 terram
235 1924 590 1982 repromissionis.
623 1926 719 1969 Non
740 1924 897 1966 mirum
915 1959 925 1976 ‚
948 1924 1050 1982 quia
1073 1923 1145 1967 illc
1178 1925 1435 1970 benedicere

17 1976 22 2041 Ι
50 1992 190 2040 voluit
205 1994 392 2053 primum
415 1992 553 2037 filium
576 2013 584 2037 z
611 1992 687 2037 sed
707 1993 788 2037 sub
812 1994 949 2051 ligura
970 1994 1140 2053 majoris
1165 1994 1434 2038 benedicitur

18 2048 23 2116 l
51 2066 206 2110 minor.
233 2068 370 2109 Mater
393 2065 509 2108 enim
534 2074 687 2124 typum
712 2073 848 2123 gestat
867 2064 1335 2108 Ecclesiae.Eeclesiam
1356 2082 1434 2109 au-

19 2126 25 2256 ἱ
54 2143 140 2180 tem
175 2136 383 2194 accipite,
410 2133 589 2188 fratres,
630 2150 718 2179 non
744 2135 788 2178 in
806 2135 872 2178 his
893 2132 991 2178 solis
1024 2135 1099 2193 qui
1134 2144 1229 2194 post
1265 2136 1432 2178 Domini

54 2204 287 2251 adventum
311 2214 354 2248 ct
375 2205 642 2248 nativitatem
659 2219 748 2248 esse
766 2213 998 2263 coeperunt
1015 2205 1148 2248 sancti
1163 2226 1173 2260 3
1190 2204 1265 2248 sed
1285 2220 1434 2250 omnes

22 2279 26 2338 ἲ
54 2285 272 2338 quotquot
295 2275 472 2320 fuerunt
507 2276 664 2330 sancti,
704 2274 758 2320 ad
781 2276 914 2335 ipsam
938 2275 1175 2319 Ecclesiam
1199 2277 1430 2335 pertinent.

22 2346 27 2403 !
55 2348 151 2394 Non
173 2346 290 2391 enim
321 2361 410 2390 non
439 2346 493 2389 ad
516 2361 593 2391 nos
615 2346 802 2405 pertinet
825 2356 945 2405 pater
967 2346 1185 2390 Abraham
1205 2381 1215 2401 ‚
1241 2347 1341 2407 quia
1364 2347 1435 2390 ille

24 2406 29 2493 ἱ
57 2415 140 2462 fuit
171 2427 404 2477 antequam
439 2417 635 2462 Christus
670 2426 918 2462 nasceretur
951 2415 1005 2460 dc
1044 2417 1248 2476 Virgine,
1281 2428 1323 2462 et
1358 2434 1434 2462 nos

25 2499 30 2559 ἱ
59 2495 176 2534 tanto
200 2498 325 2548 post,
363 2487 407 2532 id
439 2498 501 2532 est
521 2522 532 2542 ‚
566 2498 660 2548 post
694 2489 931 2547 passionem
965 2488 1123 2533 Christi
1163 2488 1263 2533 facti
1285 2505 1434 2532 snmus

27 2564 30 2586 ¹
59 2557 286 2604 Christiani
310 2578 318 2603 :
343 2573 443 2602 cnm
463 2557 578 2603 dicat
600 2559 1009 2617 Apostolus:«Quia
1029 2558 1103 2602 lilii
1125 2575 1271 2602 sunnis
1296 2559 1434 2603 Abra-

27 2596 31 2653 l
107 2644 210 2675 ¹Guu.
230 2653 334 2684 xxvii,
357 2654 384 2675 1.

217 2706 370 2736 cxxiv.
1240 2701 1282 2734 ¹2

29 2694 33 2761 *ι

30 2770 34 2826 i

31 2837 35 2917 ἶ

33 2962 37 3020 i

35 3050 40 3136 ἱ

37 3154 40 3178 Ι

12 3283 24 3320 l
