1924 3309
455 253 539 291 322
897 258 931 285 s.
966 252 1199 283 Auens-nm
1232 250 1414 279 EPlscom

452 438 1133 466 mmmmmwwwwwwm
1137 427 1846 454 WWWVWWWWWWWWSMNWWW

913 587 1145 638 SERMO
1190 587 1349 634 XVIII
1368 586 1400 630 1.

516 786 578 828 De
619 779 775 826 eodem
805 791 935 823 versu
974 773 1134 820 Psalmi
1175 773 1292 831 (49.)
1332 768 1465 816 Deus
1506 765 1794 827 manzfestus

1019 851 1178 890 vemet
1200 851 1291 888 ete.

522 1023 557 1065 I.
583 1022 649 1064 AD
671 1014 959 1062 exhortandas
981 1021 1149 1058 mentes
1167 1008 1405 1057 Charitatis
1429 1009 1618 1061 Vestrae,
1643 1017 1782 1065 pauca
1803 1001 1859 1047 de

464 1088 666 1151 praesenti
682 1085 869 1141 Psalmo,
893 1100 991 1145 quae
1013 1083 1150 1128 donat
1171 1080 1399 1134 Dominus,
1421 1085 1641 1138 gratanter
1659 1072 1856 1133 accipite.

465 1165 529 1206 De
558 1159 745 1205 Domino
769 1166 918 1201 nostro
942 1158 1047 1199 Jesu
1075 1152 1250 1198 Christo
1271 1150 1585 1211 prophetatum
1611 1155 1674 1190 est
1705 1145 1751 1187 in
1779 1143 1861 1187 isto

465 1230 660 1285 Psalmo,
685 1227 764 1273 ubi
786 1226 1033 1271 audivimus
1055 1233 1100 1268 et
1116 1220 1412 1277 cantavimus,
1436 1239 1457 1263 «
1476 1223 1591 1264 Deus
1607 1214 1864 1261 manifestus

470 1322 491 1345 n
527 1302 694 1357 veniet,
715 1303 831 1345 Deus
862 1305 1009 1342 noster
1025 1331 1036 1352 ,
1066 1304 1110 1339 et
1131 1310 1222 1339 non
1245 1292 1431 1338 silebit2.
1456 1310 1476 1333 »
1509 1294 1605 1350 Ipse
1631 1287 1748 1333 enim
1776 1290 1865 1331 Do-

470 1375 616 1419 minus
637 1371 836 1418 Christus
850 1403 862 1426 ‚
887 1372 1002 1413 Deus
1019 1376 1167 1411 noster
1187 1401 1198 1422 ‚
1230 1364 1367 1410 Filius
1389 1363 1490 1419 Dei,
1511 1362 1652 1422 primo
1674 1358 1866 1404 adventu

469 1446 589 1491 venit
641 1442 842 1488 occultus
862 1475 873 1496 ,
925 1437 1119 1484 secundo
1174 1435 1371 1481 adventu
1410 1433 1556 1480 veniet
1595 1427 1863 1475 manifestus.

473 1513 661 1570 Quando
672 1513 792 1558 venit
804 1510 1115 1565 occultus‚non
1126 1506 1320 1551 innotuit
1333 1505 1413 1549 nisi
1426 1503 1555 1548 servis
1569 1502 1655 1546 suis
1669 1517 1677 1542 ε
1690 1497 1869 1560 quando

472 1587 619 1633 veniet
639 1583 910 1638 manifestus,
928 1583 1170 1626 innotescet
1183 1579 1310 1623 bonis
1325 1586 1369 1622 et
1380 1576 1519 1622 malis.
1543 1573 1732 1628 Quando
1753 1571 1873 1615 venit

475 1657 696 1711 occultus,
720 1655 842 1700 venit
867 1650 1133 1714 judicandus
1158 1669 1169 1695 ι
1203 1646 1384 1709 quando
1412 1646 1559 1690 veniet
1592 1641 1869 1697 manifestus,

476 1729 622 1774 veniet
638 1725 929 1787 judicaturus.
958 1722 1156 1779 Denique
1173 1729 1279 1762 tunc
1296 1732 1397 1761 cum
1415 1715 1712 1775 judicaretur,
1736 1711 1870 1767 siluit,

479 1809 523 1845 et
544 1798 599 1843 de.
633 1795 804 1842 silentio
838 1795 930 1854 ejus
951 1790 1170 1849 Propheta
1191 1786 1450 1848 praedixerat
1477 1804 1486 1829 z
1516 1803 1538 1827 «
1566 1784 1686 1829 Sicut
1707 1783 1797 1827 ovis
1820 1780 1875 1826 ad

481 1889 503 1914 »
539 1865 855 1913 immolandum
875 1863 1035 1907 duetus
1047 1869 1126 1915 est,
1142 1868 1186 1903 et
1199 1858 1310 1902 sicut
1324 1871 1463 1916 agnus
1481 1869 1627 1899 coram
1643 1853 1871 1908 tondente,

485 1961 506 1984 >›
542 1941 601 1985 sic
620 1954 710 1983 non
728 1935 899 1996 aperuit
916 1949 961 1978 os
978 1931 1150 1977 suum3.
1174 1948 1194 1971 »
1219 1928 1304 1974 Sed
1325 1947 1344 1969 «
1372 1930 1486 1972 Deus
1506 1934 1652 1970 noster
1671 1922 1853 1968 manifes

486 2033 507 2057 κ
543 2022 612 2058 tus
634 2010 803 2065 veniet,
838 2010 954 2052 Deus
988 2012 1156 2057 noster,
1191 2010 1234 2046 et
1268 2015 1359 2044 non
1398 1997 1556 2043 silebit.
1586 1998 1730 2042 »Non
1761 2010 1851 2056 quo
