1867 3320
395 199 534 234 sunno
568 210 671 251 xm,
705 216 751 243 m·
783 215 945 251 vsu-uo
976 228 1030 265 11,
1068 221 1134 259 10.
1374 239 1453 277 291

78 257 248 316 judicat
271 261 468 312 homines
486 273 561 330 qui
579 286 681 321 sunt
697 279 740 324 in
763 287 909 329 terra?
930 290 1035 333 Nam
1054 294 1086 336 si
1111 304 1262 345 terram
1284 313 1457 368 proprie

83 343 172 372 non
195 333 393 392 accipias,
415 339 494 384 nisi
518 359 648 403 quam
671 349 808 397 calcas
827 372 836 404 ;
857 358 1050 414 agricolis
1072 379 1173 423 ergo
1191 369 1349 419 dictum
1370 391 1454 427 est:

72 818 192 866 dium
215 824 432 877 dominica
453 835 524 880 illa
542 845 754 889 sententia
773 866 782 892 :
805 851 919 903 «Qui
942 856 1034 900 sine
1051 873 1226 916 peccato
1239 877 1318 922 est,
1339 872 1453 927 prior

73 907 95 931 »
128 892 172 935 in
187 894 303 941 illam
318 899 506 961 lapidem
523 915 690 956 mittat¹
707 934 715 960 :
731 934 750 957 »
771 933 918 965 nonne
931 929 1281 989 omnisjudicans
1299 949 1454 985 terram

66 1117 166 1148 eum
185 1108 410 1159 mulierem
434 1117 477 1160 in
497 1120 714 1170 adulterio
733 1128 1044 1189 deprehensam
1063 1162 1074 1198 3
1094 1143 1149 1187 de
1165 1161 1252 1203 quo
1275 1161 1452 1206 peccato

62 1187 193 1231 poena
212 1177 355 1226 suerat
379 1187 493 1245 Lege
510 1190 706 1250 definita,
728 1201 843 1258 Lege
864 1205 1026 1252 scilicet
1049 1211 1146 1255 data
1172 1229 1248 1271 per
1268 1220 1451 1276 Moysen

60 1243 279 1293 {emulum
304 1255 379 1298 Dei
393 1258 425 1298 ².
455 1261 545 1304 Hac
567 1277 669 1322 ergo
691 1272 991 1329 complexione
1013 1278 1161 1326 dolosa
1185 1294 1228 1328 et
1267 1287 1450 1335 fraudu-

58 1313 176 1361 lenta
199 1320 254 1364 ad
278 1324 508 1373 Dominum
533 1334 732 1382 Pharisaei
754 1357 1041 1403 accesserunt,
1068 1362 1116 1396 ut
1138 1355 1169 1397 si
1186 1357 1362 1415 juberet
1383 1361 1449 1407 la-

58 1386 198 1445 pidari
222 1393 448 1443 mulierem
482 1402 751 1453 diffamatam
770 1447 781 1465 ‚
805 1416 1004 1471 perderet
1033 1430 1441 1493 mansuetudinem3
1480 1456 1484 1459 “

56 1456 89 1500 si
111 1469 257 1505 autem
281 1466 402 1523 quod
434 1472 520 1514 Lex
542 1474 727 1532 jusserat
753 1485 1029 1544 prohiberet,
1058 1508 1253 1551 peccasse
1276 1511 1446 1549 tenere-

42 1883 283 1931 secundum
318 1903 365 1933 os
399 1891 624 1949 ipsorum:
653 1916 672 1939 «
700 1900 886 1947 Reddite
922 1909 1079 1955 Caesari
1118 1932 1218 1974 quae
1249 1924 1429 1972 Caesaris

11 1940 16 1976 Ῐ
45 1970 66 1994 »
100 1965 223 2009 sunt,
250 1966 294 2002 et
317 1961 406 2004 Deo
427 1978 527 2022 quae
553 1967 627 2010 Dei
649 1973 806 2029 sunt33
835 1993 854 2014 υ
888 1985 935 2020 ut
957 1980 1209 2032 admoneret
1236 1993 1295 2036 sic
1324 1997 1424 2041 red-

39 2021 228 2071 dendam
253 2031 342 2074 Deo
361 2031 404 2075 in
425 2033 601 2079 homine
621 2038 852 2099 imaginem
876 2048 964 2100 Dei,
981 2057 1351 2109 quemadmodum
1377 2068 1421 2112 in

36 2108 219 2142 nummo
234 2098 379 2158 imago
399 2118 474 2148 sua
498 2106 695 2154 redditur
716 2114 887 2159 Caesari.
913 2121 972 2162 na
993 2132 1035 2166 et
1057 2125 1098 2168 in
1123 2128 1198 2172 ism
1223 2132 1420 2183 adultera

34 2163 366 2225 interrogatores
387 2172 688 2234 interrogavit,
715 2192 758 2226 et
779 2184 1294 2253 ideojudicesjudicavit.
1322 2208 1417 2252 Non

32 2236 267 2294 prohibeo,
294 2240 466 2300 inquit,
488 2244 696 2305 lapidari,
721 2269 852 2312 quam
876 2256 1053 2317 lapidari
1076 2269 1158 2310 Lex
1177 2271 1319 2327 jussit,
1339 2277 1416 2322 sed

31 2319 185 2364 quaero
210 2323 234 2352 a
253 2311 427 2368 quibus.
453 2316 551 2360 Non
573 2320 688 2364 enim
713 2325 886 2380 resisto,
912 2330 984 2372 sed
1014 2336 1134 2391 Legis
1168 2341 1414 2390 ministrum

28 2377 219 2438 requiro.
246 2382 444 2442 Denique
462 2388 610 2434 audite
627 2410 636 2436 :
652 2411 672 2434 α
686 2395 896 2454 Lapidare
915 2402 1045 2448 vultis
1066 2411 1310 2459 secundum
1326 2417 1412 2462 Le·

76 2478 86 2496 ¹
104 2474 195 2507 Joan.
218 2484 288 2517 vm,
305 2488 336 2520 7.
355 2494 397 2503 —
417 2486 430 2503 ²
453 2482 558 2516 Lavit.
574 2494 630 2527 xx,
654 2498 701 2521 10.
723 2505 763 2513 —
789 2490 802 2514 ³
821 2494 894 2526 Luc.
921 2506 973 2535 xx,
1000 2499 1053 2530 25.

1133 2560 1196 2597 19.
