1924 3309
489 321 570 360 ‘048
921 330 954 358 s.
993 331 1222 359 AUGUS'MRI
1256 331 1435 358 zeiseori

483 397 564 441 isto
589 404 734 440 monte
756 396 832 455 qui
862 395 909 438 in
944 405 1066 454 parte
1088 402 1214 449 sunt,
1250 404 1294 439 et
1331 411 1420 439 non
1454 404 1605 440 tenent
1640 395 1869 439 nobiscum

483 469 727 512 universam
748 475 919 510 terram.
936 465 1361 520 Commemoramini,
1378 465 1546 521 fratres,
1566 467 1711 526 quiam
1731 466 1871 510 omnis

482 538 638 598 pagina
673 547 810 582 armat
852 546 893 581 et
920 536 1073 596 implet
1104 552 1182 580 nos
1225 546 1375 581 contra
1414 536 1584 596 linguas
1614 537 1867 592 hominum,

484 623 591 668 quas
619 607 812 668 quotidie
844 607 1049 667 patimur.
1092 607 1134 651 Si
1168 606 1340 651 dixisset
1367 608 1541 652 :Crevit
1563 607 1634 651 ille
1657 624 1780 652 mous
1799 643 1808 662 ‚
1830 616 1873 651 ct

483 678 680 738 implevit
708 679 950 722 universam
975 677 1195 731 Africam,
1227 678 1445 737 numquid
1467 677 1660 722 dicerent
1680 677 1766 731 illi,
1793 677 1873 721 nisi

483 750 586 810 quia
608 765 705 808 pars
737 747 895 792 Donati
919 749 1012 791 est?
1045 748 1311 806 Compressit
1333 747 1505 807 linguas
1536 749 1734 807 ipsorum
1757 763 1874 792 cres-

480 820 637 866 cendo.
666 823 854 863 Tantum
883 819 1040 873 crevit,
1067 828 1116 862 ut
1148 819 1328 863 obturet
1350 835 1425 864 ora
1449 820 1749 864 verbosorum.
1777 822 1875 873 Quo

481 893 599 936 enim
623 891 672 934 iit
686 888 895 935 cresendo
912 890 930 931 Ῠ
948 893 1029 933 Per
1051 890 1295 933 universam
1314 898 1489 933 terram.
1516 893 1623 935 Nam
1646 905 1768 934 mons
1783 889 1871 945 ille,
1923 887 1924 891 ’

481 962 601 1007 unde
623 962 827 1022 praecisus
845 970 930 1016 est,
952 976 1040 1004 non
1058 960 1291 1004 crescendo
1308 960 1507 1020 implevit
1529 961 1773 1005 universam
1790 968 1876 1003 ter-
1923 949 1924 982 ³

482 1049 574 1077 vram
594 1054 604 1090 3
630 1033 732 1093 quia
754 1032 831 1076 etsi
848 1030 1141 1090 impleverunt
1155 1031 1400 1075 universam
1424 1040 1581 1075 terram
1599 1033 1623 1074 J
1627 1031 1758 1085 udaei‚
1774 1030 1877 1089 quia

481 1102 688 1148 debellati
710 1111 833 1156 sunt,
859 1111 900 1144 et
919 1116 1041 1145 suam
1066 1110 1221 1145 terram
1242 1100 1556 1160 perdiderunt3
1577 1101 1758 1161 dispersi
1773 1109 1876 1145 sunt

484 1189 561 1233 per
576 1182 736 1216 terram
751 1187 880 1231 poena
889 1172 1162 1225 meritorum,
1175 1188 1264 1216 non
1278 1171 1579 1229 magnitudine
1593 1172 1878 1216 incremento-

485 1260 599 1289 rum.
613 1243 823 1287 Dominus
836 1251 981 1286 autem
994 1242 1190 1286 Christus
1200 1241 1305 1301 lapis
1319 1241 1553 1300 angularis,
1566 1243 1879 1302 subegitregna

484 1314 730 1368 hominum,
752 1311 881 1371 fregit
899 1326 1030 1369 regna
1046 1311 1295 1356 daemonum
1309 1347 1319 1366 ‚
1338 1311 1584 1356 humiliavit
1597 1328 1746 1356 omnes
1760 1327 1879 1370 reges

486 1394 534 1429 ut
556 1393 782 1438 cresceret,
819 1383 954 1428 crevit
976 1392 1018 1425 et
1040 1382 1234 1442 implevit
1267 1383 1515 1427 universam
1553 1381 1707 1427 faciem
1731 1392 1873 1427 terrae.

488 1456 641 1501 Audeo
659 1454 992 1499 dicere:Adhuc
1009 1454 1174 1508 crescit,
1194 1452 1336 1498 adhuc
1351 1463 1452 1498 sunt
1463 1453 1573 1508 loca,
1594 1470 1693 1514 quae
1707 1452 1874 1513 impleh
1917 1494 1921 1509 ,

548 1529 671 1570 VIII.
700 1529 766 1569 Tu
787 1540 890 1583 ergo
912 1540 1005 1569 ama
1029 1525 1171 1585 ipsum
1195 1533 1388 1569 montem
1403 1560 1414 1580 ,
1437 1533 1479 1568 et
1501 1539 1600 1584 para
1624 1534 1667 1569 te
1682 1525 1879 1569 habitare

488 1600 632 1659 ipsum
654 1605 849 1641 montem
872 1596 918 1640 in
939 1605 1246 1658 aeternumffiet
1264 1595 1429 1640 munda
1462 1605 1505 1639 te
1534 1597 1588 1640 ab
1616 1597 1733 1640 omni
1755 1596 1879 1641 coin-

489 1669 746 1732 quinatione
776 1667 916 1712 carnis
953 1677 996 1710 et
1035 1667 1234 1725 spiritus,
1270 1667 1346 1711 has
1368 1667 1672 1726 promissiones
1696 1666 1875 1711 habens.

490 1744 608 1795 Quas
626 1739 957 1800 promissiones?
977 1738 1019 1782 Si
1040 1738 1103 1781 vis
1126 1738 1344 1796 possidere
1368 1747 1522 1782 terram
1537 1773 1547 1793 ,
1578 1748 1621 1781 et
1638 1738 1880 1783 inhabitare

493 1821 688 1856 montem
724 1818 919 1853 sanctum
939 1843 949 1863 ,
992 1807 1154 1851 munda
1194 1817 1236 1851 te
1271 1809 1326 1851 ab
1375 1809 1493 1851 omni
1527 1809 1881 1867 coinquinatione

494 1883 635 1927 carnis
658 1890 701 1924 et
719 1880 908 1938 spiritus.
942 1880 1051 1931 Quae
1089 1887 1190 1921 sunt
1213 1878 1588 1937 coinquinationes
1610 1879 1778 1923 carnis?
1807 1883 1881 1924 In-

493 1953 644 1999 tendat
666 1951 862 1997 Charitas
877 1952 1046 2004 Vestra,
1067 1958 1110 1993 et
1128 1950 1211 1993 hoc
1234 1950 1443 1993 debemus
1466 1949 1624 1994 dicere.
1652 1953 1762 2003 Quae
1781 1960 1882 1996 sunt

492 2022 866 2084 coinquinationes
903 2021 1067 2065 carnis?
1098 2023 1195 2064 Non
1225 2020 1299 2063 ubi
1329 2036 1429 2064 casu
1462 2021 1614 2064 transit
1649 2021 1803 2075 homo,
1839 2031 1882 2066 et-
1916 2039 1917 2050 ³

498 2095 632 2153 tangit
666 2091 831 2153 aliquid
862 2101 937 2136 aut
966 2089 1102 2149 pede,
1129 2099 1204 2134 aut
1232 2091 1360 2134 etiam
1394 2089 1529 2148 facie3
1554 2100 1628 2134 aut
1647 2090 1680 2134 si
1707 2092 1879 2136 contin-

495 2175 566 2225 gat
585 2164 752 2209 'homini
775 2162 865 2207 labi
883 2160 1009 2221 pede,
1041 2170 1084 2204 et
1114 2162 1172 2205 ita
1189 2160 1364 2214 cadere,
1390 2170 1439 2204 ut
1468 2161 1512 2204 in
1541 2160 1708 2216 lutum,
1740 2171 1814 2206 aut
1837 2162 1878 2207 in

494 2251 673 2282 coenum
708 2234 877 2288 veniat,
911 2231 1192 2292 coinquinata
1226 2240 1288 2276 est
1325 2230 1470 2276 facies
1509 2229 1662 2276 Facilis
1704 2241 1766 2277 est
1802 2233 1879 2278 ista

495 2306 815 2368 coinquinati03
840 2304 1062 2366 quomodo
1082 2302 1307 2357 soletdici,
1339 2302 1531 2358 levatur,
1564 2312 1607 2347 et
1628 2304 1726 2347 exit.
1753 2304 1878 2348 Coin-

496 2379 692 2440 quinatio
715 2392 819 2423 vero
846 2375 986 2420 carnis
1002 2410 1013 2429 ⁷
1033 2390 1131 2434 quae
1153 2373 1343 2417 cavenda
1366 2382 1444 2427 est,
1468 2388 1557 2417 non
1580 2374 1667 2418 huc
1684 2374 1783 2429 exit,
1802 2373 1878 2418 nisi

496 2451 551 2494 de
584 2448 941 2509 coinquinatione
973 2445 1171 2505 spiritus,
1218 2453 1260 2488 et
1303 2444 1360 2488 sic
1399 2444 1653 2503 coinquinat
1686 2459 1872 2490 carnem.

498 2519 807 2581 Coinquinatio
830 2517 1004 2577 spiritus
1027 2532 1125 2576 quae
1146 2517 1232 2558 est‘?
1256 2514 1426 2559 Libido.
1452 2515 1761 2575 Coinquinatio
1784 2530 1874 2560 car·
1900 2524 1901 2529 ’

498 2593 594 2635 nis‘?
633 2589 900 2650 Perpetraiio
935 2586 1150 2632 aduiterii.
1191 2587 1329 2630 Habes
1364 2586 1479 2637 (lu-33
1515 2588 1696 2630 surrexit
1719 2585 1872 2640 libido,

491 2666 578 2719 iarn
612 2662 916 2721 coinquinatus
946 2670 1008 2704 cst
1045 2660 1243 2717 spiritns,
1283 2658 1475 2702 noudum
1513 2659 1687 2702 accessit
1712 2657 1875 2702 aduite-
