1867 3320
385 313 522 342 sEnMo
556 317 616 345 ιν.
652 318 705 347 ΒΕ
738 319 859 349 neon
893 320 944 350 ΕΤ
977 319 1096 352 ESAU.
1345 322 1425 359 197

0 369 1 398 ³
50 375 225 420 cleatius
237 376 330 422 haec
345 383 526 439 quaestio
544 381 732 430 discussa
747 403 835 432 non
853 398 931 441 est,
944 391 1099 449 partim
1115 400 1259 437 tamen
1274 409 1428 453 magna

0 437 1 505 s
49 447 265 503 mysteria,
290 464 389 508 quae
412 461 559 510 postea
583 454 616 498 si
636 464 889 514 tractentur,
906 459 1202 505 inveniuntur.
1229 465 1335 507 Date
1356 481 1431 510 ve-

47 516 163 560 niam
180 526 223 561 et
244 520 455 578 angustiae
479 526 683 583 temporis
701 562 711 581 ,
738 537 779 572 et
801 529 966 574 viribus
988 532 1166 587 nostris,
1192 542 1235 577 et
1261 537 1430 594 capaci-

45 586 122 630 tati
143 596 311 633 vestrae.
339 590 480 636 Vultis
503 593 599 652 plus
622 612 775 656 capere
791 634 800 652 ‚
829 602 1005 645 crescite
1031 622 1038 646 :
1066 602 1194 647 vultis
1211 620 1400 651 crescere
1415 643 1425 663 ‚

47 655 156 701 bene
184 659 328 704 vivite.
366 663 450 715 Qui
484 665 600 709 enim
625 682 711 711 non
743 668 976 723 vultbene
1009 673 1179 728 vivere,
1212 690 1300 719 non
1335 677 1430 723 vult

44 740 247 772 crescere.
270 732 356 774 Has
377 732 500 776 vobis
523 735 671 793 epulas
699 739 941 784 exhibuerit
965 744 1172 788 Dominus
1190 747 1304 790 Deus
1326 762 1429 792 nos-

44 806 106 841 ter
123 812 198 857 per
219 801 410 846 natalitia
431 806 633 863 martyris
651 809 716 852 sui
735 810 968 856 Vincentii.
988 814 1241 860 Vincentius
1263 832 1425 862 nomen

41 868 229 913 victoriae
251 880 329 916 est.
360 876 513 919 Amate
535 886 680 922 autem
700 915 709 933 ‚
742 890 790 924 ut
813 881 992 926 vincatis
1018 903 1025 927 :
1053 900 1142 929 non
1166 887 1281 931 enim
1304 887 1424 933 deest

38 943 276 999 persecutio
299 963 307 988 :
333 944 532 991 diabolus
555 961 805 1007 persecutor
822 962 907 1008 est,
934 970 1162 1015 nunquam
1180 958 1326 1004 deficit
1350 975 1425 1004 oe-

37 1010 148 1055 casio
171 1027 342 1057 coronae
360 1034 368 1059 ι
388 1025 558 1061 tantum
578 1020 698 1065 miles
721 1023 879 1067 Christi
902 1024 1116 1084 intelligat
1138 1043 1353 1086 pugnam,
1381 1040 1423 1074 et

35 1081 138 1126 sciat
159 1099 290 1143 quem
313 1086 472 1132 vincat.
495 1092 718 1152 Numquid
743 1095 841 1154 quia
866 1111 952 1139 non
977 1106 1018 1140 te
1037 1107 1161 1155 urget
1178 1099 1311 1144 hostis
1335 1116 1421 1146 ma·

34 1151 214 1198 nifestus
231 1158 438 1215 corporis,
465 1175 554 1204 non
571 1171 611 1205 te
635 1173 761 1222 urget
785 1176 1035 1224 persecutor
1053 1169 1250 1214 occultus
1272 1170 1419 1216 illece-

32 1221 118 1267 bris
140 1226 314 1269 carnis?
346 1230 519 1281 Quanta
537 1234 730 1292 suggerit
750 1236 884 1291 mala,
911 1248 1074 1297 quanta
1099 1254 1175 1298 per
1197 1241 1417 1300 cupidita-

31 1301 115 1337 tem
131 1329 141 1349 ,
167 1305 330 1355 quanta
348 1313 424 1357 per
445 1300 674 1346 timorem?
692 1306 860 1358 Quibus
882 1306 1092 1353 illecebris
1116 1310 1346 1368 persuadet
1368 1322 1418 1358 ut

29 1377 96 1407 eas
118 1365 172 1409 ad
190 1367 442 1427 sortilegos,
465 1370 519 1414 ad
542 1374 894 1430 mathematicos,
916 1378 1094 1436 quando
1112 1380 1231 1425 dolet
1255 1385 1416 1442 caput?

0 1476 1 1479 ,
24 1434 109 1487 Qui
146 1436 372 1482 dimittunt
407 1442 543 1485 Deum
565 1477 574 1495 ‚
609 1452 651 1486 et
688 1454 795 1488 eunt
818 1446 871 1489 ad
908 1446 1144 1505 ligamenta
1167 1449 1410 1507 diabolica,

23 1503 121 1548 victi
143 1516 245 1550 sunt
267 1523 290 1551 a
312 1507 502 1555 diabolo.
536 1514 698 1558 Contra
726 1515 759 1558 si
790 1517 860 1560 cui
883 1528 1133 1577 suggestum
1160 1520 1314 1576 fuerit,
1347 1539 1410 1567 se-

24 1575 217 1620 cundum
252 1593 409 1639 corpus
444 1580 623 1627 sortasse
657 1586 829 1630 etlicere
852 1588 1041 1633 remedia
1066 1589 1258 1646 diaboli,
1294 1594 1411 1638 unde

23 1645 128 1691 alius
156 1659 330 1694 sanatus
353 1667 442 1696 esse
463 1652 643 1709 dicitur,
679 1658 779 1716 quia
804 1669 982 1718 accepto
1007 1661 1062 1703 ab
1092 1661 1168 1706 illo
1199 1665 1409 1709 sacrificio

21 1731 113 1769 suo,
129 1717 287 1765 deserit
310 1725 509 1784 persequi
533 1740 706 1785 corpus,
722 1728 823 1788 quia
847 1744 922 1773 cor
944 1730 1136 1774 obtinuit
1155 1751 1163 1776 :
1190 1748 1293 1792 ergo
1311 1736 1406 1778 cui-

19 1801 206 1849 cumque
224 1801 422 1850 suggesta
445 1794 607 1839 fuerint
630 1797 704 1841 ista
735 1799 920 1843 remedia
942 1800 1146 1846 scelerata
1165 1837 1176 1856 ,
1206 1813 1249 1846 et
1283 1805 1406 1849 dixe-

18 1858 97 1914 rit,
121 1861 282 1905 Moriar
314 1864 457 1921 potius
475 1901 485 1919 ‚
512 1882 644 1925 quam
678 1868 835 1913 talibus
860 1871 1059 1915 remediis
1096 1882 1193 1917 utar
1214 1895 1224 1931 3
1253 1876 1285 1918 si
1309 1877 1403 1922 vult

18 1932 147 1988 Deus,
180 1934 370 1994 flagellat
407 1946 450 1981 vt
482 1937 638 1983 liberat
662 1955 757 1996 me3
783 1942 814 1984 si
839 1943 958 1986 novit
987 1944 1087 2003 quia
1113 1949 1400 1992 necessarium

17 2011 92 2058 (m,
109 2003 259 2050 liberet
278 2021 368 2065 me3
388 2008 422 2051 si
445 2018 590 2053 autem
609 2011 686 2054 scit
705 2012 805 2071 quia
831 2012 970 2057 debeo
993 2015 1105 2058 exire
1123 2016 1178 2059 de
1199 2017 1278 2061 hac
1294 2019 1397 2074 vita,

16 2071 100 2117 sive
134 2077 387 2133 contrister,
425 2079 514 2123 sive
535 2080 686 2135 laeter,
728 2098 882 2143 sequar
911 2084 1179 2129 voluntatem
1209 2089 1394 2133 Domini.

16 2144 125 2189 Ecce
146 2148 259 2191 enim
284 2158 380 2208 post
403 2165 582 2208 parvum
615 2162 785 2212 tempus
813 2171 897 2214 qua
925 2156 1066 2199 lronte
1087 2158 1277 2202 exiturus
1302 2175 1398 2204 sum

15 2212 67 2258 ad
90 2216 356 2262 Dominum?
379 2221 474 2264 Non
497 2222 610 2265 enim
644 2223 724 2267 hoc
744 2225 846 2268 mihi
869 2236 1072 2284 prsestant
1097 2228 1284 2273 remedia
1307 2230 1398 2275 dia-

15 2283 127 2345 boli,
159 2287 279 2347 quod
311 2299 484 2349 praestat
523 2294 658 2348 Deus,
697 2295 827 2338 vitam
860 2305 1079 2339 :ru-ruam.
1115 2302 1257 2350 Quare
1293 2317 1396 2359 ergo

14 2352 170 2401 damno
192 2359 348 2402 animae
388 2375 494 2403 mezi·
526 2377 623 2407 cmo
648 2380 808 2422 paucos
842 2366 935 2409 (livs'
961 2368 1129 2426 corpori
1163 2384 1258 2414 meo
1272 2373 1289 2411 ζ’
1310 2374 1394 2425 Qui

0 2422 103 2470 'haec
124 2426 245 2481 dicit,
266 2438 308 2473 et
325 2445 410 2474 non
434 2431 480 2484 it,
504 2447 582 2476 nec
605 2435 793 2494 applicat
816 2453 889 2480 ror
911 2453 1035 2480 suum
1059 2448 1105 2482 ut
1131 2438 1255 2485 saciat
1281 2443 1391 2488 mala

0 2497 195 2542 remedia
214 2533 224 2553 ‚
252 2500 402 2560 utique
435 2502 581 2546 vincit.
610 2506 744 2548 Unam
772 2522 858 2549 rein
888 2506 974 2550 dixi
1009 2510 1193 2569 exempli
1217 2514 1352 2570 gratia
1380 2534 1388 2558 ;

0 2563 161 2625 svidetis
181 2577 297 2613 certe
329 2571 418 2630 jam
450 2582 612 2631 quanta
646 2573 845 2620 diabolus
868 2580 1071 2635 suggerit.
1104 2580 1229 2626 Vides
1265 2582 1388 2628 illum

0 2646 122 2701 icerte
146 2637 348 2697 languere
364 2676 374 2695 ‚
396 2640 513 2686 vides
536 2643 811 2689 anhelantem
838 2648 879 2691 in
907 2648 1040 2695 let-to,
1064 2650 1181 2696 vides
1199 2653 1265 2695 vix
1292 2669 1387 2698 mo-
