1924 3309
418 211 502 250 284
847 222 880 251 s.
918 224 1148 254 Aucus-nm
1181 226 1361 254 muscom

418 288 574 332 rectius
600 288 757 345 sentit,
782 289 944 345 insani,
970 291 1045 351 qui
1063 290 1201 334 credit
1216 293 1354 334 Deum
1371 291 1569 336 locutum
1592 308 1682 338 esse
1702 309 1804 338 cum

416 359 618 415 diabolo,
660 376 715 404 an
753 362 828 421 qui
863 361 1000 406 credit
1034 365 1173 405 Deum
1213 377 1302 406 non
1331 362 1471 408 solum
1494 379 1596 408 cum
1628 364 1805 410 diabolo

415 430 640 486 locutum,
681 432 756 476 sed
785 433 913 476 etiam
951 432 1128 477 diabolo
1165 448 1254 477 esse
1290 435 1554 479 mentitum?
1583 435 1805 488 Quosdam

415 502 530 547 enim
553 503 743 562 Angelos
766 504 968 548 humanis
986 504 1122 549 oculis
1144 505 1416 566 apparuisse,
1440 507 1661 566 Scriptura
1682 523 1805 552 com-

415 583 627 618 memorat
648 593 656 618 :
683 575 758 618 sed
782 574 934 634 utique
954 576 1156 633 potestati
1178 591 1331 620 eorum
1354 591 1609 636 corpoream
1631 587 1805 622 creatu-

415 659 508 688 ram
538 645 596 689 ita
628 646 836 690 Dominus
871 645 1090 701 subdidit,
1130 657 1180 692 ut
1213 647 1296 692 illis
1331 663 1426 692 eam
1466 663 1546 708 pro
1581 648 1807 694 voluntate

416 720 676 777 coaptaret1.
706 716 830 762 Unde
854 727 898 762 et
925 717 1010 773 illi,
1043 719 1242 779 quamvis
1263 734 1353 764 non
1393 718 1483 763 nati
1505 735 1557 763 ex
1595 718 1775 764 foemina
1792 755 1803 776 ‚

414 797 715 833 verumtamen
747 805 903 849 corpus
926 790 1201 846 habuerunt,
1227 790 1348 851 quod
1369 806 1421 834 ex
1439 791 1636 852 qualibet
1665 792 1807 851 specie

413 859 458 902 in
481 859 726 919 quamlibet
748 860 936 920 speciem
973 877 1052 920 pro
1077 862 1141 905 sui
1178 861 1405 906 ministerii
1427 870 1559 922 atque
1581 862 1713 908 oflicii
1735 877 1807 906 ra-

415 932 532 976 tione
554 941 858 978 converterent
880 954 890 991 3
921 949 971 977 ex
1008 949 1108 978 vera
1132 944 1278 978 tamen
1306 934 1351 978 in
1373 950 1536 979 veram.
1563 937 1661 980 Non
1691 936 1804 979 enim

415 1011 458 1046 ct
491 1003 581 1062 ipse
610 1004 821 1060 Dominus
858 1020 958 1048 cum
991 1021 1150 1065 aquam
1189 1006 1404 1050 convertit
1438 1006 1483 1049 in
1510 1006 1690 1061 vinum,
1733 1014 1808 1050 aut

415 1090 572 1134 aquam
596 1075 741 1119 falsam
757 1112 767 1131 ,
794 1086 869 1120 aut
886 1077 1038 1121 vinum
1062 1077 1217 1121 falsum
1235 1078 1365 1122 fuisse
1393 1094 1621 1137 possumus
1643 1078 1803 1124 dicere.

473 1149 528 1189 X.
554 1148 694 1190 Omne
721 1149 868 1207 itaque
900 1163 1080 1207 corpus„
1102 1150 1226 1208 cujus
1245 1157 1309 1192 est
1334 1157 1488 1192 natura
1511 1158 1554 1192 et
1572 1148 1679 1193 ordo
1707 1160 1806 1191 mu-

417 1216 557 1261 tabilis
572 1252 582 1272 ‚
605 1218 660 1261 ad
691 1227 850 1261 nutum
879 1218 1287 1277 omnipotentissimi
1309 1218 1557 1262 Conditoris
1577 1254 1586 1273 ,
1612 1220 1657 1261 in
1675 1234 1805 1278 quas-

413 1302 602 1348 cumque
625 1290 785 1348 species
814 1288 948 1333 fuerit
970 1298 1311 1343 commutatum,
1338 1304 1360 1332 a
1382 1289 1564 1333 veritate
1590 1298 1736 1333 tamen
1762 1290 1804 1333 in

414 1375 492 1404 suo
526 1375 682 1419 genere
718 1376 806 1404 non
835 1360 1029 1405 recedit:
1055 1361 1263 1420 quoniam
1298 1376 1577 1420 quacumque
1601 1361 1806 1405 varietate

414 1439 631 1486 mutetur⁷
657 1441 700 1476 et
723 1447 879 1490 corpus
907 1441 1050 1475 tamen
1071 1441 1113 1475 et
1142 1447 1294 1476 verum
1324 1447 1480 1491 corpus
1503 1447 1592 1476 esse
1616 1447 1702 1476 non
1729 1432 1801 1475 de-

414 1501 530 1544 sinit.
560 1501 643 1545 Sed
665 1517 767 1545 cum
800 1503 868 1546 isti
904 1518 1077 1546 omnem
1102 1511 1301 1546 naturam
1325 1517 1576 1561 corpoream
1593 1538 1604 1557 ᾖ
1641 1517 1730 1546 non
1753 1502 1805 1546 ab

414 1572 715 1630 omnipotente
748 1572 975 1617 conditore
1015 1576 1129 1628 Deo,
1160 1574 1236 1616 sed
1272 1589 1293 1617 a
1332 1574 1609 1617 tenebrarum
1648 1581 1802 1631 gente,

414 1644 559 1687 nescio
582 1659 691 1703 qua,
718 1660 807 1688 esse
835 1646 1116 1702 confingant3
1145 1645 1380 1704 quaerimus
1404 1645 1459 1687 ab
1482 1644 1540 1688 eis
1556 1680 1566 1697 ‚
1597 1644 1806 1687 Dominus

413 1723 558 1758 noster
581 1717 704 1758 Jesus
734 1716 931 1765 Christus
954 1714 1072 1759 unde
1102 1731 1260 1774 corpus
1288 1716 1600 1774 assumpserit?
1630 1716 1670 1758 Si
1692 1715 1806 1758 enim

412 1784 583 1826 nullum
624 1801 781 1839 eorpus
820 1801 919 1829 eum
955 1786 1231 1839 assumpsisse
1261 1785 1435 1834 dicunt,
1458 1785 1680 1839 quidm-at
1696 1783 1807 1826 illud

412 1851 533 1913 quod
546 1851 746 1895 humanis
770 1859 900 1910 atque
919 1851 1136 1909 corporeis
1157 1849 1292 1894 oculis
1308 1850 1571 1909 apparebat?
1585 1854 1674 1895 Aut
1692 1852 1803 1895 enim

411 1921 688 1968 mendacium
718 1921 1031 1981 phantasmatis
1060 1929 1172 1976 erat,
1205 1920 1326 1981 quod
1359 1921 1600 1965 execrabile
1625 1932 1688 1966 est
1711 1938 1805 1966 cre-

412 1994 514 2040 dere
540 2013 549 2038 :
575 2002 650 2037 aut
672 1994 705 2036 si
727 1993 863 2052 ipsam
888 1991 1080 2037 divinam
1103 1992 1391 2036 substantiam
1417 2007 1539 2036 suam
1559 1992 1680 2038 nulla
1706 2009 1804 2038 cor-

412 2067 528 2126 poris
551 2064 844 2124 assumptione
866 2064 1068 2108 humanis
1092 2063 1227 2108 oculis
1249 2079 1349 2107 eum
1367 2063 1683 2108 demonstrasse
1706 2081 1804 2110 con-

417 2138 628 2194 tendunt3
654 2146 696 2180 et
726 2137 838 2180 hanc
877 2136 1008 2179 etiam
1037 2135 1236 2185 diabolus
1259 2133 1389 2189 vidit,
1416 2135 1492 2178 ubi
1520 2144 1583 2179 est
1606 2137 1725 2196 quod
1761 2137 1804 2181 in

414 2211 490 2253 ista
513 2208 754 2268 quaestione
781 2206 1047 2250 calumniosa
1070 2222 1176 2250 voce
1204 2205 1475 2265 proclamant
1501 2226 1509 2250 ε
1541 2225 1559 2248 «
1587 2207 1705 2250 Beati
1729 2207 1803 2267 qui
1834 2200 1835 2203 ¹

418 2298 437 2321 »
474 2294 584 2338 puro
621 2287 721 2321 sunt
750 2276 908 2331 corde,
945 2277 1151 2337 quoniam
1191 2278 1271 2335 ipsi
1305 2279 1439 2320 Deum
1472 2276 1748 2321 videbunw?
1782 2297 1800 2319 »

416 2350 546 2403 Quod
568 2349 601 2392 si
634 2347 746 2392 forto
778 2347 930 2391 dicunt
947 2383 957 2403 ,
992 2347 1183 2391 divinam
1208 2358 1251 2391 et
1274 2348 1494 2407 propriam
1517 2348 1803 2391 substantiam

422 2420 590 2465 Domini
612 2435 699 2463 non
719 2419 847 2463 talem
872 2435 961 2464 esse
989 2418 1105 2479 apud
1131 2423 1321 2474 Patrem,
1347 2418 1521 2479 qualem
1544 2434 1587 2463 se
1618 2420 1664 2462 in
1684 2419 1804 2464 terris

417 2492 554 2536 voluit
567 2490 689 2534 nullo
704 2499 924 2550 assumpto
937 2505 1118 2550 corpore
1131 2490 1358 2534 ostendere
1374 2490 1502 2550 3quid
1520 2489 1638 2534 aliud
1654 2490 1800 2544 etiam,

467 2583 474 2599 ¹
499 2577 601 2606 Fas-lv
627 2588 705 2612 ega...
725 2581 942 2617 eoaptni·cti11·.
967 2593 1004 2598 *-
1032 2581 1045 2598 2
1065 2575 1176 2607 Manli.
1200 2586 1233 2616 v,
1254 2576 1284 2606 8.
