1924 3309
449 248 503 286 32
886 251 920 282 s.
955 251 1186 283 Aucusnm
1207 252 1388 280 Enscom

449 330 492 364 et
514 320 595 363 ista
619 318 851 363 obduratio
875 317 1139 377 praecedenti
1170 315 1406 375 impietati¹
1433 332 1441 357 :
1466 321 1515 357 ut
1536 321 1580 356 et
1610 313 1727 356 bona
1753 325 1830 370 per

449 389 616 434 donum
646 389 724 432 Dei
747 402 977 447 operemur
992 422 1003 442 ,
1028 396 1071 430 et
1091 386 1203 430 mala
1225 400 1304 444 per
1330 383 1618 443 supplicium3
1639 396 1740 425 cum
1761 389 1830 424 ta-

449 474 550 503 men
571 458 739 503 homini
762 473 850 501 non
874 456 1092 500 auferatur
1113 455 1300 498 liberum
1323 453 1556 498 voluntatis
1575 451 1802 495 arbitrium
1817 483 1828 504 ,

449 529 539 573 sive
563 529 618 572 ad
639 526 907 571 credendum
929 529 1019 570 Deo
1036 534 1087 568 ut
1108 532 1401 583 consequatur
1415 538 1493 566 nos
1513 519 1804 565 misericordia
1818 552 1829 574 ,

449 598 538 642 sive
562 597 618 641 ad
638 597 907 656 impietatem
928 604 978 640 ut
995 602 1286 653 consequatur
1307 591 1582 651 supplicium.
1608 592 1703 642 Qua
1725 603 1833 632 con-

449 667 644 712 clusione
679 666 819 720 illata,
850 664 982 709 infert
1011 664 1295 723 quaestionem
1321 671 1531 719 tanquam
1565 675 1588 703 a
1611 657 1834 703 contradi-

450 745 591 781 cente.
623 736 695 780 Ait
723 736 838 778 enim
863 753 872 778 :
899 734 1052 778 «Dicis
1084 734 1231 792 itaque
1269 730 1396 785 mihi,
1434 728 1540 789 quid
1561 728 1704 772 adhuc
1726 742 1835 772 con·

453 824 474 847 »
509 806 736 865 queritur?
758 807 866 850 Nam
884 803 1100 848 voluntati
1123 804 1212 862 ejus
1234 801 1329 861 quis
1353 800 1508 843 resistit
1527 800 1570 842 ²?
1589 816 1609 839 »
1631 798 1712 842 Cui
1733 812 1835 841 sane

452 876 724 936 inquisitioni
743 876 802 919 sic
824 874 1057 933 respondet
1074 909 1084 928 ‚
1111 882 1160 916 ut
1181 871 1472 929 intelligamus
1489 867 1754 928 spiritalibus
1775 868 1837 912 vi-

451 947 522 1000 ris,
548 955 591 990 et
603 947 693 1005 jam
714 960 803 989 non
820 944 1062 988 secundum
1083 952 1303 986 terrenum
1326 941 1548 984 hominem
1571 937 1833 992 viventibus,

452 1025 601 1074 patere
621 1029 741 1073 posse
770 1014 907 1072 prima
933 1013 1084 1056 merita
1107 1011 1208 1054 fidei
1241 1019 1284 1055 et
1320 1009 1550 1067 impietatis
1568 1042 1579 1062 ,
1615 1006 1838 1066 quomodo

453 1089 566 1128 Deus
587 1083 792 1142 praescius
826 1082 954 1139 eligat
974 1081 1213 1125 credituros
1233 1114 1243 1134 ‚
1279 1088 1323 1122 et
1351 1077 1529 1122 damnet
1561 1076 1837 1134 incredulos;
1895 1125 1897 1127 μ

454 1169 533 1196 nec
554 1153 650 1197 illos
676 1169 727 1196 ex
748 1152 951 1210 operibus
979 1150 1140 1209 eligens
1156 1185 1166 1204 ‚
1193 1164 1273 1192 nec
1296 1149 1398 1192 istos
1416 1163 1467 1191 ex
1491 1147 1694 1206 operibus
1712 1145 1839 1189 dam-
1891 1152 1894 1153 ’

453 1238 590 1279 nans3
615 1221 691 1265 sed
711 1220 885 1265 illorum
923 1221 1024 1263 fidei
1060 1228 1267 1278 praestans
1290 1227 1339 1261 ut
1371 1217 1483 1260 bene
1516 1225 1773 1275 operentur,
1797 1223 1841 1259 et

453 1292 636 1336 istorum
653 1292 920 1350 impietatem
943 1289 1164 1334 obdurans
1190 1287 1429 1332 deserendo
1450 1296 1500 1330 ut
1521 1285 1633 1329 male
1655 1300 1840 1344 operen-

453 1371 541 1406 tur.
568 1361 653 1413 Qui
675 1360 882 1420 quoniam
899 1359 1146 1403 intellectus
1162 1392 1173 1413 ‚
1203 1366 1253 1401 ut
1269 1357 1381 1411 dixi,
1408 1354 1675 1414 spiritalibus
1695 1363 1837 1414 patet,

454 1447 479 1475 a
500 1430 663 1475 carnali
686 1438 831 1473 autem
853 1427 1085 1488 prudentia
1112 1427 1243 1485 longe
1269 1435 1461 1470 remotus
1483 1434 1567 1479 est,
1596 1426 1655 1468 sic
1681 1423 1840 1468 refellit

454 1500 749 1560 inquirentem
765 1533 776 1554 ‚
807 1507 858 1541 ut
877 1496 1092 1555 intelligat
1118 1511 1161 1540 se
1195 1490 1413 1554 deponere
1435 1494 1594 1538 debere
1616 1494 1734 1553 prius
1755 1494 1839 1537 ho-

455 1571 619 1614 minem
646 1569 753 1623 luti,
787 1577 837 1611 ut
868 1568 946 1612 ista
974 1582 1048 1626 per
1071 1566 1271 1626 spiritum
1291 1565 1549 1623 investigare
1577 1579 1835 1608 mereamur.

457 1644 627 1701 Itaque,
642 1639 806 1699 inquit:
823 1640 891 1682 «O
912 1639 1045 1682 homo
1068 1646 1115 1681 tu
1140 1637 1236 1696 quis
1254 1652 1296 1680 es
1311 1671 1322 1690 ‚
1343 1636 1418 1696 qui
1435 1635 1694 1694 respondeas
1718 1635 1841 1678 Deo?

459 1728 480 1752 »
514 1709 741 1769 Numquid
772 1707 877 1751 dicit
906 1707 1163 1764 figmentum
1194 1707 1232 1749 ei
1262 1706 1338 1765 qui
1368 1721 1411 1749 se
1443 1706 1586 1760 finxit,
1618 1707 1761 1757 Quare
1781 1704 1841 1748 sic

460 1798 480 1821 »
516 1794 586 1823 me
609 1777 748 1822 fecisti
762 1777 780 1817 ⁴?
796 1779 865 1820 An
887 1790 976 1819 non
993 1775 1124 1819 habet
1146 1784 1401 1834 potestatem
1418 1773 1578 1833 figulus
1590 1775 1688 1829 luti,
1704 1789 1755 1818 ex
1775 1789 1840 1818 ea-

406 1850 411 1855 '
459 1867 480 1891 »
517 1848 617 1892 dem
637 1845 940 1905 conspersione
954 1860 1028 1889 vas
1044 1844 1202 1898 facere,
1217 1843 1337 1888 aliud
1353 1843 1531 1904 quidem
1547 1845 1593 1887 in
1608 1844 1837 1898 honorem,

459 1937 480 1960 >›
517 1917 638 1961 aliud
661 1918 705 1960 in
729 1913 1101 1960 contumeliamssP
1125 1932 1145 1955 »
1171 1913 1373 1966 Quandiu
1389 1915 1647 1972 figmentum
1674 1929 1717 1957 es
1737 1948 1747 1967 ‚
1774 1914 1842 1956 in-

458 1987 554 2047 quit
574 2022 584 2041 ,
617 1996 660 2030 et
682 1985 737 2029 ad
757 1999 940 2029 massam
968 1984 1050 2027 luti
1075 1983 1286 2042 pertines,
1312 1983 1510 2027 nondum
1532 1983 1767 2042 perductus
1785 1981 1841 2027 ad

459 2056 688 2117 spiritalia,
713 2065 763 2100 ut
790 2056 844 2100 sis
875 2054 1075 2115 spiritalis
1107 2055 1252 2098 omnia
1275 2053 1474 2112 judicans
1493 2088 1504 2108 ‚
1539 2063 1582 2098 et
1615 2069 1639 2097 a
1666 2053 1840 2097 nemine

454 2127 660 2187 judiceris
677 2161 689 2182 ‚
708 2126 910 2170 cohibeas
928 2134 971 2168 te
994 2132 1165 2183 oportet
1183 2123 1237 2167 ab
1261 2123 1509 2183 hujusmodi
1530 2122 1810 2183 inquisitione
1826 2157 1837 2177 ‚

461 2208 505 2242 et
540 2214 630 2243 non
657 2196 916 2257 respondeas
943 2199 1047 2240 Deo.
1080 2196 1215 2254 Cujus
1249 2195 1479 2239 consilium
1503 2195 1598 2254 quis
1630 2194 1736 2238 scire
1759 2210 1840 2238 cu-

462 2269 600 2327 piens,
618 2277 790 2327 oportet
811 2276 860 2310 ut
882 2266 1000 2325 prius
1022 2265 1065 2310 in
1087 2266 1177 2325 ejus
1200 2265 1431 2309 amicitiam
1453 2265 1705 2324 recipiatur:
1721 2263 1842 2324 quod

463 2338 714 2396 contingere
748 2337 827 2380 nisi
857 2334 1119 2395 spiritalibus
1141 2350 1230 2379 non
1252 2343 1422 2393 potest,
1443 2335 1533 2394 jam
1566 2334 1841 2394 portantibus

463 2408 696 2467 imaginem
717 2406 902 2451 coelestis
922 2406 1124 2451 hominis.
1155 2424 1175 2447 «
1196 2407 1292 2449 Jam
1314 2405 1451 2459 enim,
1476 2405 1634 2464 inquit,
1660 2419 1748 2448 non
1765 2418 1841 2448 vos

467 2497 488 2520 »
524 2477 664 2522 dicam
686 2492 856 2532 servos,
894 2476 969 2521 sed
997 2476 1155 2521 amicos
1177 2494 1185 2520 :
1211 2475 1355 2519 omnia
1376 2475 1491 2518 enim
1518 2489 1618 2534 quae
1649 2473 1795 2519 audivi
1817 2487 1842 2518 a

513 2569 523 2586 ¹
548 2574 560 2596 1
582 2565 724 2597 Retraet.
744 2572 833 2604 xxm,
856 2571 886 2594 n.
910 2560 943 2603 4.
962 2578 1002 2585 -
1021 2567 1035 2585 2
1054 2564 1143 2594 Rom.
1165 2571 1210 2602 ix,
1232 2571 1282 2602 19.
1303 2575 1342 2583 —-
1361 2557 1374 2583 3
1393 2559 1471 2593 Ibid.
1492 2568 1545 2601 20,
1564 2569 1617 2592 21.
