1924 3309
449 244 533 285 314
884 251 919 282 s.
954 251 1186 282 Ausum-nu
1217 252 1400 281 1:1›1500121

448 335 551 366 vero
570 319 846 379 interrogati,
875 337 895 361 «
920 319 1022 372 Quis
1044 326 1108 361 est
1140 317 1272 361 homo
1294 316 1370 377 qui
1392 316 1487 361 vult
1513 316 1673 361 vitam?
1696 334 1717 359 »
1743 332 1834 362 res-

446 390 691 451 pondemus
719 404 797 434 nos
830 388 941 435 velle
973 388 1127 441 vitam,
1167 395 1210 430 et
1231 386 1265 430 si
1287 386 1416 431 etiam
1438 387 1521 431 sub
1543 386 1636 446 ipso
1658 402 1834 446 percus-

447 461 553 507 soris
583 461 675 506 ictu
710 461 937 505 veritatem
965 457 1231 503 servabimus
1257 457 1303 500 in
1343 458 1608 512 testimonio,
1648 467 1834 503 mortem

447 533 768 578 contemnimus
788 532 834 576 in
851 528 1034 584 mundo,
1059 528 1195 574 vitam
1216 529 1524 588 consequimur
1546 529 1591 572 in
1611 529 1739 574 coelo.

509 606 584 648 IV.
612 606 705 647 Hoc
727 602 782 647 de
805 601 959 646 diebus
985 600 1111 644 bonis
1132 598 1451 658 intelligamus„
1471 601 1581 645 Nam
1602 600 1636 644 si
1658 608 1835 659 propter

448 675 540 719 dies
560 673 779 734 praesentis
801 671 975 726 saeculi,
1000 670 1077 731 qui
1099 669 1205 714 boni
1221 668 1451 724 dicuntur,
1476 679 1519 713 et
1537 684 1628 714 non
1645 678 1769 725 sunt,
1788 670 1836 715 in

448 744 670 805 sepultura
691 743 831 789 cordis
854 757 931 802 per
947 740 1177 801 epularum
1199 755 1372 800 aggeres
1389 775 1400 796 ‚
1424 741 1470 784 in
1491 739 1674 785 luxuriae
1696 755 1745 785 ae
1765 741 1834 785 vi-

448 815 654 860 nolentiae
676 813 919 873 gurgitibus
936 847 948 869 ‚
978 813 1024 856 in
1044 811 1301 871 turpissimis
1329 809 1576 870 ingluvium
1596 811 1836 871 voluptati·
1904 816 1907 871 ξ

447 886 531 929 bus
556 901 565 926 :
592 886 626 929 si
644 899 744 943 ergo
761 892 939 944 propter
960 883 1062 928 istos
1085 883 1174 927 dies
1189 917 1200 938 ‚
1225 882 1349 942 quasi
1370 891 1549 941 propter
1570 881 1661 927 dies
1678 882 1832 938 bonos,

447 955 760 1014 susceperimus
781 963 1073 1014 praeceptum,
1103 962 1154 997 ut
1175 952 1290 996 labia
1311 960 1458 996 nostra
1480 967 1570 997 non
1597 951 1836 1012 loquantur
1904 954 1907 1003 ξ

447 1027 599 1071 dolum
617 1047 629 1085 3
654 1026 913 1087 plerumque
934 1025 1040 1070 tales
1061 1023 1151 1069 dies
1171 1033 1334 1082 cogunt
1353 1031 1564 1068 amatores
1595 1037 1694 1067 suos
1713 1023 1835 1084 loqui

448 1095 600 1142 dolum
617 1131 629 1152 ‚
654 1106 697 1141 et
718 1095 824 1140 tales
846 1095 935 1139 dies
957 1103 1173 1153 negantur
1190 1095 1249 1138 eis
1272 1095 1347 1154 qui
1370 1109 1460 1139 non
1486 1092 1732 1154 loquuntur
1752 1094 1835 1138 do·
1904 1114 1924 1128 ··

446 1166 558 1212 lum.
582 1166 700 1219 Quid
716 1167 834 1210 enim
855 1165 974 1210 aliud
994 1175 1079 1221 est,
1104 1165 1224 1225 loqui
1248 1165 1401 1210 dolum
1416 1200 1427 1220 ,
1450 1164 1531 1208 nisi
1560 1163 1679 1208 aliud
1710 1163 1835 1208 labiis
1903 1193 1907 1214 x

446 1251 662 1296 promere,
683 1251 784 1280 cum
802 1235 922 1280 aliud
935 1234 1165 1280 claudatur
1177 1236 1222 1279 in
1239 1236 1446 1295 pectore?
1461 1234 1531 1279 Ad
1547 1235 1631 1278 hoc
1648 1234 1836 1278 maxime

447 1306 726 1351 adulatorum
746 1307 903 1350 exarsit
924 1307 1174 1365 negotium,
1197 1306 1301 1366 quia
1320 1319 1432 1365 pene
1452 1319 1642 1364 semper,
1666 1319 1719 1348 ne
1734 1319 1838 1364 pro-

448 1376 685 1421 hibeantur
706 1377 761 1422 ab
786 1377 941 1436 opimis
963 1377 1121 1421 mensis
1139 1375 1440 1436 apparatisque
1455 1375 1661 1421 conviviis
1674 1411 1685 1432 ,
1708 1374 1837 1421 blan-
1900 1359 1922 1435 fs

447 1447 609 1492 diendo
624 1463 714 1492 non
727 1456 873 1492 tacent
885 1445 1042 1491 falsum
1055 1468 1066 1505 3
1083 1455 1127 1491 et
1140 1447 1195 1491 ab
1208 1447 1273 1490 his
1285 1445 1591 1506 prohibentur,
1603 1447 1637 1490 si
1649 1446 1836 1491 amando
1901 1446 1917 1503 ξ’

446 1519 586 1562 Deum
608 1518 797 1563 dixerint
826 1509 995 1562 verum.
1020 1520 1138 1576 Ergo
1158 1526 1335 1577 propter
1360 1517 1461 1562 istos
1482 1516 1596 1572 dies,
1622 1532 1732 1577 quos
1754 1533 1835 1576 pu·
1901 1515 1919 1576 'J

447 1596 540 1633 tant
563 1588 702 1633 bonos
719 1623 730 1644 ,
756 1597 806 1633 ut
827 1589 887 1632 eis
904 1588 1191 1632 exhibeantur
1207 1623 1218 1643 ,
1245 1587 1490 1647 loquuntur
1518 1587 1670 1632 dolum
1687 1608 1698 1645 3
1717 1597 1760 1632 et
1776 1588 1836 1632 eis
1904 1583 1910 1595 ²

444 1667 687 1717 negantur,
713 1659 748 1703 si
769 1674 860 1704 non
891 1658 1137 1719 loquuntur
1158 1657 1325 1702 dolum.
1359 1657 1445 1702 Alii
1465 1665 1566 1701 sunt
1586 1658 1718 1715 igitur
1745 1658 1836 1702 dies

444 1728 552 1773 boni
566 1763 577 1780 ,
603 1728 658 1772 de
679 1728 838 1788 quibus
860 1730 1172 1781 admonemur,
1197 1736 1247 1769 ut
1270 1727 1303 1770 si
1325 1742 1396 1770 eos
1416 1727 1564 1770 videre
1586 1725 1805 1785 diligimus
1821 1764 1831 1783 ,
1900 1721 1912 1778 ss

443 1798 726 1843 cohibeamus
748 1813 770 1841 a
786 1796 901 1841 malo
935 1797 1130 1855 linguam
1148 1831 1159 1851 ‚
1183 1811 1263 1840 nec
1285 1794 1436 1840 dolum
1463 1795 1710 1857 loquamur.
1736 1800 1832 1843 Non

445 1877 548 1914 sunt
568 1869 624 1913 de
645 1869 727 1913 isto
748 1866 907 1912 saeculo
929 1866 1019 1911 dies
1039 1866 1102 1910 illi
1128 1886 1136 1911 :
1160 1882 1249 1911 non
1275 1882 1347 1911 eos
1371 1866 1506 1910 habet
1530 1867 1691 1911 coelum
1713 1868 1834 1929 quod
1893 1879 1905 1927 ᾗ

445 1940 650 1994 transiet,
671 1938 745 1983 sed
767 1939 888 1999 quod
909 1938 1183 1997 permanebit
1209 1956 1219 1982 2
1244 1953 1334 1982 non
1355 1952 1427 1982 eos
1449 1938 1570 1982 novit
1590 1947 1703 1982 terra
1735 1954 1827 1984 mo-

443 2010 667 2065 rientium,
683 2008 758 2053 sed
775 2017 888 2052 terra
909 2008 1164 2052 viventium.
1185 2010 1274 2052 Hos
1295 2008 1489 2068 quisquis
1506 2007 1766 2054 intellexerit
1789 2018 1832 2054 et

444 2080 667 2135 dilexerit,
687 2079 880 2138 linguam
899 2079 1078 2124 cohibet
1099 2094 1123 2123 a
1144 2078 1260 2124 malo
1286 2097 1295 2123 :
1315 2088 1359 2123 ct
1381 2080 1415 2123 si
1433 2094 1531 2123 eum
1552 2088 1691 2124 terror
1712 2096 1831 2125 mor-

445 2152 496 2195 tis
517 2159 644 2210 cogat
661 2149 714 2195 ad
736 2149 925 2205 malurn,
945 2149 1058 2193 labia
1080 2150 1172 2208 ejus
1194 2164 1284 2193 non
1314 2148 1558 2209 loquuntur
1579 2149 1731 2195 dolum
1755 2170 1763 2196 ε
1789 2161 1832 2196 et

444 2223 479 2266 si
508 2221 662 2266 diebus
683 2221 893 2267 fallaciter
914 2220 1040 2265 bonis
1062 2220 1270 2264 invitetur
1296 2221 1352 2264 ad
1387 2219 1563 2276 dolum,
1596 2221 1784 2267 declinat
1808 2238 1831 2268 a

446 2293 560 2337 malo
582 2293 712 2337 etiam
749 2293 861 2337 inter
878 2291 993 2336 bona
1013 2326 1023 2346 ‚
1060 2289 1164 2335 facit
1201 2292 1367 2336 bonum
1398 2292 1528 2337 etiam
1555 2293 1669 2337 inter
1689 2294 1828 2352 mala3
1853 2336 1860 2343 ,

445 2363 603 2423 quaerit
624 2378 774 2422 pacem
789 2396 801 2419 ‚
821 2378 921 2422 quae
939 2377 1028 2406 non
1045 2370 1109 2406 est
1123 2377 1252 2421 super
1265 2371 1446 2418 terram,
1465 2372 1508 2407 et
1519 2364 1715 2423 sequitur
1736 2380 1831 2409 eam

447 2434 492 2476 in
509 2432 584 2477 illo
606 2434 682 2493 qui
704 2432 808 2479 fecit
823 2432 985 2478 coelum
1003 2441 1046 2477 et
1066 2441 1238 2476 terram.

505 2505 558 2546 V.
581 2502 788 2559 Proinde,
807 2503 961 2548 fratres
976 2538 987 2559 ,
1012 2503 1304 2562 concupiscite
1324 2501 1485 2559 vitam,
1509 2513 1552 2548 et
1575 2503 1743 2563 diligite
1765 2505 1830 2549 vi—

447 2573 548 2617 dere
573 2572 663 2618 dies
694 2574 831 2621 bonos
854 2575 930 2619 ubi
958 2573 1077 2621 nulla
1116 2589 1200 2619 nox
1229 2574 1309 2617 erit
1343 2594 1350 2618 ι
1384 2575 1519 2619 vitam
1556 2575 1602 2619 in
1623 2591 1709 2635 qua
1738 2575 1828 2620 dies
