1924 3309
407 268 493 306 100
832 274 866 303 s.
901 272 1132 303 Aueus'rml
1163 272 1344 302 EPISCOPI

409 343 490 386 bus
506 376 517 396 ,
543 339 776 384 Dominum
813 355 903 385 esse
925 339 1065 384 filium
1088 338 1275 383 hominis
1312 338 1440 386 etiam
1462 334 1630 379 sabbati
1646 336 1676 379 ¹.
1704 337 1790 378 Ita-

409 427 496 472 que
516 409 589 454 illa
606 410 834 454 carnaliter
850 426 938 455 non
962 408 1233 454 observando
1247 443 1258 463 ‚
1283 406 1524 452 carnalium
1547 405 1791 463 conflagra-

408 482 471 525 vit
488 479 695 525 invidiam
715 500 723 524 :
743 489 786 524 et
800 481 988 538 suscepit
1009 479 1186 538 quidem
1204 492 1381 536 poenam
1403 475 1667 536 propositam
1687 473 1788 530 illis,

407 551 484 612 qui
505 566 554 594 ea
570 566 660 595 non
677 550 999 594 observassent:
1017 547 1093 592 sed
1112 557 1160 592 ut
1182 547 1406 592 credentes
1422 546 1467 590 in
1481 561 1524 590 se
1535 545 1631 590 talis
1649 560 1792 603 poenae

409 622 564 666 timore
585 620 789 664 liberaret
810 639 818 664 ;
844 635 932 679 quo
954 618 1144 677 pertinet
1165 617 1286 677 quod
1308 617 1374 675 adj
1383 616 1506 674 ungit
1523 650 1534 670 ‚
1556 634 1576 657 «
1596 615 1792 660 Christus

409 710 430 733 »
465 706 543 735 nos
566 689 746 734 redemit
767 689 821 733 de
848 687 1080 732 maledicto
1108 687 1233 745 Legis
1249 721 1260 741 ‚
1285 685 1426 730 factus
1447 700 1526 744 pro
1554 684 1680 729 nobis
1697 699 1791 728 ma-

409 780 431 803 »
465 761 705 817 ledictum3
739 759 841 819 quia
873 758 1083 818 scriptum
1128 766 1213 812 est,
1252 756 1510 802 Maledictus
1544 755 1684 800 omnis
1715 754 1793 815 qui

413 850 433 873 »
469 830 631 889 pendet
656 829 702 872 in
730 828 848 887 ligno
863 832 894 871 2.
925 847 944 869 η
971 831 1076 881 Quae
1106 826 1319 870 sententia
1351 825 1599 885 spiritaliter
1631 823 1795 869 intelli-

404 900 605 959 gentibus
637 907 956 942 sacramentum
992 907 1056 941 est
1093 896 1303 940 libertatis
1338 916 1346 940 :
1377 894 1608 940 carnaliter
1645 903 1791 939 autem

405 968 691 1014 sentientibus
707 1003 718 1023 ‚
745 969 779 1012 si
808 971 831 1012 J
839 967 950 1012 udaei
973 976 1074 1011 sunt
1091 1001 1101 1021 ‚
1129 968 1287 1025 jugum
1308 975 1371 1009 est
1394 965 1634 1023 servitutis3
1658 964 1692 1007 si
1714 979 1794 1023 pa-

412 1040 511 1098 gani
533 1047 607 1082 aut
628 1038 821 1082 haeretici
838 1073 848 1093 ,
875 1036 1170 1082 velamentum
1195 1045 1258 1080 est
1290 1035 1508 1079 caecitatis.
1540 1037 1651 1080 Nam
1673 1034 1795 1094 quod

410 1108 589 1169 quidam
626 1109 762 1152 nostri
796 1108 939 1152 minus
972 1108 1017 1151 in
1049 1106 1281 1166 Scripturis
1318 1106 1499 1160 eruditi,
1534 1105 1795 1149 sententiam

405 1181 532 1225 istam
553 1179 679 1223 nimis
697 1180 919 1234 timentes,
946 1188 989 1223 et
1015 1179 1254 1238 Scripturas
1276 1187 1442 1222 veteres
1467 1177 1614 1221 debita
1636 1177 1795 1236 pietate

407 1250 697 1309 approbantes
713 1285 723 1304 ‚
742 1265 831 1293 non
850 1258 1007 1308 putant
1028 1250 1111 1293 hoc
1133 1248 1188 1291 de
1204 1248 1391 1292 Domino
1410 1263 1499 1291 esse
1516 1246 1701 1302 dictum,
1721 1244 1798 1290 sed

410 1320 464 1364 de
487 1318 602 1363 Juda
641 1318 845 1363 traditore
868 1320 958 1379 ejus
984 1338 994 1362 ·.
1021 1320 1143 1362 aiunt
1178 1320 1294 1361 enim
1329 1327 1559 1378 propterea
1596 1333 1685 1362 non
1707 1331 1797 1360 esse

412 1390 576 1434 dictum
596 1424 607 1445 ,
636 1409 655 1431 «
680 1389 938 1434 Maledictus
961 1390 1124 1443 omnis,
1148 1408 1167 1429 n
1195 1389 1271 1448 qui
1287 1389 1435 1447 figitur
1456 1388 1500 1431 in
1524 1387 1668 1446 ligno3
1689 1385 1765 1431 sed
1782 1421 1794 1441 ,

416 1480 436 1502 α
470 1460 546 1519 qui
567 1458 730 1518 pendet
745 1459 792 1501 in
814 1458 933 1516 ligno
957 1478 966 1502 ι
994 1476 1013 1499 »
1035 1458 1137 1517 quia
1159 1473 1249 1501 non
1263 1458 1334 1501 hic
1354 1457 1563 1502 Dominus
1584 1457 1798 1515 significa-

411 1542 481 1575 tus
503 1538 566 1572 est
583 1563 593 1583 ,
617 1526 692 1571 sed
720 1526 792 1571 ille
815 1528 892 1587 qui
910 1543 953 1571 se
989 1527 1146 1587 laqueo
1176 1527 1402 1585 suspendit
1428 1547 1436 1571 2
1462 1527 1588 1571 nimis
1623 1535 1795 1582 errant,

410 1615 491 1644 nec
513 1597 747 1643 attendunt
779 1612 823 1641 se
847 1606 999 1642 contra
1026 1596 1286 1657 Apostolum
1319 1597 1539 1656 disputare
1555 1632 1565 1651 ‚
1603 1597 1679 1656 qui
1702 1597 1761 1641 ait
1786 1615 1796 1641 ι

414 1690 435 1713 (ε
469 1669 665 1715 Christus
702 1683 780 1711 nos
801 1667 986 1711 redemit
1013 1667 1067 1710 de
1094 1665 1326 1710 maledicto
1356 1667 1481 1725 Legis
1498 1702 1509 1721 ,
1548 1665 1688 1710 factus
1714 1681 1799 1725 -pro

415 1760 436 1783 >›
471 1739 597 1784 nobis
618 1737 901 1781 maledictum
921 1758 931 1793 3
965 1737 1068 1796 quia
1086 1737 1294 1794 scriptum
1313 1745 1376 1779 est
1391 1771 1402 1791 ‚
1423 1735 1681 1781 Maledictus
1704 1751 1800 1781 om-

415 1831 437 1853 »
473 1811 538 1854 nis
561 1808 637 1869 qui
658 1807 821 1867 pendet
841 1808 885 1850 in
902 1806 1035 1864 ligno.
1064 1824 1084 1847 »
1107 1806 1192 1858 Qui
1210 1821 1313 1864 ergo
1330 1821 1409 1864 pro
1427 1807 1550 1851 nobis
1574 1805 1715 1851 factus
1736 1816 1801 1851 est
1848 1821 1854 1824 ’

415 1879 695 1926 maledictum
708 1913 719 1933 ‚
744 1878 833 1937 ipse
851 1877 1002 1937 utique
1023 1876 1232 1936 pependit
1251 1878 1297 1920 in
1317 1876 1436 1935 ligno
1455 1912 1465 1932 ‚
1490 1877 1535 1920 id
1553 1887 1631 1933 est,
1653 1877 1801 1923 Chris-

416 1964 485 1998 tus
500 1987 510 2006 ,
546 1951 621 2011 qui
656 1964 733 1993 nos
771 1948 971 1992 liberavit
1001 1963 1023 1991 a
1059 1946 1291 1991 maledicto
1314 1949 1438 2007 Legis
1466 1968 1474 1992 ;
1505 1958 1553 1992 ut
1586 1964 1676 1993 non
1709 1950 1800 2008 jam

416 2025 570 2068 timore
597 2020 935 2081 justificaremur
967 2018 1012 2062 in
1046 2018 1250 2077 operibus
1280 2019 1405 2076 Legis
1425 2053 1435 2072 ,
1477 2018 1552 2062 sed
1574 2019 1662 2063 fide
1683 2018 1801 2078 apud

418 2098 557 2139 Deum
568 2127 579 2147 ‚
599 2106 699 2151 quae
721 2105 807 2134 non
822 2104 900 2148 per
916 2089 1116 2133 timorem
1132 2122 1144 2143 ,
1161 2087 1236 2131 sed
1256 2103 1332 2147 per
1350 2087 1628 2133 dilectionem
1646 2104 1802 2148 opera-

422 2174 557 2209 ratur.
586 2162 766 2220 Spiritus
804 2159 921 2203 enim
943 2167 1116 2203 sanctus
1134 2193 1144 2213 ,
1171 2158 1248 2217 qui
1270 2158 1352 2202 hoc
1375 2173 1451 2217 per
1474 2162 1655 2216 Moysen
1675 2159 1812 2215 dixit,-

423 2244 662 2292 utrumque
682 2230 873 2291 providit
888 2265 898 2284 ‚
924 2239 973 2273 ut
995 2240 1038 2273 et
1060 2230 1215 2272 timore
1245 2227 1423 2272 visibilis
1445 2245 1587 2288 poenae
1608 2230 1802 2274 custodi-

427 2313 577 2348 rentur
594 2337 605 2357 ,
630 2302 707 2361 qui
727 2299 924 2345 nondum
943 2307 1144 2359 poterant
1167 2313 1217 2341 ex
1238 2298 1516 2342 invisibilium
1536 2299 1620 2343 fide
1634 2299 1803 2357 vivere3

426 2385 469 2420 et
491 2376 580 2434 ipse
603 2374 802 2416 timorem
824 2372 953 2415 istum
982 2370 1166 2414 solveret
1188 2369 1459 2428 suscipiendo
1481 2371 1600 2430 quod
1621 2372 1805 2416 timeba-

432 2457 526 2500 tur,
567 2444 643 2504 qui
666 2443 819 2487 timore
852 2441 1026 2486 sublato
1056 2442 1220 2484 donum
1244 2440 1346 2483 dare
1368 2451 1536 2499 poterat
1568 2443 1802 2486 charitatis.

428 2519 516 2562 Nec
537 2516 582 2558 in
601 2514 685 2559 hoc
708 2512 827 2573 quod
847 2511 1102 2556 maledictus
1121 2519 1181 2554 est
1199 2509 1461 2568 appellatus,
1488 2511 1563 2571 qui
1585 2512 1745 2570 pendet
1761 2513 1807 2554 in

478 2605 489 2625 ¹
509 2600 623 2633 Mauh.
641 2610 698 2641 ιιι,
719 2608 749 2632 1.
781 2615 805 2620 -
832 2604 845 2621 ²
864 2597 970 2630 Galat.
984 2608 1028 2638 ιη,
1051 2596 1102 2637 13,
1123 2601 1152 2629 ct
1172 2597 1265 2628 Dcut.
1286 2606 1356 2637 xxi,
1376 2597 1428 2628 23.
