1924 3309
481 230 564 271 264
916 240 949 271 s.
985 240 1215 270 ,mensum
1248 242 1428 272 Emscom

484 332 501 352 »
539 320 704 370 pamm,
737 319 779 354 et
806 310 905 354 date
927 309 1155 353 dimidium
1187 310 1276 368 ejus
1297 310 1420 365 huic,
1446 319 1487 353 et
1520 309 1750 354 dimidium
1773 313 1862 372 ejus

482 401 501 424 »
537 382 654 426 huic.
681 384 737 426 Et
758 380 980 441 respondit
1002 380 1157 424 mulier
1179 381 1301 440 cujus
1323 390 1413 426 erat
1438 381 1550 425 filius
1572 382 1648 441 qui
1665 382 1859 439 vivebat,

480 473 500 496 »
535 462 578 497 et
604 452 710 497 dixit
729 453 785 496 ad
807 455 967 511 Regem
981 487 991 507 ,
1024 451 1232 512 quoniam
1252 452 1511 497 conturbata
1532 461 1594 496 est
1623 455 1751 497 vulva
1771 456 1864 515 ejus

478 544 498 567 »
533 540 663 584 super
680 523 770 569 filio
790 539 891 582 suo3
916 532 958 567 et
979 522 1106 578 dixit,
1132 522 1494 579 Animadvertite‚
1520 524 1704 568 Domine
1719 559 1730 580 ,
1762 523 1862 570 date

479 614 498 637 »
534 596 572 639 ei
586 610 771 655 puerum
789 630 800 649 ,
821 603 864 638 et
882 593 1015 637 nolite
1037 608 1138 637 eum
1159 602 1299 638 morte
1316 595 1503 638 afficere.
1530 597 1587 638 Et
1602 594 1697 639 haec
1724 594 1858 651 dixit,

477 685 497 708 »
532 669 684 726 Neque
697 666 820 721 mihi,
836 680 978 725 neque
992 664 1094 708 huic
1108 665 1177 720 sit,
1193 664 1266 708 sed
1278 664 1459 710 dividite
1471 663 1675 710 illum.Et
1688 681 1862 726 respon-

476 757 496 780 »
532 737 597 782 dit
611 741 701 782 Rex
721 773 731 793 ,
755 747 798 782 et
813 738 920 781 dixit
942 737 981 780 ei
1003 735 1175 781 mulieri
1193 752 1292 797 quae
1314 736 1444 792 dixit,
1470 740 1576 782 Date
1599 731 1700 781 eum
1715 737 1794 794 illi,
1819 747 1863 784 et

473 827 494 850 »
530 817 669 853 morte
691 807 826 852 nolite
846 822 945 851 eum
965 807 1159 866 afficere3
1193 808 1297 868 quia
1317 808 1411 852 haee
1433 815 1497 852 est
1517 816 1655 851 mater
1676 808 1767 868 ejus
1781 811 1812 852 ¹.
1837 827 1857 850 n

470 879 708 925 Prudentia
738 879 917 940 quidem
935 879 1064 939 Regis
1086 880 1235 925 divino
1266 894 1447 924 munere
1483 894 1684 924 concessa
1708 880 1753 924 in
1777 881 1860 925 hoc

464 950 631 1012 judicio
660 948 866 994 mirabilis
889 949 1064 993 eminet.
1096 952 1194 995 Non
1217 951 1332 994 enim
1363 949 1533 1006 decuit,
1559 959 1634 994 aut
1667 951 1862 1010 oportuit

469 1023 595 1067 aliam
611 1021 807 1082 judicare
830 1037 919 1066 esse
954 1031 1136 1065 matrem
1168 1022 1317 1081 pueri,
1361 1022 1442 1066 nisi
1475 1037 1570 1066 eam
1609 1038 1708 1082 quae
1736 1021 1859 1066 illum

469 1097 628 1139 iterum
663 1094 853 1153 quodam
883 1092 1015 1138 modo
1037 1096 1264 1154 concepit,
1289 1109 1391 1138 cum
1408 1095 1613 1152 cognovit
1635 1094 1858 1151 ablatum,

469 1175 513 1209 et
534 1166 691 1209 iterum
710 1164 964 1223 parturivit,
990 1164 1097 1208 dum
1121 1180 1143 1208 a
1167 1163 1272 1209 falsa
1295 1174 1434 1209 matre
1455 1163 1675 1222 defendit3
1711 1174 1754 1208 et
1776 1165 1858 1209 ite-

470 1251 567 1279 rum
590 1236 785 1295 peperit,
811 1235 918 1279 dum
938 1250 1028 1279 non
1070 1235 1267 1294 permisit
1287 1235 1442 1280 occidi.
1469 1237 1781 1280 Verumtamen
1802 1237 1860 1279 si-

467 1316 544 1352 cut
560 1305 701 1351 solent
717 1305 854 1350 divini
875 1315 1041 1351 veteres
1062 1305 1178 1361 libri,
1195 1322 1285 1351 non
1307 1306 1448 1351 solum
1471 1307 1532 1350 rei
1559 1315 1690 1366 gestae
1707 1306 1854 1361 fidem,

469 1377 545 1421 sed
568 1377 699 1421 etiam
719 1376 881 1420 futurae
901 1377 1122 1421 insinuare
1145 1378 1401 1435 mysterium
1420 1412 1431 1432 ,
1455 1376 1769 1422 consideranda
1797 1387 1858 1422 est

468 1449 548 1492 ista
569 1448 780 1506 scriptura
799 1483 810 1502 ,
831 1456 981 1491 utrum
1004 1446 1130 1491 nobis
1153 1448 1198 1490 in
1221 1447 1392 1492 duabus
1414 1447 1504 1492 istis
1526 1447 1780 1492 mulieribus
1800 1448 1857 1492 si-

466 1517 721 1576 gnificatum
742 1517 907 1577 aliquid
929 1517 1252 1576 figuratumque
1268 1517 1551 1562 demonstret.

525 1591 583 1631 ΙΙ.
616 1591 673 1632 Et
694 1588 794 1631 duae
816 1586 995 1647 quidem
1028 1586 1223 1631 foeminae
1258 1589 1486 1646 Synagoga
1523 1597 1566 1632 et
1594 1587 1784 1633 Ecclesia
1811 1588 1854 1632 in

466 1659 605 1719 prima
640 1656 747 1702 facie
774 1657 1130 1702 considerationis
1168 1668 1405 1703 occurrunt
1424 1680 1435 1716 3
1483 1661 1708 1717 Synagoga
1741 1659 1855 1703 enim

466 1731 605 1775 filium
628 1745 755 1773 suum
787 1729 1010 1773 Christum
1034 1743 1083 1771 ex
1107 1728 1271 1773 Judaeis
1303 1729 1546 1774 secundum
1579 1746 1753 1775 carnem
1775 1746 1854 1774 na-

468 1811 562 1846 tum
581 1801 784 1845 occidisse
807 1799 1079 1842 convincitur
1100 1798 1340 1852 dormiens,
1364 1799 1409 1842 id
1431 1810 1493 1842 est
1513 1801 1736 1857 praesentis
1754 1802 1855 1845 vitae

467 1870 692 1931 sequendo
720 1869 888 1922 lucem,
913 1864 1397 1927 manifestationemque
1420 1868 1611 1912 veritatis
1646 1870 1690 1912 in
1713 1871 1853 1914 verbis

467 1941 641 1987 Domini
654 1955 744 1984 non
767 1937 1015 1996 intelligens
1033 1938 1343 1982 :verumetiam
1360 1939 1570 1998 scriptum
1582 1948 1664 1984 est:
1680 1958 1700 1982 «
1719 1943 1853 2000 Surge

470 2032 489 2055 »
526 2012 602 2072 qui
645 2009 829 2065 dormis,
869 2017 912 2052 et
944 2023 1103 2066 exurge
1135 2023 1158 2051 a
1190 2009 1393 2064 mortuis,
1431 2018 1474 2052 et
1506 2007 1774 2054 illuminabit
1809 2020 1849 2055 tc

470 2103 489 2126 »
525 2082 761 2128 Christus2.
792 2098 812 2120 »
837 2078 966 2132 Quod
996 2092 1099 2122 vero
1122 2086 1163 2122 et
1186 2078 1286 2121 duae
1314 2087 1356 2121 et
1384 2078 1488 2123 solae
1514 2080 1560 2123 in
1597 2096 1684 2124 una
1721 2080 1850 2126 domo

465 2155 733 2208 inhabitant,
758 2166 847 2196 non
885 2148 1071 2194 absurde
1109 2148 1220 2193 illud
1256 2150 1468 2208 significat
1484 2186 1495 2206 ,
1540 2152 1659 2211 quod
1694 2162 1849 2212 praeter

465 2224 838 2272 circumcisionem
860 2231 903 2265 et
924 2220 1188 2280 praeputium
1204 2255 1214 2275 ,
1239 2219 1408 2264 nullum
1429 2221 1474 2264 in
1495 2222 1578 2266 hoc
1600 2223 1766 2267 mundo
1779 2238 1848 2268 re·

466 2297 635 2355 ligionis
653 2310 788 2353 genus
804 2295 1031 2338 inventum
1052 2299 1114 2334 est
1140 2310 1148 2335 :
1174 2299 1223 2333 ut
1241 2292 1285 2334 in
1303 2307 1484 2350 persona
1504 2292 1633 2337 unius
1656 2293 1845 2338 mulieris

465 2382 602 2413 unum
617 2381 751 2424 genus
764 2363 1115 2409 circumcisorum
1129 2361 1357 2406 hominum
1374 2363 1608 2408 constituas
1622 2365 1704 2408 sub
1717 2365 1844 2409 unius

467 2439 541 2483 Dei
564 2446 607 2481 et
623 2436 746 2481 cultu
763 2436 856 2494 lege
873 2433 1258 2493 comprehensum,
1278 2433 1322 2476 in
1340 2432 1515 2478 alterius
1535 2449 1637 2479 vero
1655 2435 1842 2480 mulieris
1904 2459 1905 2495 }

463 2524 645 2568 persona
678 2507 922 2551 universam
959 2504 1272 2564 prffiputiorum
1299 2504 1595 2568 Gentilitatem
1625 2505 1840 2550 idolorum
1904 2506 1905 2530 ³

513 2600 518 2615 ¹
547 2593 562 2622 3
582 2595 657 2626 Ros.
679 2603 730 2628 ιιι,
754 2592 868 2631 ιΓι-τὶῖ,
895 2607 934 2612 --
954 2596 965 2610 ⁹
988 2588 1100 2630 Eplies.
1122 2599 1153 2626 v,
1179 2587 1228 2628 ι’..
