1867 3320
360 263 498 292 SERMo
528 261 578 301 x,
612 262 667 290 niz
698 261 864 289 sumcro
894 258 1144 292 satomoms.
1356 253 1440 293 263

67 427 772 448 mmmwwwmwmvwvvumww

981 427 1444 448 WWWMNVUMMWUM

588 554 821 602 SERMO
855 555 912 601 X.

184 722 261 769 De
288 718 481 768 ,Iudicio
508 719 786 769 Salomonis
814 721 940 784 inter
961 717 1084 766 duas
1111 717 1333 766 mulieres

615 794 902 841 meretrices,

126 958 162 1000 Ι.
194 957 328 1000 INTER
346 954 453 1000 duas
474 954 677 999 mulieres
698 963 913 1000 certantes
934 953 990 999 de
1012 955 1198 1014 parvulo
1210 954 1302 1001 filio
1322 956 1454 1002 mira-

66 1025 152 1071 bile
176 1025 392 1086 judicium
421 1025 662 1071 Salomonis
683 1025 892 1085 praedicat
926 1025 1148 1085 Scriptura
1181 1028 1451 1085 Regnorum.

68 1096 287 1156 Scriptum
314 1105 379 1140 est
410 1096 526 1140 enim
553 1115 563 1141 z
597 1115 618 1138 «
658 1098 780 1140 Tunc
802 1105 1100 1155 apparuerunt
1129 1096 1231 1141 duae
1255 1096 1458 1143 mulieres

70 1185 90 1210 »
124 1168 370 1213 meretrices
408 1168 499 1226 regi
533 1166 779 1223 Salomoni,
820 1176 863 1212 et
895 1176 1109 1213 steterunt
1137 1169 1184 1211 in
1217 1178 1456 1228 conspectu

69 1256 89 1281 »
124 1240 216 1299 ejus
232 1274 243 1293 ‚
266 1249 310 1284 et
329 1238 437 1282 dixit
458 1238 614 1283 mulier
636 1253 750 1293 una,
776 1237 1086 1282 Animadverte
1103 1273 1114 1293 ,
1144 1240 1322 1284 Domine
1336 1273 1347 1294 ,
1373 1255 1455 1299 ego

69 1327 90 1352 >›
124 1318 168 1354 et
193 1309 348 1354 mulier
370 1309 464 1353 haec
484 1308 786 1353 habitabamus
807 1308 853 1352 in
870 1307 1003 1353 domo
1026 1323 1112 1354 una
1128 1344 1140 1364 ,
1173 1318 1217 1353 et
1238 1311 1387 1369 peperi
1408 1312 1453 1356 in

69 1398 90 1423 »
125 1379 279 1436 domo,
304 1389 348 1425 et
371 1380 557 1439 contigit
578 1379 649 1424 die
677 1378 805 1425 tertio
824 1388 1057 1439 postquam
1088 1380 1262 1440 peperi,
1289 1384 1457 1441 peperit

70 1468 80 1492 ›
125 1452 255 1496 etiam
277 1451 370 1495 haec
391 1449 548 1494 mulier
566 1450 705 1494 filium
721 1484 733 1506 ,
759 1459 802 1494 et
815 1465 986 1494 eramus
1002 1451 1047 1494 in
1065 1466 1176 1506 uno,
1198 1460 1241 1496 et
1258 1467 1348 1496 non
1364 1463 1456 1498 erat

71 1539 92 1563 »
125 1522 355 1582 quisquam
385 1520 616 1565 nobiscum
651 1529 809 1579 praeter
840 1521 989 1565 ambas
1018 1536 1096 1566 nos
1134 1522 1180 1566 in
1208 1521 1342 1568 domo
1372 1543 1381 1571 2
1413 1534 1457 1570 et

70 1609 91 1635 »
125 1600 324 1636 mortuus
345 1599 410 1635 est
428 1590 543 1636 filius
559 1590 752 1634 mulieris
773 1591 904 1651 hujus
921 1606 998 1651 per
1019 1601 1215 1649 noctem,
1240 1608 1340 1639 mox
1355 1594 1458 1640 dor-

70 1681 91 1705 »
125 1664 250 1709 mivit
269 1677 398 1722 super
427 1677 556 1720 eum,
581 1672 624 1706 et
646 1663 829 1707 surrexit
855 1662 998 1708 media
1029 1673 1180 1719 nocte,
1212 1674 1256 1710 et
1279 1666 1377 1711 tulit
1400 1668 1456 1711 fi-

70 1751 91 1776 »
126 1733 233 1778 lium
255 1748 402 1778 meum
425 1734 479 1778 ab
501 1732 664 1778 ascellis
687 1734 793 1778 meis
812 1768 823 1789 ,
849 1742 893 1777 et
913 1733 1144 1780 collocavit
1158 1735 1203 1780 in
1226 1737 1325 1781 sinu
1346 1753 1426 1784 suo
1442 1775 1452 1791 ,

69 1821 90 1845 »
125 1813 168 1847 et
190 1803 327 1847 filium
349 1819 478 1846 suum
500 1813 725 1846 mortuum
744 1805 789 1846 in
807 1805 906 1846 sinu
929 1820 1054 1861 meo,
1079 1815 1123 1849 et
1149 1808 1312 1851 surrexi
1328 1824 1456 1853 manc

70 1892 91 1916 »
126 1874 229 1918 dare
261 1873 327 1917 lac
350 1872 439 1916 filio
461 1888 558 1917 meo
575 1907 586 1926 ‚
622 1883 666 1916 et
692 1872 764 1916 ille
792 1882 884 1918 erat
925 1883 1123 1919 mortuus
1149 1895 1158 1921 :
1185 1879 1451 1926 consideravi

73 1962 93 1988 »
126 1959 224 1988 eum
241 1958 393 1997 mane,
418 1951 462 1986 et
484 1957 583 1986 ecce
616 1957 705 1986 non
728 1951 819 1986 erat
840 1941 954 1987 filius
975 1959 1098 1989 meus
1132 1962 1264 2005 quem
1287 1954 1448 2009 peperi.

71 2031 92 2058 n
126 2017 182 2059 Et
203 2013 309 2058 dixit
331 2013 487 2058 mulier
508 2013 580 2057 illa
603 2012 685 2057 alia
703 2047 714 2067 ,
746 2015 842 2057 Non
859 2048 869 2067 ,
900 2013 976 2057 sed
1008 2013 1120 2060 filius
1153 2031 1274 2061 meus
1291 2030 1354 2064 est
1376 2024 1450 2080 qui

73 2103 93 2128 »
126 2085 258 2139 vivit,
284 2083 398 2129 filius
421 2092 567 2128 autem
593 2092 693 2127 tuus
716 2084 792 2143 qui
814 2093 1011 2128 mortuus
1028 2094 1105 2129 cst.
1144 2089 1198 2131 Et
1217 2088 1305 2146 ipsa
1325 2089 1448 2143 dixit,

71 2174 93 2200 »
125 2159 222 2203 Non
240 2157 354 2201 filius
372 2165 472 2200 tuus
494 2164 557 2200 cst
596 2154 668 2199 ille
690 2165 909 2211 mortuus,
931 2166 975 2201 et
997 2173 1118 2201 meus
1142 2159 1253 2204 [ilius
1282 2171 1346 2206 est
1373 2167 1450 2223 qui

73 2244 94 2270 »
126 2227 245 2273 vivit.
273 2230 329 2271 Et
347 2227 505 2271 locutoe
527 2226 696 2271 suntin
718 2236 953 2286 conspectu
994 2229 1132 2286 Regis.
1167 2232 1220 2274 Et
1259 2232 1365 2277 dixit
1389 2235 1448 2278 eis

73 2315 94 2340 »
128 2301 239 2353 Rex,
272 2301 337 2342 Tu
371 2297 504 2352 dicis,
535 2298 614 2341 llic
636 2305 699 2341 cst
735 2297 846 2342 tilius
870 2313 988 2341 meus
1009 2300 1083 2357 qui
1108 2300 1237 2355 vivit,
1264 2311 1306 2347 et
1336 2303 1447 2349 lilius

74 2384 95 2411 >i
127 2370 217 2428 ejus
234 2376 431 2413 mortuus
451 2376 541 2426 cst,
565 2376 609 2411 ct
633 2376 679 2411 tu
701 2368 807 2412 dicis
823 2403 834 2421 ‚
860 2370 977 2421 Non,
1004 2368 1079 2413 sed
1105 2369 1215 2415 (ilius
1238 2387 1358 2417 meus
1382 2377 1447 2420 vi—

74 2455 96 2482 »
128 2439 214 2494 vit,
240 2448 282 2483 et
305 2439 417 2483 filius
434 2440 524 2498 ejus
546 2447 744 2483 mortuus
767 2448 844 2483 cst.
867 2440 922 2483 Et
943 2440 1001 2483 ait
1023 2442 1108 2484 Rex
1124 2476 1135 2495 ,
1161 2443 1326 2488 Ass'crtc
1345 2447 1447 2491 mihi

75 2525 96 2550 ι)
130 2510 401 2554 machaeram.
430 2512 486 2554 Et
512 2509 769 2555 obtulerunt
790 2510 827 2553 ci
860 2510 1114 2555 machaeram
1137 2513 1180 2558 in
1214 2526 1448 2574 conspectu

74 2595 97 2622 ιι
134 2582 270 2639 Regis.
295 2583 347 2625 Et
367 2580 473 2625 dixit
495 2584 578 2624 Rex
594 2616 605 2631 ,
635 2581 817 2625 Dividitc
842 2597 1023 2640 puerum
1046 2585 1120 2641 qui
1146 2585 1249 2630 vivit
1273 2588 1315 2630 in
1338 2587 1446 2633 duas

81 1469 90 1492 υ
