1924 3309
436 207 520 251 154
818 217 854 250 s.
901 215 1133 251 Auens-nm
1163 220 1346 253 Emscom

433 296 477 332 et
493 285 764 333 verecundiae
780 286 920 349 majus
932 288 1132 348 imponit.
1145 289 1322 334 Memini
1342 302 1411 334 me
1427 289 1559 335 fuisse
1576 288 1818 350 pollicitum
1880 317 1881 322 =

433 358 644 404 Charitati
670 359 859 414 Vestrae,
896 357 1099 404 adversus
1127 360 1471 405 Manichaeorum
1491 359 1644 405 stultas
1667 361 1818 419 perni-

434 430 654 490 ciosasque
676 429 935 485 calumnias,
965 430 1124 490 quibus
1145 431 1292 475 Veteri
1316 433 1590 476 Testamento
1612 429 1820 475 insidian-
1884 453 1888 477 ·.

435 508 528 554 tur,
549 500 873 559 responsionem
889 515 967 560 per
988 515 1066 545 nos
1091 515 1181 544 non
1203 500 1474 557 defuturam,
1499 510 1714 562 quantum
1730 503 1821 546 Do·
1888 547 1891 552 ,

435 569 579 615 minus
600 569 762 614 donare
779 570 1000 629 dignatur.
1013 569 1236 615 Advertite
1257 571 1405 630 igitur,
1422 580 1466 615 et
1484 571 1628 616 videte
1645 571 1820 631 laqueos
1886 619 1890 631 ‚

435 639 727 699 serpentinos,
754 648 885 700 atque
906 640 1008 684 inde
1030 639 1252 684 subtracta
1267 642 1374 700 jugo
1395 641 1556 685 Christi
1584 641 1695 685 colla
1716 657 1821 700 sup·
1886 667 1888 693 χ

434 711 598 770 ponite.
621 709 802 757 Audent
824 709 986 769 quippe
1003 709 1066 753 illi
1086 710 1388 770 hujuscemodi
1409 709 1530 755 dolos
1552 710 1822 769 praetendere
1889 704 1894 726 ³

436 779 619 825 incautis
633 815 643 834 ,
670 789 719 823 ut
741 779 887 823 dicant
909 779 1123 823 adversari
1145 780 1224 823 sibi
1249 781 1487 839 Scripturas
1508 780 1617 825 Novi
1635 789 1679 824 et
1694 783 1825 824 Vete-
1895 790 1898 795 '

435 850 491 894 ris
512 850 791 904 Testamenti,
812 849 871 892 ita
887 858 936 893 ut
955 864 1041 893 una
1059 848 1146 893 fide
1163 849 1338 893 retineri
1360 859 1598 909 utrumque
1621 864 1709 894 non
1730 864 1826 909 pos·
1890 886 1894 901 ,,

437 919 491 963 sit
518 938 527 963 :
551 919 610 963 ita
632 928 682 963 ut
703 934 790 963 una
817 918 903 962 fide
926 919 1102 962 retineri
1126 928 1363 978 utrumque
1380 934 1468 963 non
1491 919 1621 978 possit
1640 937 1649 963 :
1671 928 1715 963 et
1735 920 1825 978 ipsa

436 989 647 1048 principia
668 988 769 1032 libri
785 990 999 1032 Geneseos
1017 997 1060 1032 et
1074 988 1299 1047 Evangelii
1319 996 1398 1028 mx&
1422 991 1635 1032 Joannem
1653 988 1826 1033 sibimet
1891 997 1896 1004 “

437 1059 612 1103 inimica
645 1057 905 1118 persuadere
942 1058 1196 1114 molientes,
1232 1059 1355 1118 quasi
1388 1074 1438 1103 ex
1472 1058 1649 1104 adversa
1681 1057 1825 1104 fronte
1892 1071 1894 1073 ’

438 1129 736 1174 committunt.

498 1201 557 1242 II.
591 1201 764 1256 Moyses
800 1198 915 1241 enim
948 1197 1054 1242 dicit
1070 1232 1081 1253 ,
1106 1198 1338 1257 inquiunt,
1367 1215 1388 1240 «
1410 1199 1463 1241 In
1484 1196 1699 1257 principio
1721 1195 1827 1243 fecit

441 1285 462 1309 »
498 1270 613 1312 Deus
640 1267 804 1311 coelum
833 1276 876 1311 et
906 1268 1093 1311 terram¹
1111 1302 1122 1322 ,
1160 1285 1181 1308 »
1206 1282 1287 1311 nec
1314 1267 1511 1311 nominat
1533 1266 1694 1311 Filium
1715 1301 1726 1322 ,
1750 1282 1826 1326 per

438 1337 702 1399 quemfacta
719 1347 821 1382 sunt
843 1338 989 1383 omnia
1014 1356 1022 1382 :
1042 1353 1144 1382 cum
1167 1340 1356 1382 Joannes
1379 1337 1496 1382 dicat
1516 1356 1525 1383 :
1556 1356 1576 1380 «
1595 1340 1647 1382 In
1662 1338 1826 1397 princi-

442 1426 463 1449 »
498 1408 570 1467 pio
593 1417 684 1452 erat
701 1408 914 1462 Verbum,
937 1415 980 1451 et
1002 1407 1197 1451 Verbum
1215 1416 1307 1451 erat
1322 1408 1440 1466 apud
1458 1409 1621 1463 Deum,
1646 1416 1689 1451 et
1711 1410 1826 1452 Deus
1896 1415 1898 1417 ’

443 1495 464 1519 »
499 1486 590 1521 erat
613 1476 823 1521 Verbum.
842 1479 936 1520 Hoc
959 1485 1051 1520 erat
1067 1477 1113 1520 in
1130 1477 1343 1536 principio
1362 1476 1479 1536 apud
1502 1480 1657 1522 Deum.
1671 1478 1828 1523 Omnia

443 1566 465 1590 »
500 1563 577 1608 per
598 1549 741 1607 ipsum
766 1546 879 1592 facta
910 1557 1034 1602 sunt,
1071 1556 1113 1592 et
1136 1548 1227 1592 sine
1254 1547 1346 1607 ipso
1369 1546 1534 1592 factum
1556 1557 1620 1592 est
1641 1547 1776 1592 nihi2.
1804 1565 1825 1589 »

442 1619 634 1663 Hoccine
667 1618 933 1663 contrarium
959 1627 1046 1671 est,
1074 1633 1131 1662 an
1162 1618 1307 1677 potius
1341 1618 1597 1676 sibimetipsi
1625 1618 1828 1662 contrarii
1893 1657 1896 1672 ‚

441 1698 542 1733 sunt
556 1724 567 1744 ,
588 1688 665 1748 qui
686 1703 734 1732 ea
751 1703 851 1748 quae
873 1703 964 1732 non
982 1687 1250 1746 intelligunt,
1276 1689 1471 1732 caecitate
1492 1687 1826 1745 reprehendere,

441 1773 574 1819 quarn
591 1759 751 1817 pietate
765 1772 960 1817 quaerere
982 1757 1256 1801 maluerunt?
1270 1756 1387 1810 Quid
1400 1757 1515 1800 enim
1529 1755 1690 1800 dicturi
1708 1766 1824 1813 sunt,

441 1843 539 1873 cum
561 1828 703 1887 ipsum
721 1827 983 1886 principium
1003 1826 1163 1869 Filium
1178 1827 1255 1869 Dei
1273 1840 1362 1869 esse
1382 1826 1663 1885 respondero,
1679 1826 1725 1870 in
1741 1842 1830 1887 quo

443 1902 583 1943 Deum
605 1897 754 1941 fecisse
774 1897 935 1940 coelum
954 1905 997 1940 et
1012 1904 1187 1951 terram,
1200 1895 1375 1940 Genesis
1391 1894 1616 1956 loquitur?
1634 1898 1702 1941 An
1719 1895 1831 1942 forte

443 1970 527 2013 hoc
549 1967 732 2027 probare
752 1981 842 2010 non
864 1974 1017 2025 potero
1031 1999 1041 2019 ,
1067 1980 1168 2009 cum
1191 1965 1245 2009 de
1266 1966 1357 2022 ipso
1378 1968 1502 2011 Novo
1521 1968 1798 2012 Testamento
1814 2001 1825 2022 ,

445 2038 516 2082 cui
536 2035 672 2081 velint
689 2035 856 2089 nolint,
880 2034 1019 2078 fracta
1041 2034 1257 2092 superbiae
1274 2034 1441 2079 cervice
1459 2034 1726 2090 subduntur,
1752 2045 1832 2080 tes·

445 2115 508 2152 tes
529 2105 637 2150 mihi
665 2113 824 2164 praesto
860 2118 950 2148 esse
971 2105 1263 2161 cognoscam?
1290 2104 1363 2148 Ait
1385 2104 1501 2148 enim
1528 2104 1739 2149 Dominus
1759 2105 1830 2154 in,-

444 2176 631 2220 credulis
653 2177 677 2219 J
682 2174 817 2219 udaeis
834 2192 844 2219 :
860 2191 880 2215 «
897 2173 939 2218 Si
960 2172 1190 2218 crederetis
1211 2173 1368 2230 Moysi,
1386 2173 1614 2219 crederetis
1635 2183 1680 2219 et
1695 2174 1826 2220 mihi:

447 2264 469 2288 »
503 2245 576 2289 ille
598 2246 714 2290 enim
736 2243 791 2289 de
812 2258 882 2288 me
903 2243 1070 2303 scripsit
1084 2244 1115 2286 3.
1134 2261 1154 2284 »
1175 2245 1265 2289 Cur
1287 2258 1390 2301 crgo
1410 2259 1500 2288 non
1515 2244 1659 2304 ipsum
1680 2245 1830 2290 Domi-

448 2328 555 2358 num
578 2314 834 2371 intelligam,
856 2313 903 2356 in
922 2327 1010 2373 quo
1032 2311 1246 2371 principio
1264 2308 1366 2357 fecit
1384 2316 1496 2358 Deus
1521 2316 1648 2358 Pater
1669 2313 1831 2358 coelum

447 2392 490 2427 ct
512 2384 701 2426 terram?
733 2385 843 2427 Nam
873 2400 893 2424 α
914 2384 966 2425 In
987 2381 1198 2442 principio
1225 2380 1327 2426 fecit
1355 2385 1469 2426 Deus
1491 2382 1654 2427 coelum
1677 2391 1720 2427 et
1741 2392 1830 2427 ter-

449 2472 470 2495 »
506 2468 594 2496 ram
616 2487 627 2508 ,
651 2454 857 2509 »Moyses
879 2452 1032 2511 utique
1053 2452 1236 2510 scripsit,
1261 2467 1393 2512 quem
1414 2452 1469 2497 de
1492 2454 1679 2498 Domino
1702 2453 1830 2511 scrip-

498 2543 507 2557 ¹
529 2537 606 2569 Gen.
626 2546 646 2567 ι.
668 2551 709 2559 -·
725 2541 738 2558 ²
756 2536 847 2568 Joan.
866 2546 887 2576 1,
912 2546 942 2576 1,
957 2539 1019 2568 etc.
1045 2551 1085 2558 —
1110 2532 1124 2557 3
1148 2534 1193 2567 ld,
1212 2545 1245 2575 v,
1263 2533 1317 2575 46.
