1924 3309
387 271 468 310 558
913 279 1250 312 ANNOTATmNEs.

377 363 490 406 pus,
517 355 562 390 et
589 362 684 391 non
707 345 821 392 dicit
842 346 981 392 aliud
999 346 1058 392 de
1079 347 1319 406 superiore
1338 345 1440 391 loeo
1459 381 1468 398 ,
1494 347 1658 391 nisiae
1682 363 1762 396 rae

378 417 581 477 piantur
601 434 674 462 res
696 413 907 462 alienoe?
934 418 1063 477 Apud.
1083 417 1228 461 Gallos
1251 418 1385 461 serius
1407 426 1666 477 usurpatum
1697 417 1765 462 vi-

383 489 525 533 detur.
552 492 660 534 Nam
686 489 879 548 synodus
902 489 1098 533 vasensis
1123 491 1182 544 II,
1200 505 1298 549 quae
1320 498 1496 533 eentum
1519 489 1641 533 annis
1662 503 1766 548 pos-

383 559 514 604 terior
545 559 629 604 suit
650 561 921 620 Augustino,
960 559 1142 604 verbum
1178 558 1365 604 faciendi
1400 559 1660 619 presbyteris
1692 559 1768 603 dat

380 639 674 689 potestatem:
706 641 831 677 antea
869 645 973 690 ergo
1007 646 1097 675 non
1135 631 1337 676 habuisse
1371 632 1620 691 conjectura
1659 640 1723 675 est
1754 649 1764 674 ε

381 716 514 762 quam
536 702 780 763 Cyprianus
803 717 980 762 quoque
1003 701 1211 746 diaconus
1230 702 1277 746 in
1301 701 1477 747 Caesarii
1507 700 1767 746 Arelatensis

383 772 573 833 episcopi
595 774 694 818 Vita
712 773 957 818 confirmat.
985 775 1200 818 Sinmonn.
1222 772 1272 817 in
1293 771 1419 818 hanc
1441 770 1613 818 locam.

766 922 1022 965 Almo-nno
1043 921 1136 978 (11)
1156 935 1256 980 pag.
1283 923 1384 964 348.

439 1054 801 1100 Manumissiones
835 1065 885 1100 ut
917 1057 963 1099 in
999 1055 1177 1101 ecclesia
1208 1070 1355 1101 eoram
1385 1055 1588 1115 episcopo
1624 1053 1769 1100 facere

381 1124 559 1180 liceret,
596 1127 869 1171 Constantini
899 1126 1048 1185 Magni
1081 1127 1294 1171 beneficio
1328 1126 1550 1171 indultum
1590 1135 1681 1181 est,
1719 1134 1770 1169 ut

383 1194 485 1239 alias
507 1196 828 1240 observavimus
846 1197 901 1240 ad
919 1196 1189 1250 Ennodium,
1206 1196 1324 1256 apud
1343 1211 1475 1256 quem
1497 1197 1610 1240 inter
1631 1198 1769 1255 Opus-

383 1264 482 1309 cula
503 1275 621 1310 extat
641 1266 816 1310 libellus
831 1302 842 1322 ,
872 1282 949 1310 seu
972 1267 1224 1325 petitorium
1248 1267 1421 1326 Agapiti
1442 1267 1617 1311 nomine
1646 1281 1769 1311 com-

385 1337 574 1395 positum
600 1356 609 1382 ε
640 1338 685 1381 in
713 1353 802 1397 quo
836 1340 1093 1382 Gerontium
1115 1337 1190 1382 ille
1217 1353 1389 1382 servum
1419 1353 1548 1382 suum
1570 1337 1770 1382 libertate

385 1406 538 1451 donari
559 1408 783 1467 postulans
810 1408 865 1452 ab
893 1408 1096 1467 episcopo
1114 1443 1125 1463 ‚
1152 1408 1352 1452 desiderii
1373 1409 1439 1453 sui
1454 1424 1610 1453 causas
1633 1423 1772 1467 perse-

385 1478 556 1538 quitur,
581 1494 680 1538 quae
709 1495 810 1523 eum
834 1478 1066 1538 Augustini
1104 1479 1246 1524 verbis
1261 1479 1449 1538 ,mirifice
1470 1479 1766 1525 consentiunt.

388 1551 603 1596 Smnomn.
627 1552 676 1595 in
694 1549 820 1596 hune
843 1549 1012 1595 locam.

767 1689 1024 1732 ΑΝΝοΤΑΤΙο
1044 1689 1136 1744 (12)
1156 1701 1254 1746 pag.
1274 1691 1374 1731 349.

445 1845 776 1903 Frangebantur
796 1846 841 1889 in
859 1845 1197 1890 manumissione
1215 1860 1437 1890 servorum
1460 1843 1624 1890 tabulae
1641 1880 1652 1901 ‚
1673 1846 1772 1905 qui-

386 1915 467 1960 bus
490 1917 652 1976 emptio
685 1916 860 1961 illorum
882 1926 926 1961 et
945 1918 1127 1962 servitus
1149 1917 1471 1961 continebatur.
1499 1917 1770 1976 Augustinus

386 1988 522 2045 Epist.
549 2005 574 2032 L
592 1990 734 2046 (nune
763 2004 948 2043 cmxxxv,
973 2004 1017 2031 n.
1050 1991 1129 2045 15)
1161 1989 1215 2031 de
1240 1988 1502 2032 Donatistis:
1529 1987 1771 2032 Pessz'mo-

387 2074 512 2114 rum,
539 2058 713 2119 inquit,
752 2074 1015 2115 servorum,
1055 2067 1106 2102 ut
1139 2057 1279 2103 liberi
1316 2057 1632 2104 abscederent
1644 2095 1659 2115 ,
1699 2068 1772 2103 ta-

390 2127 511 2175 bulte
513 2129 902 2193 frangebantur.
921 2134 1137 2176 SIRMOND.

769 2270 1024 2313 Annorum
1041 2269 1134 2326 (13)
1151 2282 1250 2327 pag.
1279 2272 1378 2312 382.

461 2401 573 2444 Hinc
613 2410 792 2460 apparet
813 2402 1075 2461 Carthagine
1097 2401 1419 2446 habitum‘*esse
1450 2401 1569 2445 hune
1601 2401 1774 2445 Sermo·
1835 2433 1837 2435 -

391 2486 492 2515 nem
510 2508 521 2528 ,
541 2485 586 2521 et
618 2474 868 2534 episcopum
888 2471 1018 2532 paulo
1045 2481 1145 2516 ante
1167 2471 1347 2530 intelligi
1364 2472 1745 2529 Carthaginensem
1759 2504 1772 2525 ‚

389 2553 432 2586 et
444 2544 644 2603 judicem
664 2544 778 2590 infra
802 2543 1133 2598 Proconsulem‚
1157 2543 1227 2587 cui
1245 2553 1493 2602 suggestum
1517 2558 1541 2586 a
1562 2541 1774 2587 Christia-

389 2617 454 2662 nis
474 2615 644 2674 fuerat,
668 2626 719 2662 ut
749 2615 926 2661 Herculi
948 2614 1130 2660 illudere
1159 2614 1338 2673 liceret2
1353 2617 1505 2674 Neque
1535 2628 1639 2659 vero
1659 2615 1764 2658 Car-
