1924 3309
441 250 523 286 456
837 258 869 287 S.
907 261 1135 287 AUGUSTINI
1172 260 1350 286 Bmscom

502 328 572 369 Vt.
599 327 636 369 Ο
671 325 840 382 fratres,
868 342 894 371 o
912 326 1008 380 filii,
1034 341 1059 369 o
1082 325 1294 368 catholiea
1318 325 1533 383 germina,
1561 340 1587 368 o
1610 333 1754 368 sancta
1777 334 1820 369 et

438 411 622 455 superna
646 397 834 453 semina,
859 412 884 441 o
906 397 951 439 in
978 395 1148 441 Christo
1172 396 1409 452 regenerati
1429 405 1471 440 et
1494 395 1679 455 desuper
1700 396 1818 451 nati,

436 467 582 512 audite
603 482 695 523 me,
720 468 808 512 imo
825 483 902 528 per
922 482 991 510 me
1011 485 1020 510 ;
1050 485 1070 508 «
1094 467 1276 510 Cantate
1292 466 1479 510 Domino
1497 466 1718 511 canticum
1738 481 1820 511 no-

437 557 458 580 »
493 554 612 583 vum.
642 557 662 580 »
686 541 825 595 Ecce,
850 538 1014 598 inquis,
1034 545 1178 580 canto.
1203 538 1384 591 Cantas,
1405 535 1534 595 plane
1549 547 1710 582 cantas.
1730 540 1822 582 Au-

435 610 507 655 dio
526 629 535 654 :
553 609 626 654 sed
649 619 799 655 contra
821 609 1018 667 linguam
1038 607 1337 652 testimonium
1352 622 1443 652 non
1460 607 1576 652 dicat
1585 608 1689 653 vita.
1710 610 1823 654 Can-

437 688 524 724 tate
544 680 746 735 vocibus,
777 687 948 724 cantate
977 676 1182 722 cordibus
1199 712 1210 733 ,
1244 685 1416 722 cantate
1444 677 1615 733 oribus,
1651 687 1822 723 cantate

435 750 631 794 moribus
650 770 659 794 ι
681 769 702 793 «
722 751 905 794 Cantate
922 748 1108 793 Domino
1121 747 1339 792 canticum
1361 750 1566 793 novum1.
1586 748 1823 801 »Quaeritis

433 819 544 879 quid
570 821 809 864 decantetis
831 818 886 862 de
914 818 989 863 isso
1011 834 1143 878 quem
1165 818 1347 862 amatis?
1372 819 1472 863 Sine
1501 818 1638 863 dubio
1659 817 1714 862 de
1746 818 1823 863 illo

433 904 567 949 quem
595 905 711 934 amas
733 924 744 944 ,
771 898 946 933 cantare
964 891 1026 933 vis
1049 908 1058 933 ε
1083 887 1234 932 laudes
1257 890 1348 948 ejus
1378 889 1559 948 quaeris,
1585 903 1693 948 quas
1717 903 1822 933 can-

433 969 512 1005 tes.
525 960 718 1006 Audistis
729 996 740 1016 ‚
760 979 780 1003 «
799 963 980 1006 Cantate
992 960 1180 1004 Domino
1193 960 1411 1004 canticum
1427 975 1606 1004 novum.
1627 959 1825 1005 »Laudes

435 1032 662 1090 quaeritis?
680 1051 699 1073 «
721 1034 833 1075 Laus
857 1033 948 1091 ejus
970 1031 1015 1074 in
1034 1031 1227 1075 Ecclesia
1245 1040 1509 1075 sanctorum.
1535 1049 1556 1072 »
1582 1034 1696 1076 Laus
1718 1047 1824 1075 can-

436 1102 578 1156 tandi,
617 1111 680 1145 est
700 1102 790 1160 ipse
811 1110 1030 1156 cantator,
1057 1100 1227 1146 Laudes
1249 1100 1378 1145 vultis
1407 1100 1550 1144 dicere
1580 1103 1698 1146 Deo?
1736 1103 1824 1145 Vos

434 1179 571 1215 estote
593 1170 714 1229 quod
730 1170 895 1214 dicatis.
924 1173 1035 1214 Laus
1058 1171 1189 1229 ipsius
1209 1171 1324 1224 estis,
1346 1171 1506 1214 sibene
1522 1171 1689 1215 vivatis.
1712 1174 1825 1215 Laus

433 1241 549 1284 enim
571 1241 662 1299 ejus
685 1255 774 1284 non
797 1241 921 1283 estin
943 1240 1172 1298 synagogis
1195 1239 1473 1289 Judaeorum,
1500 1254 1588 1283 non
1606 1248 1670 1283 est
1690 1240 1735 1283 in
1756 1240 1824 1284 in·-

432 1311 550 1355 sania
569 1314 868 1368 Paganorum,
891 1325 981 1354 non
997 1318 1061 1353 est
1088 1310 1133 1353 in
1154 1310 1372 1353 erroribus
1388 1311 1711 1366 haereticorum,
1732 1326 1822 1357 non

434 1390 498 1426 est
518 1381 563 1425 in
586 1379 809 1439 plausibus
831 1381 1119 1424 theatrorum.
1141 1380 1344 1432 Quaeritis
1366 1381 1441 1424 ubi
1464 1381 1548 1424 sit?
1570 1383 1658 1425 Vos
1680 1390 1827 1426 atten-

436 1451 552 1507 dite,
576 1467 651 1495 vos
689 1460 839 1495 estote.
870 1470 890 1493 «
921 1454 1035 1495 Laus
1066 1452 1157 1510 ejus
1190 1453 1237 1495 in
1269 1451 1462 1495 Ecclesia
1498 1461 1764 1498 sanctorum.
1801 1471 1821 1494 »

437 1523 602 1576 Quaeris
622 1522 740 1565 unde
763 1521 950 1580 gaudeas
973 1520 1152 1581 quando
1174 1523 1354 1566 cantas?
1379 1541 1398 1562 «
1419 1524 1611 1566 Laetetur
1631 1522 1763 1567 Israel
1780 1524 1826 1567 in

441 1613 460 1635 »
495 1609 546 1637 eo
569 1593 645 1652 qui
662 1593 766 1637 fecit
787 1608 888 1636 eum
908 1595 920 1619 ¹
946 1611 956 1637 ε
983 1611 1002 1634 »
1025 1602 1068 1637 et
1096 1593 1216 1637 unde
1248 1592 1422 1637 laetetur
1443 1608 1531 1637 non
1559 1594 1725 1638 invenit
1747 1594 1827 1638 nisi

444 1667 593 1709 Deum.

497 1736 596 1777 VII.
624 1735 763 1787 Bene,
799 1732 952 1775 fratres
979 1733 1087 1787 mei,
1123 1733 1388 1791 interrogate
1416 1748 1491 1777 vos
1525 1733 1665 1792 ipsos,
1697 1733 1826 1778 cellas

437 1803 663 1848 interiores
686 1802 888 1846 discutite
913 1821 922 1846 ε
940 1801 1107 1857 videte,
1133 1811 1176 1847 et
1197 1802 1407 1846 attendite
1429 1801 1537 1862 quid
1557 1803 1751 1846 habeatis
1772 1804 1827 1847 de

437 1874 672 1927 charitate,
708 1881 750 1914 et
783 1873 867 1916 hoc
897 1872 1019 1930 quod
1051 1872 1300 1915 inveneritis
1323 1880 1490 1928 augete.
1519 1872 1744 1917 Attendite
1772 1873 1827 1917 ad

439 1943 567 1987 talem
591 1943 864 1995 thesaurum,
889 1950 941 1984 ut
972 1941 1088 1984 intus
1111 1940 1264 1985 divites
1285 1941 1389 1985 sitis.
1412 1942 1576 1986 Caetera
1599 1951 1714 1986 certe
1727 1958 1827 2002 quae

435 2028 642 2071 magnum
675 2012 839 2055 habent
859 2011 1048 2070 pretium
1065 2046 1075 2065 ,
1121 2011 1250 2055 chara
1268 2011 1502 2068 dicuntur3
1542 2027 1620 2055 nec
1648 2011 1824 2057 frustra.

432 2083 623 2141 Aspicite
634 2081 996 2126 consuetudinem
1013 2081 1220 2124 sermonis
1235 2081 1365 2124 vestri
1385 2100 1393 2125 :
1417 2082 1587 2125 charius
1612 2092 1675 2126 est
1694 2081 1822 2138 illud,

433 2169 567 2213 quam
600 2153 727 2197 illud.
766 2151 884 2206 Quid
905 2161 983 2206 est,
1008 2152 1179 2196 charius
1197 2161 1275 2207 est,
1301 2151 1382 2196 nisi
1405 2153 1632 2211 pretiosius
1664 2155 1758 2197 est?
1782 2154 1826 2199 Si

435 2225 604 2270 charius
619 2223 800 2279 dicitur,
826 2222 1044 2283 quidquid
1057 2224 1284 2282 pretiosius
1306 2232 1369 2266 est
1385 2243 1396 2280 3
1413 2223 1522 2282 quid
1542 2224 1713 2268 charius
1734 2224 1824 2283 ipsa

431 2297 662 2349 charitate,
686 2295 840 2339 fratres
863 2293 1124 2346 meiPQuod
1141 2303 1219 2348 est,
1242 2302 1468 2351 putamt1S‚
1490 2294 1679 2352 pretium
1701 2295 1825 2353 ejus?

431 2366 549 2410 unde
582 2367 803 2410 invenitur
837 2365 1026 2424 pretium
1055 2365 1179 2424 ejus?
1203 2365 1395 2408 Pretium
1423 2365 1575 2419 tritici,
1616 2380 1822 2410 nummus

433 2448 558 2494 tuus3
593 2437 783 2496 pretium
805 2435 955 2490 fundi,
989 2445 1217 2494 argentum
1248 2445 1402 2493 tuum3
1427 2436 1612 2495 pretium
1648 2452 1820 2495 marga·

426 2509 539 2554 ritae.
567 2523 718 2552 aurum
748 2517 871 2551 tuum
897 2526 905 2551 :
930 2508 1119 2566 pretium
1145 2506 1384 2555 charitatis,
1422 2516 1481 2550 tu.
1517 2508 1684 2559 Quaeris
1706 2523 1811 2565 ergo

477 2600 482 2614 ¹
510 2593 586 2624 Pan.
614 2604 717 2631 cmiv,
748 2605 836 2624 1.—-
858 2599 869 2614 ²
900 2592 979 2623 lbil.
1003 2603 1033 2623 2.
