1867 3320
372 268 577 296 131³1s'roLAE
608 263 664 295 An
695 263 893 294 nouAuos
925 263 1160 293 Exposrno.
1403 254 1457 293 57

82 346 144 381 tre
165 344 207 379 et
230 334 415 379 Domino
437 343 585 378 nostro
612 336 714 377 Jesu
743 332 916 378 Christo
951 331 1084 385 dicit,
1108 346 1196 375 non
1220 330 1459 390 adjungens

81 407 206 451 etiam
233 405 439 465 Spiritum
461 414 658 450 sanctum
680 426 690 461 3
709 420 799 448 non
818 403 925 447 mihi
940 402 1021 446 alia
1040 402 1148 446 ratio
1165 400 1354 455 videtur,
1379 403 1459 446 nisi

80 477 179 537 quia
201 476 343 535 ipsum
375 475 542 519 donum
576 476 653 519 Dei
678 475 886 534 Spiritum
909 482 1107 517 sanctum
1129 471 1422 530 intelligamus
1448 492 1455 516 ε

82 547 212 606 gratia
245 561 373 605 porro
395 555 438 590 et
460 562 567 606 pax,
609 545 716 606 quid
749 545 868 589 aliud
890 553 953 588 est
991 558 1123 603 quam
1161 542 1326 587 donum
1350 543 1426 585 Dei
1444 546 1461 585 P

82 616 204 662 Unde
226 616 349 660 nullo
370 616 502 661 modo
524 616 617 661 dari
639 616 801 661 homini
811 616 889 659 bus
910 615 1045 673 gratia
1066 622 1208 674 potest
1240 628 1326 672 qua
1348 612 1461 656 libe-

79 702 223 731 ramur
245 703 268 730 a
290 688 475 746 peccatis
492 723 502 742 ,
533 696 576 731 et
599 702 681 746 pax
703 703 789 746 qua
811 685 1144 730 reconciliamur
1162 687 1252 728 Deo
1273 718 1283 738 ,
1311 683 1393 726 nisi
1417 683 1461 726 in

81 758 240 818 Spiritu
256 767 420 802 sancto.
442 761 499 802 Et
519 759 618 802 ideo
636 759 726 818 ipsa
751 758 935 801 Trinitas
952 757 1200 816 pariterque
1223 756 1462 799 incommu-

79 827 219 873 tabilis
238 828 378 872 unitas
400 829 445 872 in
474 830 553 873 ista
577 829 835 874 salutatione
861 828 1151 886 cognoscitur.
1178 825 1303 880 Quod
1326 841 1462 885 prop-

79 908 192 944 terea
215 899 397 943 maxime
417 899 567 954 credo,
605 900 811 960 quoniam
842 908 1018 958 excepta
1041 897 1220 958 epistola
1248 911 1379 958 quam
1408 896 1462 940 ad

80 969 280 1013 Hebraeos
302 970 488 1028 scripsist
502 1004 512 1024 ,
534 970 610 1013 ubi
627 970 890 1029 principium
913 968 1216 1013 salutatorium
1239 968 1294 1011 de
1311 965 1463 1010 indus-

78 1040 155 1084 tria
174 1040 332 1084 dicitur
351 1041 541 1084 omisisse
555 1075 566 1095 ,
592 1055 646 1083 ne
668 1039 809 1084 Judaei
831 1039 907 1099 qui
930 1040 1134 1083 adversus
1166 1053 1267 1082 eum
1290 1052 1462 1096 pugna·

78 1111 183 1155 citer
209 1110 507 1165 oblatrabant,
533 1112 708 1156 nomine
731 1112 821 1170 ejus
840 1111 993 1154 offensi
1015 1110 1086 1154 vel
1110 1109 1287 1153 inimico
1318 1108 1462 1152 animo

78 1181 289 1240 legerent,
304 1181 372 1226 vel
388 1183 565 1226 omnino
580 1182 723 1241 legere
742 1198 831 1226 non
854 1191 1072 1235 curarent,
1092 1179 1212 1241 quod
1229 1179 1283 1223 ad
1309 1194 1460 1223 eorum

78 1251 257 1296 salutem
276 1254 516 1311 scripserat,
540 1252 659 1297 unde
685 1252 887 1297 nonnulli
906 1267 1000 1296 eam
1022 1253 1067 1295 in
1090 1265 1301 1295 canonem
1321 1250 1464 1308 Scrip-

78 1331 274 1366 turarum
298 1323 489 1380 recipere
505 1323 748 1366 timuerunt
767 1342 775 1367 :
794 1322 868 1366 sed
886 1337 1066 1381 quoquo
1087 1321 1220 1366 modo
1242 1335 1286 1364 se
1304 1320 1463 1363 habeat

80 1393 156 1436 ista
182 1392 387 1451 quaestio,
427 1400 602 1451 excepta
641 1393 722 1435 hac
745 1391 948 1450 epistola,
975 1401 1143 1434 caeterae
1183 1403 1333 1433 omnes
1363 1404 1462 1447 quae

79 1460 198 1505 nulla
220 1459 448 1504 dubitante
470 1462 660 1504 Ecclesia
685 1461 806 1504 Pauli
828 1459 1009 1519 apostoli
1025 1475 1115 1503 esse
1133 1461 1378 1512 firmantur,
1403 1467 1463 1502 ta-

79 1531 164 1574 lem
185 1531 411 1575 continent
432 1530 737 1574 salutationem
760 1550 768 1574 :
795 1530 874 1573 nisi
897 1529 1018 1589 quod
1042 1529 1098 1572 ad
1117 1529 1393 1572 Timotheum
1418 1529 1463 1572 in

80 1610 264 1660 utraque
281 1600 520 1659 interponit
538 1599 891 1645 misericordiam.
918 1602 1027 1644 Nam
1047 1599 1104 1643 ita
1128 1599 1298 1643 scribit:
1319 1617 1337 1638 «
1354 1599 1462 1641 Gra-

83 1688 103 1711 »
138 1671 210 1724 tia,
232 1669 540 1725 misericordia,
565 1685 647 1730 pax
670 1686 692 1713 a
713 1674 800 1714 Deo
823 1673 965 1723 Patre,
991 1679 1034 1713 ct
1057 1672 1159 1713 Jesu
1181 1668 1353 1713 Christo
1372 1672 1461 1711 Do-

83 1758 102 1781 »
138 1741 257 1784 mino
279 1749 425 1784 nostro
446 1742 474 1782 ¹.
496 1759 515 1780 »
539 1743 636 1792 Quo
659 1740 774 1783 enim
795 1739 1064 1794 familiarius,
1085 1755 1136 1783 eo
1158 1739 1330 1782 dulcius
1349 1754 1462 1797 quo-

79 1809 178 1854 dam
193 1810 324 1855 modo
338 1810 528 1854 scribens
546 1809 600 1853 ad
617 1810 910 1863 Timotheum,
929 1808 973 1852 id
988 1809 1168 1853 verbum
1186 1809 1459 1867 interposuit,

79 1896 167 1941 quo
189 1881 316 1940 plane
333 1882 524 1940 aperitur
544 1891 672 1941 atque
694 1881 938 1925 ostenditur
953 1915 963 1934 ,
990 1896 1078 1924 non
1096 1880 1256 1923 meritis
1280 1894 1460 1938 operum

79 1952 287 2010 priorum,
303 1952 379 1996 sed
399 1951 640 1996 secundum
658 1951 993 1995 misericordiam
1012 1951 1085 1993 Dei
1104 1950 1228 1994 nobis
1251 1950 1343 1993 dari
1369 1951 1463 2008 Spi-

80 2022 208 2064 ritum
239 2029 435 2064 sanctum
455 2056 465 2074 ,
502 2031 552 2064 ut
585 2031 627 2066 et
654 2030 931 2080 peccatorum
970 2019 1146 2064 abolitio
1175 2020 1246 2062 fiat
1265 2055 1275 2072 ,
1302 2019 1460 2078 quibus

79 2089 411 2150 sejungebamur
433 2105 455 2132 a
472 2093 562 2133 Deo
580 2111 590 2146 3
610 2099 652 2133 et
676 2091 982 2144 reconciliatio,
1000 2099 1048 2134 ut
1071 2089 1132 2133 illi
1155 2090 1457 2132 inhaercamus.

136 2163 238 2203 xli.
270 2162 358 2204 Nec
380 2159 475 2203 alian
498 2158 802 2218 Apostolorum
824 2159 1017 2218 epistolae
1036 2196 1046 2214 ,
1072 2175 1178 2219 quas
1202 2175 1303 2202 usus
1320 2159 1460 2202 cccle-

79 2230 268 2273 siasticus
287 2230 457 2288 recipit,
486 2244 638 2288 parum
662 2245 738 2273 nos
754 2228 992 2273 admonent
1013 2231 1067 2273 de
1091 2231 1167 2272 ista
1193 2230 1400 2272 'l‘rinitatc
1419 2230 1460 2272 in

79 2300 297 2359 principiis
315 2299 415 2343 suis.
433 2302 541 2344 Nam
568 2303 717 2343 Petrus
740 2300 796 2343 ita
816 2298 946 2343 dicit:
968 2319 986 2340 «
1014 2300 1159 2342 Gratia
1178 2299 1299 2342 vobis
1321 2308 1360 2342 ct
1381 2314 1461 2357 pax

82 2387 101 2410 »
137 2369 425 2428 adimpleatur
524 2388 544 2409 »
584 2370 747 2413 Deinde
785 2370 926 2412 statim
968 2369 1166 2428 subjicit,
1209 2369 1460 2412 Benedictus

80 2440 190 2482 Deus
223 2448 265 2482 ct
292 2442 414 2482 Pater
439 2438 605 2482 Domini
629 2440 761 2482 nostri
786 2441 886 2482 Jcsu
915 2438 1087 2482 Christi.
1115 2441 1166 2484 Ut
1186 2454 1262 2497 per
1282 2439 1459 2496 gratiam

127 2552 133 2569 ¹
161 2559 168 2577 ι
194 2547 273 2578 Tim.
295 2559 315 2587 i,
341 2556 374 2587 9,
397 2552 425 2577 vt
447 2549 558 2579 ”Tinr
585 2561 608 2586 i,
629 2560 658 2579 ’1.
683 2566 721 2571 —-
744 2557 756 2570 '¹
783 2561 791 2580 ι
820 2552 901 2579 Petu:
923 2560 944 2583 ι,
961 2558 992 2584 ’),
1015 2550 1042 2580 Ὶ.
