1924 3309
435 324 516 364 538
858 332 893 364 s.
928 333 1158 365 AUGUSTINI
1190 334 1374 366 1:1218001’1

431 401 576 456 labas,
600 399 745 445 male?
770 400 808 444 Ο
829 400 966 457 male,
987 401 1043 445 de
1063 415 1151 461 quo
1177 415 1268 445 non
1295 402 1387 446 sine
1416 417 1545 448 causa
1579 402 1688 450 dixit
1710 408 1819 451 Pro-

431 471 586 531 pheta:
604 489 624 513 «
643 470 764 516 Dabo
777 470 911 516 malos
924 487 1002 531 pro
1015 470 1238 530 sepultura
1255 472 1290 532 ej
1298 487 1389 516 us.»
1400 473 1564 529 Omali,
1580 489 1607 519 o
1621 475 1810 534 pessimi,

434 551 512 588 aut
532 541 774 601 vigilabatis
788 577 800 598 ‚
824 539 1110 587 et‘custodire
1136 540 1346 587 debuistis
1365 563 1376 601 3
1408 552 1485 587 aut
1505 544 1786 591 dormiebatis
1802 581 1816 603 ‚

433 623 477 659 et
494 612 601 674 quid
611 614 666 658 sit
681 613 847 659 factum
869 614 1056 658 nescitis.
1082 613 1318 674 Impletum
1340 623 1404 659 est
1426 615 1542 660 enim
1573 617 1695 678 quod
1724 618 1823 678 Spi-

432 685 541 730 ritus
555 694 728 730 sanctus
744 701 822 746 per
838 684 1106 730 Psalmistam
1122 685 1264 731 multo
1281 695 1381 730 ante
1395 686 1654 746 praedixerat
1671 707 1679 733 :
1700 707 1721 732 «
1740 691 1824 735 Co-

436 774 456 798 »
493 757 737 814 gitaverunt
761 755 989 800 consilium
1002 790 1013 810 ‚
1037 755 1159 816 quod
1176 771 1265 801 non
1283 766 1521 817 potuerunt
1538 758 1777 804 stabilire¹.
1796 777 1819 804 ³)

491 828 641 883 (VIII.
672 828 758 870 Nos
790 841 893 884 ergo
917 828 1029 883 (15‚)
1053 825 1207 870 iratres
1245 827 1506 883 charissimi,
1531 844 1612 888 pro
1633 845 1822 889 quorum

434 897 572 942 salute
596 899 675 942 ista
693 899 839 942 omnia
861 908 904 942 et
920 898 1125 958 praedicta
1150 907 1252 943 sunt
1274 908 1318 943 et
1335 899 1537 959 impleta,
1559 900 1715 958 gratias
1732 915 1827 958 aga-

434 984 532 1014 mus
569 969 729 1013 divinae
750 969 1078 1026 misericordiae,
1116 979 1160 1014 et
1195 979 1411 1030 quantum
1443 985 1695 1030 possumu3‚
1725 972 1826 1017 totis

434 1040 598 1084 viribus
626 1039 875 1084 laboremus
892 1075 902 1095 ‚
929 1049 980 1084 ut
998 1040 1209 1084 beneficia
1234 1040 1311 1084 Dei
1333 1056 1422 1085 non
1458 1041 1584 1085 nobis
1608 1041 1824 1101 judicium.

437 1110 629 1170 pariant,
646 1110 721 1154 sed
745 1110 989 1169 profectum
1017 1129 1025 1155 ε
1046 1119 1097 1154 ut
1117 1125 1216 1154 cum
1233 1110 1484 1155 tremendus
1500 1111 1654 1171 judicii
1669 1112 1760 1156 dies
1781 1121 1823 1158 et

436 1190 608 1239 tempus
630 1180 865 1224 reddendae
888 1181 1064 1224 rationis
1087 1182 1309 1224 advenerit
1327 1216 1337 1235 ,
1362 1181 1580 1241 quidquid
1596 1183 1720 1227 nobis
1742 1186 1820 1228 Do⁴

433 1252 577 1295 minus
612 1260 656 1294 et
692 1250 888 1295 Salvator
918 1259 1063 1295 noster
1096 1251 1282 1295 contulit
1312 1251 1561 1312 judicatus,
1606 1253 1825 1312 integrum.

434 1320 626 1364 inveniat
642 1320 932 1380 judicaturus.
959 1323 1015 1364 Et
1042 1319 1220 1375 quidem
1244 1320 1318 1364 ille
1339 1337 1439 1365 cum
1464 1323 1653 1378 venerit,
1678 1323 1827 1368 reddi-

434 1401 557 1436 turus
583 1401 647 1436 est
668 1391 787 1452 quod
810 1392 1021 1452 promisit,
1045 1392 1121 1436 sed
1147 1393 1433 1452 requisiturus
1461 1402 1525 1437 est
1554 1394 1675 1454 quod
1702 1395 1828 1439 rede-—

435 1465 514 1507 mit
536 1483 544 1508 :
570 1472 613 1507 et
629 1463 751 1524 quod
772 1464 816 1507 in
839 1464 980 1523 primo
998 1464 1190 1508 adventu
1213 1463 1422 1519 contulit,
1447 1474 1675 1510 exacturus
1695 1475 1759 1510 est
1780 1466 1825 1511 in

435 1534 642 1578 secundo.
669 1534 877 1587 Quamvis
902 1533 1090 1577 multum
1113 1550 1374 1594 praesumere
1396 1534 1635 1579 debeamus
1662 1535 1717 1580 de
1744 1537 1821 1580 mis

435 1603 665 1649 sericordia
697 1605 798 1660 Dei,
824 1620 914 1649 non
949 1615 1095 1649 tamen
1125 1604 1396 1664 negligenter
1430 1604 1642 1650 debemus
1675 1606 1827 1651 timere

432 1676 644 1736 justitiam
664 1676 771 1734 ejus.
805 1677 917 1720 Cum
947 1675 1114 1735 justitia
1146 1676 1261 1718 enim
1283 1684 1325 1719 te
1347 1675 1585 1736 judicabit,
1623 1677 1699 1735 qui
1725 1692 1826 1721 cuni

435 1745 729 1790 misericordia
747 1755 790 1789 te
822 1745 1020 1789 redemit.
1058 1748 1167 1790 Nam
1197 1747 1319 1804 quod
1346 1756 1435 1789 tam
1463 1746 1597 1805 longo
1630 1755 1828 1806 tempore

437 1831 667 1876 peccamus
700 1825 743 1859 et
773 1816 931 1874 parcit,
972 1831 1061 1859 non
1087 1824 1150 1859 est
1184 1815 1468 1874 negligentia,
1499 1816 1574 1859 sed
1598 1817 1823 1876 patientia.

438 1891 536 1933 Non
558 1886 632 1930 ille
648 1887 889 1945 potentiam
912 1885 1123 1945 perdidit,
1158 1887 1233 1930 sed
1263 1902 1340 1931 nos
1363 1887 1417 1930 ad
1439 1888 1743 1947 poenitentiam
1760 1904 1828 1933 re-

438 1959 635 2003 servavit.
663 1958 907 2001 Timeamus
937 1972 1038 2015 ergo
1063 1957 1302 2017 justitiam,
1335 1960 1458 2018 cujus
1489 1958 1824 2004 misericordiam

440 2029 751 2072 desideramus.
786 2028 927 2071 Parcit
948 2027 1064 2071 enim
1087 2026 1240 2082 modo,
1278 2029 1353 2072 sed
1383 2044 1473 2072 non
1502 2037 1616 2074 tacet
1641 2049 1650 2074 :
1676 2029 1751 2074 sed
1784 2040 1825 2075 et

439 2100 473 2142 si
494 2107 630 2152 tacet,
669 2113 759 2142 non
780 2113 949 2157 semper
981 2098 1157 2142 tacebit.
1184 2097 1424 2142 Audiamus
1455 2114 1558 2158 ergo
1586 2114 1687 2143 eum
1720 2099 1823 2143 dum

441 2185 530 2214 non
551 2177 665 2212 tacet
687 2169 731 2212 in
752 2177 993 2228 praecepto,
1015 2168 1047 2212 si
1064 2167 1268 2212 volumus
1289 2177 1340 2212 ut
1371 2168 1497 2212 nobis
1527 2178 1698 2228 parcat,
1725 2185 1823 2214 cum

441 2256 530 2284 non
545 2240 730 2284 tacuerit
746 2240 789 2283 in
811 2239 992 2300 judicio.
1023 2239 1157 2284 Modo
1177 2240 1293 2283 enim
1310 2240 1434 2284 nobis
1455 2250 1726 2300 praerogatur
1743 2241 1828 2285 mi-n

441 2310 692 2366 sericordia,
723 2320 828 2355 tunc
852 2328 875 2355 a
895 2311 1020 2355 nobis
1042 2311 1238 2369 exigetur
1260 2311 1427 2371 justitia
1443 2346 1454 2366 ,
1486 2321 1529 2356 et
1549 2311 1703 2357 reddet
1724 2311 1829 2356 uni«,

442 2382 601 2442 cuique
618 2381 861 2425 secundum
882 2396 1012 2441 opera
1035 2396 1135 2438 sua3
1160 2397 1208 2425 ac
1230 2382 1305 2426 fiet
1327 2381 1437 2426 illud
1453 2381 1574 2442 quod
1595 2382 1833 2443 Apostolus·

443 2451 550 2496 dixit
576 2470 586 2497 :
607 2470 627 2493 «
650 2451 871 2495 Judicium
904 2452 996 2495 sine
1017 2450 1305 2497 misericordia
1325 2451 1388 2496 illi
1411 2452 1488 2512 qui
1507 2468 1599 2498 non
1620 2451 1725 2498 fecit
1745 2452 1828 2498 mi-

448 2541 468 2564 »
504 2523 855 2580 sericordiam2.)
879 2540 900 2564 »

495 2616 504 2631 1
526 2606 607 2639 Psal.
628 2617 683 2648 xx,
703 2615 752 2640 12.
773 2623 815 2630 —
832 2606 976 2640 ²Jacob.
994 2617 1041 2648 111,
1064 2607 1114 2639 13.
