1924 3309
412 216 493 255 448
842 225 875 254 S.
911 225 1140 256 Aucus‘nm
1171 228 1351 256 1:121500121

410 308 489 351 pro
509 291 782 351 plenitudine
803 291 1076 339 cellariorum
1092 328 1103 348 ‚
1128 308 1210 352 peo
1226 294 1469 352 integritate
1488 293 1786 349 aedificiorum,

407 377 488 421 pro
510 377 615 421 pace
637 378 686 407 ac
706 362 856 408 litibus
873 374 915 408 et
937 364 1090 424 jurgiis
1112 364 1308 408 civilibus
1324 399 1334 419 ,
1370 380 1449 423 pro
1469 365 1549 408 ista
1582 365 1702 409 omni
1723 363 1790 408 fe-

408 432 591 489 licitate,
632 437 770 478 Deum
804 450 932 479 suum
966 435 1062 478 vult
1093 435 1338 492 possidere,
1377 445 1427 479 ut
1461 437 1604 494 ipsum
1631 435 1791 479 habeat

408 519 488 563 pro
509 505 713 550 omnibus
728 540 738 560 ,
764 506 841 565 qui
862 504 1058 549 condidit
1080 505 1223 548 omnia
1239 539 1250 558 ‚
1275 514 1317 548 et
1340 504 1456 549 dicat
1470 541 1481 560 ,
1504 507 1613 551 Mihi
1644 515 1791 550 autem

409 574 630 619 adhaerere
642 578 748 630 Deo,
764 576 930 619 bonum
949 576 1034 618 est¹
1051 573 1186 618 :colat
1203 589 1302 617 eum
1317 575 1469 631 gratis3
1485 575 1599 619 colat
1615 575 1793 635 quando

408 644 487 688 ista
509 644 585 689 dat
600 680 611 701 ‚
648 655 692 690 et
712 645 889 705 quando
912 643 1078 698 aufert,
1104 654 1147 688 et
1169 642 1346 702 quando
1369 659 1458 688 non
1482 644 1558 688 dat
1582 663 1590 688 :
1621 654 1664 688 et
1684 643 1795 688 nihil

408 715 466 759 sic
490 716 665 770 timeat,
702 731 834 775 quam
865 730 919 758 ne
944 715 1032 773 ipse
1063 730 1105 758 se
1141 715 1324 759 auferat.
1345 717 1500 775 Itaque
1534 715 1794 759 christianus

409 785 624 843 populus,
649 784 802 829 fratres
820 819 831 839 ‚
868 785 1072 844 quidicit
1104 785 1149 827 in
1179 783 1309 828 corde
1327 799 1427 839 suo,
1453 783 1675 844 Quidquid
1702 785 1796 828 vult

409 854 602 910 auferat,
628 871 671 899 se
690 856 830 914 ipsum
862 855 969 899 mihi
997 871 1086 899 non
1109 853 1303 910 auferat,
1345 874 1364 897 «
1390 858 1546 900 Beatus
1566 864 1630 899 est
1659 870 1797 914 popu-

410 943 430 965 »
466 924 533 969 lus
548 959 559 980 ,
575 926 698 985 cujus
714 934 778 970 est
799 926 1009 970 Dominus
1031 928 1144 969 Deus
1166 925 1315 983 ipsius.

412 1092 1367 1121 NWNWMMWVIWWWWVSWV‘WUQWMUMWVRMY
1373 1104 1796 1120 mmmmmwmm

837 1232 1067 1279 SERMO
1104 1233 1303 1278 XXXIII
1321 1236 1352 1276 ².

407 1393 469 1435 De
497 1406 623 1435 versu
646 1391 841 1451 ejusdem
883 1390 1043 1434 Psalmi
1070 1410 1217 1435 chm.
1256 1390 1417 1445 Deus,
1444 1392 1683 1436 canticam
1722 1408 1797 1437 720-

466 1477 576 1504 vum
602 1459 815 1505 cantabo
834 1458 945 1515 tibi,
971 1461 1019 1504 ιή
1045 1459 1280 1520 psalterio
1309 1459 1473 1504 decem
1504 1459 1797 1506 chordarum

460 1529 676 1590 psallam
700 1528 798 1574 tibi.

468 1691 503 1731 Ι.
525 1690 736 1740 Quoniam
770 1688 979 1746 scriptum
1011 1695 1098 1742 est,
1129 1706 1148 1728 «
1182 1689 1296 1730 Deus
1317 1721 1327 1741 ,
1365 1687 1585 1730 canticum
1629 1701 1793 1730 novum

407 1776 427 1798 »
462 1759 647 1802 cantabo
671 1757 752 1800 tibi
771 1791 782 1810 ‚
803 1758 848 1799 in
883 1755 1086 1815 psalterio
1127 1755 1276 1799 decem
1316 1755 1576 1799 chordarum
1612 1755 1793 1814 psallam

406 1847 427 1870 η
464 1829 543 1872 tibi
570 1844 578 1869 :
602 1847 622 1869 »
649 1828 799 1872 decem
816 1826 1078 1887 chordarum
1103 1826 1352 1885 psalterium
1373 1861 1383 1880 ,
1402 1826 1552 1870 decem
1577 1835 1793 1885 praecepta

404 1900 527 1956 Legis
549 1899 869 1955 intelliguntur.
890 1900 1077 1941 Cantare
1098 1906 1244 1939 autem
1267 1906 1309 1940 et
1332 1895 1514 1954 psallere
1534 1931 1544 1951 ‚
1570 1897 1793 1954 negotium

403 1984 492 2013 esse
514 1969 623 2013 solet
640 1968 897 2012 amantium.
923 1969 1058 2010 Vetus
1081 1967 1197 2009 enim
1219 1967 1352 2010 homo
1374 1967 1418 2009 in
1439 1968 1591 2011 timore
1609 1976 1694 2021 est,
1717 1982 1793 2010 no-

402 2055 481 2083 vus
519 2039 565 2082 in
594 2053 755 2082 amore.
785 2040 849 2081 Ita
885 2037 1012 2079 etiam
1048 2037 1137 2080 duo
1171 2039 1444 2080 Testamenta
1477 2035 1788 2091 discernimus,

404 2119 527 2154 vetus
550 2118 592 2152 et
614 2123 779 2153 novum
803 2143 813 2162 ‚
849 2123 949 2168 quae
970 2107 1015 2150 in
1036 2106 1238 2165 allegoria
1261 2106 1366 2151 dicit
1397 2106 1629 2165 Apostolus
1663 2107 1792 2150 etiam

404 2181 449 2223 in
462 2179 648 2224 Abrahae
666 2178 763 2222 filiis
785 2177 979 2236 figurari,
1005 2192 1094 2219 uno
1113 2176 1167 2219 de
1186 2175 1341 2220 ancilla
1359 2211 1369 2231 ‚
1391 2176 1527 2220 altero
1548 2175 1602 2219 de
1624 2175 1760 2220 libera
1779 2195 1787 2220 :

408 2270 427 2291 «
463 2252 570 2302 Quae
588 2258 712 2303 sunt,
733 2247 898 2307 inquit,
920 2247 1009 2290 duo
1033 2249 1319 2290 Testamenta.
1344 2247 1533 2290 Servitus
1551 2247 1665 2289 enim
1690 2261 1791 2305 per-

404 2321 516 2364 tinet
534 2321 588 2363 ad
607 2321 804 2363 timorem
823 2354 833 2371 ‚
850 2318 1025 2361 libertas
1047 2316 1100 2360 ad
1124 2317 1356 2360 amorem3.
1380 2317 1489 2360 Dicit
1512 2316 1626 2359 enim
1649 2319 1790 2375 Apos-

405 2389 518 2435 tolus
547 2410 556 2434 :
584 2410 602 2431 «
623 2392 720 2434 Non
735 2390 848 2432 cnim
869 2387 1088 2446 accepistis
1112 2386 1307 2444 spiritum
1331 2386 1545 2430 servitutis
1570 2388 1722 2429 iterum
1746 2387 1788 2429 iu

408 2478 427 2501 »
464 2461 644 2518 timore3
682 2458 757 2503 sed
779 2458 999 2518 accepistis
1020 2456 1217 2516 spiritum
1242 2456 1483 2516 adoptionis
1505 2456 1692 2500 filiorum
1708 2491 1719 2512 ⁷
1743 2455 1790 2500 in

454 2564 462 2580 ¹
485 2557 563 2590 Psal.
584 2568 679 2597 mxu,
700 2557 754 2589 28.
777 2573 817 2579 —
840 2562 851 2578 ²
867 2555 949 2588 Alias
967 2555 1008 2588 de
1019 2554 1156 2590 Diversis
1179 2553 1227 2586 18.
1245 2569 1284 2576 —-
1308 2552 1320 2575 3
1340 2554 1444 2586 Galat.
1464 2564 1510 2595 iv,
1532 2563 1586 2595 22,
1611 2558 1674 2587 etc.
