1867 3320
362 315 501 343 SERMO
533 317 632 354 xiv,
667 318 720 343 nn
752 314 885 343 VERSU
923 306 972 343 14
1007 317 1153 347 PSALMI
1188 324 1242 348 lx.
1402 318 1482 354 ‘295

116 391 200 426 tres
229 381 315 424 mei
332 414 344 436 ‚
384 379 505 440 quod
540 381 661 424 vobis
693 380 916 441 aliquanto
937 381 1106 440 plenius
1126 399 1335 443 exponere
1356 391 1485 448 ipsiu<

114 452 175 496 rei
202 450 465 496 obscuritate
488 448 740 509 compellor.
777 453 945 510 Repeto
966 452 1087 511 quod
1109 453 1194 496 dixi
1217 474 1225 497 ;
1249 473 1270 497 (ι
1295 458 1487 517 Discipli-

116 540 136 563 υ
177 536 277 566 nam
301 520 379 580 qui
399 520 561 578 abjicit,
584 519 733 564 infelix
754 530 843 565 est:
867 539 887 562 »
909 522 992 566 hoc
1013 520 1285 567 manifestum
1303 535 1379 570 est.
1399 529 1490 573 Dis-

114 591 320 653 ciplinam
339 591 524 651 quinon
546 591 649 645 dat,
675 590 862 635 crudelis
884 601 948 636 est
975 612 984 637 ι
1008 601 1136 636 teneo
1158 608 1343 653 prorsus,
1369 606 1492 643 teneo

115 674 158 708 et
179 662 363 707 ostendo
387 661 582 706 feriendo
600 662 737 720 pium,
753 662 970 721 parcendo
987 663 1208 707 crudelem
1223 684 1235 721 3
1253 666 1494 724 exemplum

115 741 218 778 ante
235 732 387 777 oculos
409 747 541 791 pono.
570 732 650 775 Ubi
672 731 845 776 invenio
862 731 1058 777 feriendo
1081 735 1199 793 pium
1216 736 1235 778 P
1252 737 1349 778 Non
1369 751 1420 779 eo
1443 737 1496 780 ad

114 803 236 856 alios,
253 803 306 847 ad
327 812 495 862 patrem
515 810 558 845 et
581 801 718 845 filium
736 817 809 847 eo:
825 812 946 861 pater
966 812 1009 847 et
1030 802 1206 863 quando
1228 803 1342 858 ferit,
1359 815 1492 863 amat3

114 883 158 918 et
179 889 268 917 non
291 873 386 916 vult
414 887 524 931 puer
549 873 658 915 caedi
681 891 690 917 :
715 873 956 917 contemnit
985 873 1254 918 voluntatem
1270 908 1282 928 ‚
1311 876 1495 920 consulit

115 942 171 1001 ad
199 942 446 986 utilitatem.
473 944 649 994 Quare?
673 943 781 995 Quia
812 952 932 1000 pater
955 951 1043 996 est,
1068 944 1170 1002 quia
1201 944 1496 988 haereditatem

113 1023 252 1073 parat,
270 1013 373 1072 quia
395 1027 684 1056 successorem
708 1014 860 1056 nutrit.
876 1016 985 1057 Ecce
1009 1012 1202 1056 feriendo
1223 1014 1319 1072 pius
1340 1024 1400 1056 est
1419 1028 1495 1072 pa-

113 1094 205 1138 ter,
230 1082 427 1128 feriendo
452 1084 692 1127 misericors
714 1094 792 1127 cst.
832 1087 890 1127 Da
914 1084 1019 1127 mihi
1041 1085 1257 1128 hominem
1282 1083 1497 1143 parcendo

112 1154 350 1200 crudelem.
378 1157 476 1198 Non
505 1153 661 1198 recedo
684 1170 706 1197 a
730 1155 944 1212 personis,
980 1170 1050 1198 eos
1088 1155 1199 1213 ipsos
1221 1164 1321 1197 ante
1348 1154 1496 1198 oculos

111 1241 244 1285 pono,
274 1224 356 1269 Sed
385 1240 493 1282 puer
515 1225 758 1282 impunitus
777 1233 820 1267 et
846 1224 1187 1283 indisciplinatus
1210 1225 1243 1266 si
1265 1224 1324 1266 sic
1345 1225 1491 1278 vivat,

111 1305 160 1339 ut
185 1303 356 1353 pereat,
382 1305 423 1337 et
443 1303 565 1352 pater
587 1293 853 1350 dissimulet3
879 1304 998 1352 pater
1021 1302 1186 1352 parcat,
1209 1302 1329 1351 pater
1348 1292 1493 1351 perdi-

110 1375 204 1410 tum
226 1364 364 1408 silium
389 1364 628 1422 disciplinae
651 1364 878 1422 asperitate
899 1363 1122 1407 offendere
1149 1365 1322 1415 timeat,
1349 1377 1494 1405 nonne

111 1434 332 1495 parcendo
355 1434 541 1479 crudelis
560 1435 655 1476 est?
677 1451 696 1474 ι(
722 1434 966 1476 Erudimini
985 1448 1087 1491 crgo
1111 1442 1259 1476 omnes
1284 1432 1359 1491 qui
1379 1431 1498 1491 judi-

112 1518 134 1547 »
169 1506 273 1550 catis
306 1516 465 1549 terram
497 1524 506 1548 2
534 1523 554 1545 »
581 1513 625 1547 et
660 1504 771 1547 bene
798 1503 1037 1562 judicando
1067 1519 1155 1547 non
1190 1517 1213 1546 a
1245 1507 1355 1546 terra·
1388 1516 1496 1560 prae-

109 1577 245 1621 mium
266 1611 277 1631 ‚
304 1576 381 1621 sed
401 1576 455 1620 ab
477 1575 552 1619 illo
570 1582 793 1634 expectate
814 1575 891 1634 qui
913 1574 1015 1619 lecit
1033 1573 1195 1618 coelum
1217 1582 1260 1617 et
1281 1583 1452 1616 terram.

601 1843 837 1893 SERMO.
872 1844 981 1889 XIV
993 1840 1024 1888 ¹.

102 1999 173 2043 -De
202 1999 255 2041 14
287 2009 415 2043 versu
448 1993 606 2038 Psalmi
644 2010 689 2036 ix
719 2011 728 2036 ε
761 1988 1143 2036 Tibc'derelt'ctus
1179 1999 1248 2034 est
1274 2004 1487 2049 pauper,

502 2061 686 2124 pupillo
708 2072 758 2107 ta
782 2063 874 2107 eris
897 2060 1104 2123 adjutor,

184 2212 354 2254 Habitus·
369 2212 605 2264 Carthagine
626 2213 663 2252 in
681 2211 842 2252 basilica
863 2211 1063 2251 Novarum
1079 2240 1088 2256 ‚
1105 2209 1169 2249 dio
1190 2208 1404 2248 dominico.

168 2346 204 2387 I.
238 2344 524 2388 Clivnvimus
545 2342 758 2395 Domino,
783 2350 825 2385 et
847 2339 1029 2383 diximus
1051 2357 1060 2384 ε
1093 2357 1111 2379 «
1139 2337 1234 2380 Tibi
1259 2335 1490 2382 derelictus

112 2433 132 2457 »
167 2422 230 2457 est
253 2428 444 2472 pauper,
474 2411 640 2472 pupillo
667 2412 810 2455 tueris
834 2409 1042 2468 adjutos&
1065 2427 1084 2448 ι»
1110 2414 1358 2460 Quaeramus
1382 2423 1490 2464 pau-

108 2499 255 2544 perem
277 2519 287 2537 ‚
312 2498 559 2542 qumramus
579 2482 807 2542 pupillum.
831 2484 916 2525 Nec
947 2480 1101 2522 mirum
1127 2479 1179 2522 sit
1202 2478 1319 2537 quod
1339 2476 1490 2521 admo-

110 2569 193 2599 neo
224 2563 272 2599 ut
295 2569 541 2614 quaeramus
557 2589 568 2607 ,
595 2569 705 2614 quos
730 2553 788 2596 sic
807 2551 1029 2597 abundare
1050 2551 1268 2594 cernimus
1289 2559 1331 2593 et
1356 2549 1489 2592 senti-

155 2659 162 2676 ¹
193 2652 325 2684 Aliasde
343 2654 498 2693 Tempore
522 2662 592 2684 ιιο.
621 2669 661 2674 -
683 2658 694 2673 ²
712 2650 790 2682 Pani.
810 2662 850 2688 ix,
872 2650 906 2689 ¹4
