1924 3309
430 229 509 268 168
859 238 892 267 s.
930 239 1161 269 AUGUSTINI
1194 241 1375 270 EPISCOPI

427 316 542 360 tura,
568 305 628 349 ibi
651 320 912 365 quaeramus.
935 306 1050 358 Quid
1073 305 1131 348 ait
1152 305 1197 348 in
1220 306 1407 350 Genesi?
1425 309 1516 351 «Et
1539 307 1703 350 factum
1726 317 1804 362 est,

427 396 447 418 >›
483 391 584 420 cum
605 375 777 420 luderet
795 375 950 421 Isma'e'l
971 385 1014 420 et
1036 378 1174 431 Isaac,
1191 375 1298 421 vidit
1317 392 1388 422 eos
1406 377 1606 422 ludentes
1622 381 1651 421 ¹.
1672 379 1808 431 »Quis

423 457 674 509 persecutus
695 449 789 492 est?
809 463 941 507 quem
964 456 1215 507 persecutus
1238 451 1334 492 est?
1361 449 1581 493 Ludentes
1608 464 1680 493 eos
1700 448 1810 494 vidit

424 523 522 566 Sara
540 555 550 575 ,
582 529 624 564 et
658 520 748 564 ait:
780 537 800 560 «
824 519 944 579 Ejice
972 517 1175 562 ancillam
1208 528 1251 563 et
1287 519 1426 564 filium
1454 522 1561 580 ejus,
1589 537 1609 561 »
1635 522 1809 573 Quare?

421 591 532 645 Quia
554 589 662 634 vidit
684 605 754 634 eos
772 588 987 633 ludentes.
1012 588 1097 632 Sed
1120 588 1266 632 lusum
1288 588 1413 633 illum
1430 590 1590 634 Paulus
1612 605 1810 649 persecu-

425 662 588 706 tionem
609 669 735 706 vocat
757 679 765 704 :
787 659 889 720 quia
910 658 1021 702 lusio
1058 658 1133 702 illa
1166 657 1309 704 illusio
1331 668 1437 703 erat.
1465 660 1508 704 Si
1541 659 1685 705 illusio
1703 696 1714 716 ,
1739 676 1808 705 se-

420 731 569 776 ductio
584 741 627 775 et
641 730 840 789 deceptio
862 729 1105 773 est.Omnis
1128 727 1248 773 lusus
1270 745 1507 789 puerorum
1530 730 1808 776 simulacrum

420 812 484 847 est
513 801 674 859 negotii
701 800 872 860 majoris
897 819 905 844 ;
929 808 972 844 et
993 799 1170 859 quando
1194 802 1329 861 major
1352 800 1466 845 ludit
1487 817 1589 846 cum
1611 802 1779 847 minore
1794 837 1805 857 ‚

419 873 540 933 quasi
563 881 612 915 ut
634 872 866 915 seducatur
882 906 893 926 ,
917 871 1054 915 sciens
1075 885 1119 915 se
1140 871 1302 915 habere
1324 871 1498 930 negotia
1520 871 1602 915 alia
1623 888 1723 932 quae
1745 873 1809 916 in-

421 943 558 987 tendit
576 978 586 997 ,
607 951 651 986 et
673 941 848 986 simulat
870 940 1072 1001 quaedam
1095 957 1232 1000 puero
1249 977 1260 997 ,
1285 941 1329 985 id
1348 951 1410 986 est
1429 942 1604 987 infirmo
1620 978 1631 997 ,
1652 942 1808 987 ludens

417 1029 518 1058 cum
538 1012 628 1057 illo.
655 1014 792 1072 Major
817 1022 906 1056 erat
931 1012 1105 1066 Ismaffl,
1132 1021 1175 1055 et
1194 1012 1424 1056 roboratus
1448 1013 1493 1056 in
1516 1011 1705 1057 malitia:
1732 1013 1809 1057 sed

418 1085 571 1128 ludens
600 1098 700 1128 cum
728 1098 864 1142 puero
894 1086 1010 1126 Isaac
1030 1118 1040 1137 ‚
1074 1081 1309 1126 seducebat
1348 1086 1492 1138 Isaac,
1523 1092 1567 1127 et
1598 1084 1807 1144 quasdam

418 1154 590 1198 fraudes
614 1153 795 1198 ludendi
819 1169 919 1197 cum
942 1154 1115 1197 infirmo
1143 1153 1346 1197 iaciebat.
1373 1154 1692 1199 Animadvertit
1714 1169 1808 1198 ma-

419 1236 480 1269 ter
498 1226 641 1269 lusum
665 1224 788 1268 illum
823 1241 910 1268 esse
932 1225 1295 1284 persecutionem.
1321 1225 1388 1270 Sic
1419 1223 1666 1283 intelligens
1707 1227 1806 1270 Sara

418 1305 554 1339 mater
575 1295 721 1339 lusum
740 1295 864 1339 illum
883 1331 893 1350 ⁷
919 1296 1026 1339 dixit
1044 1315 1053 1340 2
1070 1315 1088 1337 «
1108 1296 1224 1354 Ejice
1248 1294 1449 1338 ancillam
1467 1304 1511 1339 et
1533 1295 1671 1339 filium
1691 1297 1780 1355 ejus
1798 1314 1806 1337 :

422 1386 440 1406 »
461 1382 549 1409 non
568 1368 683 1409 enim
701 1367 837 1409 haeres
857 1367 938 1409 erit
959 1366 1074 1409 filius
1088 1365 1255 1409 ancillae
1273 1380 1374 1409 cum
1392 1364 1482 1409 filio
1498 1381 1597 1410 meo
1616 1369 1732 1409 Isaac
1745 1369 1806 1410 ².»

419 1439 475 1480 Et
496 1435 689 1480 Ecclesia
706 1436 810 1479 dicit
830 1455 838 1479 :
856 1437 976 1494 Ejice
994 1438 1176 1479 haereses
1199 1446 1241 1479 et
1264 1436 1374 1479 filios
1391 1451 1564 1480 earum:
1582 1451 1672 1480 non
1694 1436 1809 1480 enim

420 1507 613 1549 haeredes
647 1516 774 1549 erunt
808 1506 999 1549 haeretici
1033 1521 1133 1549 cum
1171 1505 1406 1550 catholicis.
1440 1506 1524 1551 Sed
1546 1521 1681 1566 quare
1719 1521 1809 1550 non

420 1586 550 1620 crunt
567 1577 794 1619 haeredes?
828 1579 982 1620 Nonne
1001 1576 1055 1620 de
1078 1577 1241 1620 semine
1265 1578 1452 1621 Abrahae
1474 1577 1598 1621 nati?
1621 1580 1680 1621 Et
1699 1592 1812 1637 quo-

420 1645 552 1690 modo
577 1646 840 1704 baptismum
865 1647 1066 1690 Ecclesiae
1096 1647 1293 1690 habent?
1322 1647 1590 1706 Baptismum
1612 1648 1779 1691 habent
1800 1666 1808 1691 :

422 1715 641 1759 haeredem
673 1717 833 1759 faceret
865 1731 1012 1759 semen
1041 1717 1251 1771 Abrahae,
1276 1717 1357 1760 nisi
1379 1718 1434 1761 ab
1465 1717 1717 1761 haereditate
1738 1733 1813 1760 su-

423 1786 570 1845 perbia
594 1785 856 1830 excluderet.
892 1786 1058 1830 Eodem
1080 1787 1215 1831 verbo
1238 1788 1444 1838 nasceriS,
1481 1785 1635 1829 eodem
1669 1802 1812 1830 sacra-

423 1865 601 1913 ment03
635 1856 709 1899 sed
743 1856 797 1899 ad
834 1856 1030 1896 eamdem
1064 1853 1362 1898 hsereditatem
1394 1855 1494 1898 vitae
1517 1864 1691 1900 aeternae
1724 1873 1812 1901 non

421 1924 619 1983 pervenis
636 1959 646 1978 ,
688 1924 766 1967 nisi
801 1923 856 1967 ad
894 1923 1129 1967 Ecclesiam
1153 1924 1421 1969 Catholicam
1445 1941 1639 1971 reversus
1661 1926 1807 1971 fueris.

423 1997 486 2038 Ex
504 1994 664 2037 semine
686 1994 873 2037 Abrahae
890 1994 1073 2038 nasceris
1091 2015 1101 2050 3
1122 1994 1194 2038 sed
1220 1994 1333 2039 filius
1356 1995 1524 2039 ancillae
1548 1995 1649 2042 foris
1673 2013 1810 2057 prop-

426 2074 488 2107 ter
505 2063 768 2123 superbiam.

475 2167 483 2182 ¹
503 2162 581 2192 Gen.
603 2171 666 2201 xxi,
685 2171 716 2202 9.
735 2177 775 2182 -
795 2166 806 2182 ²
827 2159 908 2191 ibid.
930 2171 975 2191 io.
