1867 3320
420 282 558 311 SEnMO
591 284 665 321 lx,
701 283 755 310 DE
788 283 928 310 DECEM
959 281 1151 313 cnonms.
1393 278 1475 316 253

102 357 275 409 ceptum
297 347 429 404 violo,
453 348 532 393 ubi
554 348 720 394 dictum
738 357 801 393 est
821 368 830 394 :
852 367 873 392 «
892 351 990 395 Non
1005 350 1281 409 concupisces
1302 368 1478 399 uxorem

103 437 123 461 »
157 418 340 478 proximi
361 418 468 462 tui1.
497 436 519 460 »
544 419 627 472 Qui
659 419 714 464 ad
742 419 962 479 publicam
985 420 1119 475 vado,
1143 420 1189 464 in
1225 423 1344 481 quod
1364 439 1479 483 prae-

101 499 276 550 ceptum
297 490 505 535 incurro?
527 492 626 536 Non
647 491 893 536 invenimus
915 491 1122 536 chordam
1137 526 1148 547 ,
1174 508 1305 551 quam
1327 503 1480 553 tanga-

101 562 226 605 mus?
247 575 336 605 non
357 561 603 605 invenimus
620 561 855 606 chordam?
872 564 970 615 Quo
983 577 1117 606 nervo
1131 561 1312 619 ligemus
1329 562 1482 622 fugiti-

101 645 203 675 vum
225 630 383 675 istum²
402 632 420 674 i>
441 633 539 676 Non
561 629 715 690 fugiat,
740 631 874 676 habet
890 632 1008 676 unde
1024 631 1184 691 ligetur
1209 647 1218 672 :
1246 632 1320 676 sed
1343 642 1479 687 amet,

102 710 145 746 et
165 716 254 746 non
269 701 350 745 erit
369 700 672 760 ligamentum,
691 701 768 746 sed
784 711 1105 747 ornamentum.
1124 704 1223 748 Non
1244 703 1361 746 enim
1382 701 1483 761 liga-

103 780 322 826 mentum,
342 772 418 815 sed
440 780 744 816 ornamentum
765 772 811 815 in
832 772 932 832 ipsis
950 773 1099 816 decem
1122 771 1295 816 chordis
1316 772 1485 816 inveni-

102 857 214 886 mus.
234 844 393 886 Decem
417 842 532 885 enim
553 851 769 901 praecepta
791 841 847 886 ad
869 842 958 887 duo
980 841 1054 887 illa
1072 842 1338 897 referuntur,
1360 843 1486 887 sicuti

104 911 346 956 audivimus
362 946 373 967 ,
398 921 449 956 ut
468 912 698 970 diligamus
717 915 855 956 Deum
878 922 922 956 et
943 914 1190 971 proximum
1210 932 1220 958 ι
1245 922 1286 957 et
1300 913 1397 970 ‘duo
1415 912 1487 956 illa

105 981 160 1026 ad
181 997 319 1026 unum
341 980 465 1025 illud.
493 983 639 1026 Unum
662 990 724 1025 est
746 991 908 1036 autem,
932 981 1060 1035 Quod
1087 982 1161 1026 tibi
1181 983 1274 1026 fieri
1296 998 1385 1027 non
1406 983 1484 1037 vis,

106 1052 177 1096 alii
208 1067 263 1096 ne
292 1050 456 1102 feceris,
491 1052 558 1095 Ibi
590 1053 871 1098 continentur
902 1052 1082 1108 decem,
1118 1052 1179 1096 ibi
1209 1053 1488 1098 continentur

107 1122 210 1166 duo.

163 1193 260 1235 XV.
287 1191 372 1236 Sed
403 1191 531 1247 dicis,
558 1195 743 1235 Furtum
782 1193 817 1236 si
845 1191 1024 1247 faciam,
1049 1191 1093 1236 id
1116 1190 1227 1236 facio
1260 1191 1380 1252 quod
1402 1194 1490 1251 pati

107 1261 210 1306 nolo
236 1280 245 1305 ε
272 1261 305 1304 si
328 1260 540 1316 occidam,
566 1260 610 1304 id
646 1260 756 1306 facio
784 1261 906 1321 quod
934 1262 988 1304 ab
1011 1260 1145 1305 altero
1178 1262 1265 1320 pati
1300 1261 1402 1306 nolo
1425 1281 1432 1306 :
1457 1262 1491 1305 si

107 1331 358 1390 parentibus
377 1331 481 1374 meis
504 1331 713 1375 honorem
738 1346 828 1375 non
849 1330 1041 1374 deferam
1062 1366 1073 1385 ,
1098 1330 1275 1390 quando
1313 1330 1412 1376 volo
1443 1340 1493 1376 ut

108 1401 328 1446 deferatur
363 1401 469 1444 mihi
495 1417 517 1444 a
535 1400 632 1444 filiis
655 1401 785 1455 meis,
811 1401 856 1444 id
891 1400 1002 1444 facio
1030 1400 1149 1460 quod
1175 1403 1264 1460 pati
1297 1401 1399 1447 nolo
1427 1421 1435 1445 :
1460 1402 1493 1444 si

110 1473 189 1517 sini
202 1473 401 1516 moechus
419 1481 461 1516 et
476 1471 641 1530 aliquid
657 1470 740 1515 tale
752 1471 920 1525 moliar,
940 1470 983 1514 id
998 1471 1110 1516 facio
1127 1472 1246 1531 quod
1263 1472 1490 1531 patin0103

112 1557 212 1586 nam
234 1542 268 1586 si
290 1543 385 1602 quis
402 1542 708 1598 interrogetur,
727 1540 847 1595 dicit,
867 1540 978 1585 Nolo
999 1550 1045 1584 ut
1061 1557 1168 1585 uxor
1189 1557 1283 1585 mea
1306 1542 1391 1586 tale
1414 1541 1494 1585 ali-

112 1612 219 1674 quid
234 1612 366 1657 faciat
386 1631 395 1657 :
412 1612 446 1656 si
463 1612 723 1671 concupisco
738 1626 915 1656 uxorem
927 1612 1109 1670 proximi
1132 1614 1214 1656 mei
1232 1647 1242 1666 ,
1260 1612 1360 1657 nolo
1378 1614 1495 1672 quis-

113 1688 245 1743 qu‘am
280 1682 556 1742 concupiscat
589 1697 729 1726 meam
749 1703 760 1739 3
796 1681 842 1725 id
872 1680 983 1726 facio
1021 1681 1141 1741 quod
1178 1683 1267 1739 pati
1302 1682 1403 1726 nolo
1431 1702 1438 1726 :
1463 1683 1496 1726 si

114 1753 371 1812 concupisco
393 1767 482 1796 rem
501 1752 685 1811 proximi
723 1751 808 1794 mei
824 1786 834 1806 ,
861 1751 963 1795 nolo
986 1760 1037 1795 ut
1059 1751 1280 1795 auferatur
1302 1768 1420 1809 mea,
1455 1752 1497 1796 id

115 1822 226 1867 facio
245 1822 365 1881 quod
395 1823 484 1880 pati
512 1822 615 1865 nolo
643 1836 651 1861 τ
677 1835 777 1864 cum
819 1835 920 1865 vero
950 1821 1004 1864 ad
1034 1823 1302 1866 meretricem
1325 1838 1397 1878 eo,
1427 1824 1497 1867 eui

116 1893 228 1938 facio
249 1891 370 1952 quod
391 1891 480 1949 pati
501 1890 635 1934 nolo?
657 1890 787 1943 Quod
808 1891 978 1948 gravius
997 1900 1081 1945 est,
1108 1891 1187 1949 ipsi
1206 1895 1308 1936 Deo.
1333 1893 1499 1937 Intelli-

119 1972 190 2022 gat
214 1961 424 2007 Sanctitas
445 1963 612 2004 Vestra.
639 1960 827 2014 Etenim,
853 1959 978 2012 Quod
1001 1960 1091 2003 fieri
1118 1961 1194 2004 tibi
1218 1977 1305 2006 non
1328 1964 1405 2017 vis,
1427 1965 1498 2007 alii

118 2048 173 2078 ne
189 2034 341 2077 feceris
356 2066 367 2086 ‚
394 2031 448 2075 ad
470 2030 559 2075 duo
582 2039 799 2089 praecepta
827 2030 1029 2088 pertinet.
1051 2031 1281 2082 Quomodo
1315 2034 1500 2090 pertinet

120 2102 174 2147 ad
194 2102 283 2147 duo
304 2103 551 2161 praecepta?
582 2101 624 2145 Si
646 2101 811 2163 homini
842 2115 929 2144 non
967 2099 1117 2143 feceris
1154 2103 1272 2160 quod
1302 2104 1387 2160 pati
1412 2118 1500 2147 non

121 2174 182 2220 vis
199 2174 254 2218 ab
275 2174 451 2218 homine
470 2208 481 2227 ,
518 2172 573 2216 ad
595 2172 776 2231 proximi
814 2180 1078 2230 praeceptum
1112 2173 1322 2230 pertinet,
1349 2173 1402 2216 ad
1430 2173 1500 2216 di·-

123 2243 351 2288 lectionem
383 2242 593 2302 proximi,
634 2242 689 2285 ad
715 2250 879 2300 septem
909 2240 1089 2284 chordas
1116 2260 1123 2285 :
1150 2242 1181 2283 si
1205 2251 1349 2285 autem
1381 2243 1500 2302 quod

125 2329 211 2358 non
236 2315 299 2358 vis
317 2314 405 2372 pati
424 2314 478 2356 ab
496 2314 672 2357 homine
688 2347 698 2367 ,
720 2312 798 2371 ipsi
818 2315 906 2355 Deo
926 2311 986 2354 vis
1007 2310 1160 2364 faeere,
1187 2312 1292 2371 quid
1311 2322 1373 2356 est
1393 2315 1500 2356 hoe?

127 2400 216 2428 non
237 2383 339 2428 sacis
363 2383 484 2427 alteri
507 2382 625 2443 quod
651 2383 735 2441 pati
770 2397 854 2425 non
882 2382 939 2424 vis
954 2384 970 2423 ’ἰ
994 2382 1141 2424 Carior
1176 2382 1251 2424 tibi
1276 2382 1411 2426 fitetur<
1441 2393 1502 2426 ost

187 2497 194 2513 ¹
218 2492 314 2523 Exod.
342 2500 395 2529 xx,
428 2500 476 2530 17.
498 2505 538 2512 -
560 2496 571 2513 ²
590 2489 666 2521 eod.
694 2491 783 2521 Cass.
805 2499 838 2527 u,
858 2488 913 2518 101.
941 2497 998 2518 η’)
1022 2499 1026 2516 ;
1046 2500 1059 2513 ιτ
1081 2492 1148 2524 Quo
1166 2500 1298 2520 sermm
1319 2489 1408 2520 istm..
1425 2489 1502 2522 tm·-

130 2547 222 2578 mus'!
240 2563 279 2570 -—
301 2545 314 2570 ³
332 2546 410 2578 Tol».
431 2556 478 2587 iv,
503 2546 549 2578 16.
