1924 3309
494 247 575 286 348
955 259 987 288 3,
1026 260 1252 289 Anous‘rlm
1285 262 1462 290 mnscom

489 339 623 385 quam
652 340 739 369 non
762 325 893 370 videt.
927 328 1040 370 Ecce
1067 325 1232 386 aliquid
1261 326 1374 372 dico.
1412 326 1526 380 Quid
1566 326 1639 369 tibi
1670 325 1876 370 videtur?

492 394 599 440 fides
624 405 854 455 argentum
876 398 971 440 est?
994 412 1148 440 aurum
1171 399 1266 440 est?
1283 412 1488 441 nummus
1511 397 1602 440 est?
1624 411 1756 456 pecus
1781 398 1877 440 est?

491 475 603 511 terra
621 468 717 511 est?
739 466 901 511 coelum
921 475 982 510 est
999 468 1016 510 P
1038 465 1156 511 Nihil
1176 467 1330 510 horum
1351 476 1440 521 est,
1467 475 1511 510 et
1531 475 1680 510 tamen
1713 466 1879 527 aliquid

490 547 567 582 est.
600 540 697 584 Non
729 547 899 582 tantum
936 536 1103 596 aliquid
1133 547 1225 593 est,
1255 537 1329 582 sed
1364 552 1574 596 magnum
1609 546 1673 581 est
1696 535 1875 597 aliquid.

491 610 671 653 Interim
687 625 775 653 non
796 609 953 669 loquor
975 608 1029 652 de
1047 608 1133 653 fide
1154 608 1227 653 illa
1253 609 1475 668 superiore
1491 643 1502 663 ‚
1533 624 1619 667 qua
1642 607 1782 652 fidelis
1803 624 1872 653 vo-

490 681 623 735 caris,
660 680 867 725 accedens
900 679 954 724 ad
977 695 1169 724 mensam
1193 681 1366 724 Domini
1400 681 1490 735 tui,
1526 679 1793 739 respondens
1829 695 1880 723 ex

489 750 577 795 fide
595 751 725 794 verba
748 749 871 794 fidei:
888 750 1061 793 interim
1084 752 1195 795 hanc
1218 751 1454 796 submoveo
1477 750 1708 810 paulisper.
1730 753 1793 794 De
1806 749 1878 794 illa

489 821 575 865 fide
610 821 786 881 loquar,
823 837 923 881 quae
951 821 1086 881 vulgo
1116 822 1243 866 etiam
1278 822 1385 866 fides
1421 822 1580 866 dicitur
1602 841 1611 866 :
1637 837 1726 866 non
1748 836 1880 881 quam

488 905 690 948 'magnam
720 891 799 935 tibi
832 891 1020 950 imperat
1052 896 1165 936 Deus
1198 902 1298 937 tuus
1317 928 1327 948 ‚
1364 892 1440 937 sed
1473 907 1605 953 quam
1628 901 1677 936 tu
1699 891 1829 950 exigis
1857 906 1880 935 a

489 977 611 1006 servo
634 971 726 1006 tuo.
755 965 898 1021 Ipsam
917 963 1015 1008 dico
1033 999 1043 1017 ‚
1069 964 1169 1023 quia
1194 973 1236 1007 et
1259 965 1394 1022 ipsam
1412 964 1596 1023 imperat
1618 962 1698 1006 tibi
1728 962 1878 1006 Domi—

489 1048 571 1076 nus
593 1042 710 1088 tuus,
736 1049 790 1077 ne
808 1034 1013 1093 cuiquam
1038 1034 1240 1079 fraudem
1262 1034 1408 1090 facias,
1434 1034 1566 1078 fidem
1585 1049 1724 1078 serves
1742 1034 1787 1077 in
1809 1048 1879 1076 ne-

489 1105 635 1162 gotio,
678 1104 807 1148 fidem
838 1120 978 1149 serves
1012 1107 1134 1150 uxori
1171 1107 1217 1150 in
1249 1106 1379 1151 lecto.
1407 1109 1464 1150 Et
1498 1107 1611 1150 hanc
1645 1105 1726 1149 tibi
1749 1104 1879 1149 fidem

487 1175 671 1234 imperat
694 1179 806 1219 Deus
832 1185 944 1220 tuus.
972 1176 1087 1229 Quid
1120 1187 1183 1221 est
1222 1177 1328 1221 fides
1362 1178 1475 1221 ista?
1508 1179 1636 1222 Certe
1673 1192 1766 1220 cam
1792 1191 1881 1219 non

487 1244 607 1290 vides
630 1265 638 1290 ε
665 1246 698 1289 si
722 1262 810 1290 non
839 1246 975 1302 vides,
1000 1263 1135 1307 quare
1156 1247 1335 1306 quando
1357 1248 1436 1292 tibi
1458 1246 1673 1305 frangitur
1695 1245 1883 1290 clamas?

488 1316 689 1362 Clamore
726 1327 804 1362 tuo
827 1318 1041 1362 convinco
1074 1319 1195 1378 quod
1225 1319 1385 1363 videas.
1408 1319 1619 1363 Dicebas:
1651 1317 1882 1370 Quomodo

490 1404 645 1432 aurum
681 1392 769 1433 Deo
804 1392 1045 1449 praepono?
1068 1406 1224 1434 aurum
1248 1389 1375 1434 video
1393 1426 1403 1444 ,
1431 1393 1568 1434 Deum
1605 1405 1694 1433 non
1732 1389 1877 1434 video.

489 1461 603 1502 Ecce
625 1475 780 1504 aurum
798 1459 916 1504 vides
933 1495 943 1514 ‚
966 1460 1098 1504 fidem
1119 1475 1207 1504 non
1229 1460 1363 1505 vides.
1392 1464 1459 1504 An
1487 1459 1608 1520 quod
1627 1460 1767 1503 verius
1787 1469 1850 1502 est
1869 1493 1879 1512 ‚

491 1527 623 1572 fidem
645 1529 792 1586 vides3
820 1529 901 1573 sed·
917 1531 1095 1589 quando
1126 1531 1283 1589 exigis,
1309 1530 1428 1575 vides
1447 1529 1565 1574 illam
1587 1552 1597 1586 3
1626 1529 1804 1589 quando
1829 1530 1883 1572 de

490 1607 533 1642 te
555 1599 742 1657 exigitur
758 1635 768 1653 ,
797 1615 885 1643 non
908 1601 971 1643 vis
1000 1614 1093 1643 eam
1126 1601 1301 1644 videre?
1323 1601 1494 1659 Apertis
1524 1600 1660 1644 oculis
1684 1600 1842 1644 clamas
1872 1618 1881 1643 z

491 1668 644 1712 Redde
661 1670 790 1713 fidem
815 1685 946 1728 quam
966 1670 1222 1728 promisisti:
1241 1671 1394 1714 clausis
1414 1671 1550 1715 oculis
1567 1670 1726 1714 clamas
1744 1667 1885 1715 :Nihil

492 1738 573 1781 tibi
590 1739 784 1797 promisi.
808 1742 859 1781 In
879 1747 1069 1797 utroque
1091 1738 1241 1782 oculos
1260 1740 1393 1797 aperi.
1413 1741 1570 1799 Inique
1586 1775 1596 1794 ,
1623 1739 1711 1784 noli
1734 1738 1882 1792 fidem,

494 1807 569 1852 sed
586 1810 722 1868 ipsam
744 1808 1018 1868 iniquitatem
1042 1807 1222 1867 perdere
1244 1828 1253 1852 ε
1279 1807 1398 1868 quod
1420 1808 1550 1866 exigis
1568 1810 1717 1854 redde.

551 1882 628 1923 Vl.
657 1882 838 1924 Servum
863 1889 989 1922 tuum
1012 1878 1413 1922 manumittendum
1437 1893 1570 1922 manu
1592 1879 1717 1923 ducis
1738 1880 1784 1921 in
1816 1894 1885 1924 ec—

493 1950 683 1994 clesiam.
712 1949 782 1993 Fit
803 1949 1046 2003 silentium,
1072 1947 1245 1992 libellus
1267 1957 1368 1992 tuus
1390 1950 1595 1993 recitatur
1611 1984 1623 2003 ,
1645 1958 1721 1993 aut
1738 1949 1788 1992 fit
1805 1949 1884 1993 (16--

496 2020 639 2064 siderii
661 2020 726 2063 tui
743 2019 1003 2078 prosecutio.
1032 2019 1143 2062 Dicis
1166 2028 1209 2062 te
1231 2034 1404 2064 servum
1427 2019 1735 2064 manumittere
1762 2023 1854 2077 (11)
1871 2055 1882 2075 ,

496 2091 617 2152 quod
640 2091 721 2135 tibi
744 2091 789 2134 in
812 2089 1017 2134 omnibus
1051 2091 1283 2133 servaverit
1308 2089 1454 2133 fidem.
1483 2093 1576 2134 Hoc
1611 2090 1777 2148 diligis,
1804 2092 1885 2135 hoc

498 2164 706 2217 honoras,
737 2162 821 2205 hoc
859 2160 993 2205 donas
1028 2160 1208 2219 praemio
1246 2160 1453 2204 libertatis
1482 2178 1489 2201 :
1526 2160 1742 2221 quidquid
1765 2171 1885 2219 potes

497 2233 600 2277 facis
618 2254 629 2290 3
650 2231 753 2276 facis
776 2231 961 2275 liberum
978 2266 988 2284 ‚
1011 2231 1112 2290 quia
1136 2245 1224 2274 non
1248 2239 1369 2289 potes
1394 2231 1534 2274 facere
1552 2231 1880 2290 sempiternum.

498 2307 611 2348 Deus
629 2313 729 2348 tuus
751 2302 910 2347 clamat
931 2301 985 2346 ad
1010 2311 1050 2345 te
1066 2336 1077 2355 ,
1099 2310 1142 2345 et
1164 2302 1208 2344 in
1231 2317 1355 2345 servo
1379 2311 1452 2345 tuo
1476 2302 1696 2345 convincit
1720 2311 1759 2345 te
1785 2321 1793 2346 2
1816 2302 1884 2344 di-

498 2374 557 2418 cit
582 2373 659 2418 tibi
686 2374 730 2416 in
751 2374 883 2417 corde
912 2381 988 2416 tuo
1012 2391 1020 2415 ε
1048 2372 1218 2415 Duxisti
1242 2387 1414 2415 servum
1437 2380 1563 2415 tuum
1589 2371 1642 2414 de
1665 2370 1795 2415 domo
1811 2379 1884 2415 tua

498 2443 761 2488 adfdomum
790 2458 930 2487 meam
950 2463 960 2498 3
985 2442 1047 2486 vis
1074 2456 1173 2485 eum
1201 2440 1255 2485 de
1278 2441 1410 2485 domo
1433 2456 1527 2485 mea
1549 2440 1736 2485 liberum
1759 2455 1883 2485 revo-

498 2530 595 2558 care
611 2515 656 2558 in
674 2514 856 2559 domum
878 2523 1020 2558 tuam:
1043 2521 1091 2556 tu
1113 2527 1245 2572 quare
1264 2512 1376 2556 male
1393 2512 1522 2556 servis
1543 2511 1588 2555 in
1606 2511 1738 2556 domo
1761 2514 1884 2555 mea?

498 2588 581 2627 Das
602 2584 661 2629 illi
686 2585 792 2644 quid
819 2594 964 2644 potcs3
985 2583 1192 2643 promitto
1215 2582 1293 2627 tibi
1324 2582 1443 2642 quod
1467 2597 1637 2641 possum
1668 2601 1675 2626 :
1708 2591 1753 2626 tu
1780 2581 1882 2625 facis
