1924 3309
382 283 466 325 494
803 294 837 322 s.
872 293 1105 325 Aueusrrm
1138 296 1321 324 Emscorr

379 363 490 418 cies,
527 377 617 407 non
641 359 716 406 illa
745 376 858 407 vana
895 363 1046 422 gratia.
1085 362 1262 421 Sapiens
1289 361 1447 407 mulier
1469 361 1762 408 benedicitur.

380 451 402 476 «
438 433 654 478 Timorem
676 442 823 478 autem
840 434 1013 478 Domini
1030 434 1122 493 ipsa
1141 432 1378 479 collaudat.
1408 451 1428 476 »
1446 436 1545 494 Ipsa
1561 449 1662 494 quae
1682 433 1767 479 be-

376 505 617 560 nedicitur,
644 503 867 549 collaudat
900 504 1066 564 aliquid
1095 503 1214 550 unde
1237 504 1524 550 benedicatur
1539 540 1551 562 ,
1573 505 1678 566 quia
1699 520 1769 550 sa—

374 575 497 635 piens
518 584 596 621 est.
617 575 731 629 Quid
743 575 995 620 collaudat?
1010 575 1229 620 Timorem
1246 576 1438 632 Domini,
1452 590 1542 637 quo
1555 576 1769 637 perducta

377 654 442 691 est
463 645 518 690 ad
545 646 818 706 sapientiam.
848 664 869 688 «
901 645 1081 690 Initium
1102 646 1221 690 enim
1242 646 1465 707 sapientiae
1482 681 1494 703 ‚
1530 647 1661 692 timor
1682 650 1769 692 Do-

379 733 401 758 »
436 716 569 762 mini¹
596 733 607 762 2
633 717 850 762 Timorem
881 725 1030 760 autem
1061 716 1236 761 Domini
1259 717 1353 777 ipsa
1373 716 1654 763 collaudat.»
1686 721 1771 762 La-

377 787 550 832 boriosa
574 796 641 833 tot
659 787 884 843 noctibus,
910 787 1024 832 inter
1056 795 1122 832 tot
1141 788 1344 833 scandala
1364 788 1554 848 patiens,
1588 787 1771 848 provida

378 857 433 902 ad
454 858 773 918 expectandum
790 891 806 913 ,
826 855 950 902 fortis
972 857 1027 902 ad
1049 856 1351 914 tolerandum,
1376 859 1656 911 constansad
1674 873 1771 919 per-

376 929 667 974 severandum
683 949 695 988 3
711 928 936 975 laboribus
951 928 1106 985 finitis,
1132 932 1271 975 «Date
1293 929 1358 974 illi
1379 929 1434 974 de
1452 928 1668 976 fructibus
1683 944 1772 974 ma-

380 1017 402 1041 »
436 1015 578 1045 nuum
598 1015 776 1045 suarum
789 1003 822 1044 ².
851 1018 872 1041 >›
897 1000 1014 1053 Quid
1028 1034 1040 1055 ‚
1072 999 1204 1044 date?
1225 1000 1418 1045 «Venite
1439 1000 1660 1046 benedicti
1686 1003 1771 1045 Pa—

379 1089 401 1112 »
436 1072 512 1116 tris
530 1072 619 1116 mei
634 1073 668 1116 3.
695 1074 802 1116 Date
818 1070 882 1115 illi
904 1071 959 1116 de
976 1071 1195 1116 fructibus
1217 1086 1430 1116 manuum
1454 1073 1561 1133 ejus.
1592 1090 1612 1114 »
1635 1070 1769 1127 Quid,

377 1141 512 1186 date?
547 1161 567 1184 «
589 1142 801 1201 Percipite
819 1157 1004 1201 regnum
1021 1142 1142 1203 quod
1162 1143 1286 1188 vobis
1309 1152 1508 1202 paratum
1529 1152 1594 1188 est
1614 1143 1671 1187 ab
1688 1142 1773 1187 ori-

381 1231 402 1254 »
437 1214 537 1272 gine
559 1213 729 1257 mundi.
751 1232 770 1255 »
796 1215 911 1258 Ecce
933 1214 1042 1274 quid
1073 1232 1093 1255 «
1118 1213 1235 1258 date.
1260 1231 1280 1255 »
1303 1217 1365 1259 De
1390 1214 1552 1275 quibus
1578 1232 1598 1256 «
1618 1213 1773 1258 fructi-

380 1302 402 1326 »
436 1285 519 1329 bus
542 1300 756 1329 manuum
787 1286 916 1344 ejus?
947 1305 964 1326 »
993 1285 1165 1330 Esurivi
1194 1286 1335 1341 enim,
1367 1294 1410 1329 et
1448 1285 1629 1330 dedistis
1664 1284 1773 1329 mihi

380 1374 401 1397 »
437 1355 703 1400 manducare
717 1356 749 1399 ⁴.
772 1359 880 1400 Date
902 1355 965 1399 illi
986 1356 1041 1400 de
1056 1355 1273 1401 fructibus
1295 1371 1506 1401 manuum
1529 1357 1636 1417 ejus.
1659 1374 1681 1398 »

435 1428 578 1471 XXX.
606 1429 664 1471 Et
687 1427 809 1486 quod
830 1426 894 1470 illi
915 1425 1075 1480 deinde
1103 1427 1328 1485 negotium
1351 1427 1433 1472 erit
1450 1461 1461 1482 ,
1493 1427 1625 1472 finitis
1645 1426 1772 1472 labo-

379 1496 532 1541 ribus?
556 1515 578 1540 «
603 1499 660 1541 Et
681 1496 888 1541 laudetur
909 1497 954 1541 in
976 1497 1112 1556 portis
1133 1497 1197 1542 vir
1217 1498 1324 1558 ejus.
1353 1516 1373 1539 »
1398 1500 1494 1557 Ipse
1517 1497 1598 1541 erit
1620 1506 1772 1557 portus

380 1567 581 1612 laborum
598 1576 864 1623 nostrorum,
888 1566 1036 1612 videre
1058 1570 1215 1623 Deum,
1240 1577 1285 1612 et
1304 1567 1484 1613 laudare
1506 1570 1774 1614 Deum.Non

380 1640 440 1683 ibi
460 1639 629 1685 dicetur
652 1659 660 1684 :
689 1641 847 1699 Surge,
872 1638 1049 1694 labora,
1073 1640 1182 1684 vesti
1199 1654 1344 1684 servos
1359 1675 1371 1695 ,
1396 1640 1505 1685 vesti
1534 1649 1578 1684 te
1605 1641 1742 1699 ipsam
1758 1673 1770 1695 ,

381 1725 533 1755 ornare
555 1726 750 1771 purpura
766 1745 778 1766 ,
803 1709 859 1754 da
877 1725 994 1755 escas
1011 1708 1185 1754 famulis
1198 1745 1212 1764 ,
1234 1709 1410 1754 attende
1427 1726 1483 1755 ne
1500 1709 1678 1754 lucerna
1696 1725 1773 1754 ex-

381 1782 630 1840 tinguatur,
655 1780 839 1825 sollicita
868 1790 986 1835 esto,
1022 1795 1150 1839 surge
1178 1779 1233 1824 de
1257 1780 1485 1836 noctibus,
1514 1782 1634 1840 aperi
1663 1795 1774 1840 pau-

383 1852 474 1911 peri
502 1867 703 1906 manum,
736 1851 883 1910 trajice
910 1849 964 1894 de
994 1850 1092 1895 colo
1119 1850 1165 1893 in
1183 1848 1345 1893 fusum.
1375 1853 1471 1895 Non
1492 1860 1622 1894 erunt
1643 1865 1774 1909 opera

383 1922 648 1966 necessitatis
664 1955 675 1976 ‚
711 1921 785 1964 ubi
805 1919 926 1963 nulla
957 1919 1201 1962 necessitas.
1222 1921 1321 1964 Non
1337 1928 1466 1963 erunt
1488 1932 1618 1979 opera
1642 1920 1772 1964 mise-

384 1991 580 2036 ricordiae
600 2026 610 2046 ‚
636 1991 713 2035 ubi
731 1989 854 2034 nulla
877 1989 1064 2033 miseria.
1085 1991 1181 2034 Non
1206 1987 1367 2047 frangis
1389 2004 1547 2048 panem
1566 1990 1769 2049 pauperi,

383 2063 460 2107 ubi
478 2077 607 2106 nemo
630 2060 864 2105 mendicat.
885 2062 984 2105 Non
1006 2058 1184 2118 suscipis
1208 2059 1484 2118 peregrinum
1498 2093 1509 2115 ,
1529 2060 1606 2104 ubi
1625 2074 1773 2104 omnes

388 2134 433 2177 in
456 2133 594 2192 patria
614 2147 690 2177 sua
714 2131 884 2176 vivunt.
910 2132 1008 2175 Non
1027 2129 1172 2174 visitas
1197 2144 1383 2188 aegrum,
1403 2130 1480 2173 ubi
1495 2144 1645 2174 omnes
1671 2145 1774 2190 per-

385 2213 520 2263 petuo
549 2202 640 2247 sani
666 2211 785 2246 sunt.
816 2203 915 2247 Non
943 2199 1072 2245 vestis
1100 2199 1271 2244 nudum
1288 2234 1299 2255 ,
1328 2200 1406 2244 ubi
1435 2215 1584 2245 omnes
1612 2210 1773 2246 aeterna

385 2274 484 2319 luce
508 2274 651 2320 vestiti
677 2282 794 2317 sunt.
829 2274 927 2318 Non
954 2270 1108 2331 sepelis
1130 2281 1380 2327 mortuum,
1406 2271 1482 2315 ubi
1514 2287 1664 2316 omnes
1682 2273 1773 2316 sine

387 2345 573 2389 termino
598 2345 767 2389 vivunt.
802 2345 890 2388 Nec
918 2351 1065 2386 tamen
1092 2341 1173 2386 ista
1201 2357 1291 2386 non
1322 2357 1480 2401 agens,
1512 2341 1622 2386 nihil
1643 2343 1733 2402 agis
1760 2361 1769 2387 :

387 2417 553 2461 videbis
578 2415 695 2460 enim
716 2429 848 2474 quem
869 2412 1143 2469 desiderasti,
1166 2423 1209 2458 et
1229 2414 1320 2458 sine
1349 2413 1527 2459 defectu
1554 2413 1770 2459 laudabis.

437 2537 444 2552 ¹
469 2530 548 2562 Psal.
568 2539 622 2570 cx,
653 2540 704 2562 ιο.
725 2545 768 2553 --
788 2535 800 2551 ²
825 2531 917 2561 Prov.
952 2538 1041 2567 xxxx,
1072 2528 1124 2560 31.
1161 2528 1239 2560 Cod.
1268 2531 1354 2561 Cass.
1386 2540 1446 2569 vn,
1464 2528 1522 2560 fol.
1550 2528 1637 2562 380:
1660 2531 1773 2561 «Date

388 2586 430 2618 illi
443 2586 483 2618 de
500 2585 655 2618 fructibus
672 2595 820 2618 manuum
834 2595 972 2616 suarum.
992 2584 1094 2625 Facit,
1113 2583 1205 2625 digna
1224 2588 1273 2615 est
1286 2583 1443 2626 recipere.
1462 2587 1544 2617 Date
1559 2585 1603 2616 illi
1620 2584 1661 2616 de
1679 2584 1770 2617 sme-

388 2641 472 2675 tibus
489 2651 637 2676 manuum
650 2651 794 2683 suarum,
814 2639 901 2684 quid,
920 2639 1024 2672 date?
1040 2651 1057 2668 »
1075 2655 1116 2662 —
1145 2637 1291 2673 3Matth.
1312 2650 1387 2681 xxv,
1402 2638 1457 2682 34.
1475 2656 1517 2664 --
1534 2638 1550 2670 4
1568 2639 1650 2673 Ibid.
1670 2639 1723 2673 35.
