1924 3309
413 209 497 249 446
850 216 884 246 S·
920 215 1150 247 Anaus'rml
1182 220 1363 248 Errseom

411 293 510 329 cant
520 284 628 344 quid
641 283 844 339 habeant,
856 283 976 343 quod
992 299 1070 328 nos
1083 283 1467 329 commemorando
1481 285 1790 331 erubescimus.

413 373 433 396 «
468 353 588 398 Filiae
613 370 762 398 eorum
786 364 949 399 ornatae
970 363 1071 398 sunt
1093 354 1204 396 sicut
1231 354 1471 399 similitudo
1503 354 1670 415 templi.
1691 356 1795 401 Cel-

413 442 432 465 »
467 423 573 467 laria
601 440 753 468 eorum
775 425 927 484 plena,
953 423 1192 467 eructantia
1214 438 1267 466 ex
1299 425 1383 469 hoc
1404 426 1450 469 in
1472 426 1597 470 hoc1.
1627 444 1647 467 »
1672 428 1795 479 Quo-

408 494 542 539 modo
571 493 754 539 dicimus
775 495 829 538 de
866 493 1190 539 abundantibus
1217 511 1227 537 2
1249 496 1347 538 Non
1369 495 1502 540 habet
1527 496 1606 540 ubi
1637 506 1793 555 ponat,

409 566 544 609 nescit
577 566 684 625 quid
705 566 878 610 habeat.
905 562 1117 622 Impletur
1135 578 1273 606 unum
1293 563 1540 621 cellarium,
1565 575 1609 610 et
1631 567 1797 611 redun-

409 634 516 679 dant
537 633 705 680 fructus
724 654 733 680 :
754 632 1001 678 redundant
1017 633 1322 691 possessiones,
1338 642 1540 678 eructant
1557 635 1731 681 cellaria
1745 651 1797 681 ex

408 705 491 749 hoc
514 705 559 748 in
579 705 680 749 hoc.

467 778 627 819 XXVI.
658 794 677 817 «
703 777 813 819 Oves
835 788 986 818 eorum
1001 771 1248 828 foecundae,
1271 772 1611 833 multiplicantes
1631 775 1678 818 in
1701 776 1797 819 exi-

410 863 430 886 »
466 846 581 890 tibus
602 846 703 889 suis.
726 864 744 886 ι)
772 848 943 888 Intrant
961 859 1139 902 paueae3
1160 843 1360 902 pariunt,
1383 852 1426 887 et
1440 853 1601 888 exeunt
1617 845 1794 891 multae:

409 934 430 958 «
463 915 804 975 Multiplicantes
826 916 870 958 in
888 915 1072 958 exitibus
1096 914 1199 957 suis.
1218 932 1237 955 »
1259 916 1388 958 Anno
1405 915 1547 973 priore
1569 923 1636 958 tot
1656 924 1795 971 erant,

405 985 490 1029 hoe
519 1002 635 1030 anno
658 994 724 1030 tot
741 994 858 1029 sunt.
891 984 1121 1028 Gaudetur
1143 992 1187 1027 et
1208 983 1457 1041 exultatur3
1482 985 1684 1029 tumescit
1711 985 1798 1029 Go-

405 1053 484 1099 lias
502 1090 514 1110 ,
540 1065 583 1099 et
599 1056 654 1099 ad
673 1065 892 1100 certamen
910 1062 1119 1113 provocat
1148 1054 1360 1111 superbus
1383 1054 1428 1097 in
1451 1054 1531 1097 ista
1559 1052 1764 1098 felicitate
1785 1073 1794 1098 z

406 1125 512 1176 Quis
543 1125 648 1169 mihi
681 1126 857 1183 potest?
878 1124 984 1176 Quis
1006 1123 1113 1166 mihi
1133 1122 1295 1166 audet?
1322 1124 1364 1167 Si
1386 1139 1476 1168 non
1507 1123 1619 1167 illud
1641 1125 1797 1168 dicunt

405 1195 602 1238 homines
624 1195 785 1254 quibus
805 1195 900 1237 haec
918 1192 1166 1245 abundant,
1188 1193 1221 1235 si
1240 1208 1328 1235 non
1350 1193 1548 1252 quotidie
1566 1194 1798 1253 unusquis-

406 1280 491 1324 que
527 1265 656 1308 sentit
677 1264 723 1307 in
759 1279 818 1307 se.
856 1262 999 1306 Habet
1021 1261 1187 1320 aliquid
1219 1262 1407 1320 amplius
1437 1278 1570 1322 quam
1603 1263 1796 1321 vicinu83

405 1351 552 1379 nonne
584 1334 713 1389 dicit,
747 1333 854 1386 Quis
890 1332 996 1376 milii
1017 1333 1191 1390 potest?
1214 1341 1290 1375 aut
1321 1333 1491 1377 vicinus
1521 1333 1603 1377 iste
1630 1334 1663 1377 si
1690 1334 1797 1378 mihi

404 1404 557 1450 fecerit
592 1404 795 1464 injuriam
818 1417 908 1446 non
944 1401 1007 1444 illi
1030 1399 1241 1444 ostendo?
1261 1402 1370 1445 Vide
1402 1403 1437 1446 si
1459 1418 1548 1447 non
1571 1402 1714 1447 Golias
1734 1412 1798 1448 est

404 1491 644 1534 provocans
666 1474 722 1518 ad
749 1483 983 1518 certamen.
1013 1470 1098 1516 Sed
1114 1471 1309 1530 procedit
1327 1472 1485 1529 David,
1506 1472 1651 1517 nudus
1669 1474 1797 1517 armis

405 1547 569 1590 bellicis
583 1581 594 1601 ‚
620 1554 809 1589 armatus
825 1542 1043 1602 lapidibus
1067 1542 1236 1601 paucis,
1261 1552 1507 1601 prosternet
1523 1559 1700 1588 omnem
1722 1560 1796 1588 su-

406 1619 600 1677 perbiam
617 1652 628 1672 ‚
652 1617 699 1661 id
721 1625 804 1669 est‚
833 1616 974 1675 justus
997 1614 1129 1657 homo
1156 1632 1165 1657 z
1186 1613 1297 1656 sicut
1327 1616 1541 1671 Martyres
1570 1615 1791 1669 fecerunt,

405 1697 730 1748 prostraverunt
750 1688 944 1747 injustos.
963 1688 1019 1729 Et
1036 1700 1087 1727 eo
1105 1693 1298 1742 tempore
1317 1700 1406 1744 quo
1424 1684 1685 1730 videbantur
1704 1685 1794 1730 vic-

404 1769 534 1813 tores,
552 1759 631 1817 ipsi
653 1758 962 1809 vincebantur,
983 1754 1161 1814 quando
1178 1755 1224 1797 in
1240 1755 1304 1799 his
1322 1755 1410 1798 dux
1426 1756 1620 1814 ipsorum
1641 1756 1796 1800 diabo-

404 1829 472 1872 lus
487 1827 788 1886 superabatur.

464 1901 649 1943 XXVII.
672 1900 836 1940 Verum
859 1893 1112 1937 felicitatem
1130 1893 1249 1936 illam
1268 1893 1480 1937 attendite
1507 1913 1517 1939 :
1541 1914 1562 1936 «
1586 1896 1697 1940 Oves
1718 1911 1795 1940 eo-

409 1987 429 2010 »
466 1985 560 2012 rum
598 1966 936 2025 multiplicantes
969 1964 1014 2006 in
1051 1963 1267 2008 exitibus:
1294 1964 1425 2008 boves
1461 1980 1612 2009 eorum
1647 1967 1791 2010 crassi.

408 2057 428 2081 »
463 2043 561 2084 Non
584 2048 647 2082 est
669 2038 794 2081 ruina
818 2035 973 2094 sepis².
1002 2052 1021 2075 »
1050 2035 1169 2092 Sepis
1191 2034 1307 2077 enim
1331 2035 1589 2094 plerumque
1610 2037 1794 2081 maceria

407 2126 496 2154 esse
518 2110 640 2153 solet.
671 2128 689 2150 α
711 2111 810 2152 Non
832 2115 896 2149 est
916 2105 1040 2148 ruina
1065 2105 1176 2161 sepis
1192 2139 1203 2158 ‚
1229 2120 1373 2163 neque
1405 2105 1544 2149 exitus
1570 2125 1579 2150 ;
1603 2124 1623 2147 »
1650 2107 1794 2150 omnia

406 2181 602 2239 integra,
628 2179 772 2224 omnia
793 2177 1012 2237 perfecta,
1039 2175 1184 2218 omnia
1211 2174 1355 2233 plena.
1391 2195 1411 2217 «
1444 2178 1595 2236 Neque
1631 2176 1795 2221 clamor

410 2270 429 2293 »
465 2253 511 2294 in
534 2251 684 2310 plateis
707 2263 859 2292 eorum
889 2266 898 2291 :
922 2265 942 2287 »
968 2261 1057 2289 non
1090 2244 1184 2288 lites
1205 2279 1216 2300 ,
1257 2261 1347 2289 non
1374 2247 1604 2290 tumultus.
1639 2247 1794 2291 Videte

405 2322 581 2381 qualem
601 2319 851 2364 felicitatem
873 2317 995 2377 quasi
1013 2316 1315 2359 innocentium
1337 2316 1553 2360 describat
1571 2336 1580 2361 ε
1605 2332 1660 2360 ne
1677 2317 1794 2362 dicat

405 2393 486 2436 sibi
508 2393 713 2452 quisque,
743 2390 827 2434 Sed
853 2390 937 2432 hoe
959 2386 1066 2431 dixit
1087 2387 1141 2429 de
1167 2386 1249 2430 illis
1281 2387 1358 2446 qui
1390 2388 1568 2446 rapiunt
1589 2403 1654 2432 res
1686 2388 1791 2432 alie-

406 2478 496 2507 nas.
514 2465 611 2508 Non
634 2469 697 2505 est
718 2460 820 2504 hinc
843 2458 1009 2503 dictum
1029 2455 1196 2516 aliquid
1217 2472 1225 2497 ε
1247 2455 1348 2500 alibi
1366 2457 1415 2501 fit
1438 2456 1591 2502 talium
1608 2457 1787 2503 mentio.

452 2555 460 2571 ¹
484 2546 565 2581 Psal.
585 2557 694 2588 cxmu,
714 2546 764 2578 13.
785 2561 826 2567 —
843 2550 856 2567 2
874 2543 954 2576 lbid.
979 2542 1030 2583 14.
