1867 3320
298 334 437 366 sEnMo
469 336 607 376 xxvu,
641 339 695 366 ΒΕ
728 339 885 368 TthJLo
916 338 1069 370 psum
1100 343 1192 372 xcv.
1352 333 1435 374 407

64 399 290 461 Numquid
320 401 405 444 dixi
428 415 498 445 me
519 399 684 462 aliquid
707 403 814 449 scire
834 404 880 448 in
896 404 1018 450 vobis
1035 441 1046 460 ,
1072 407 1152 451 nisi
1172 408 1317 453 viam?
1339 413 1442 456 Haec

64 480 129 517 est
144 472 213 516 via
227 505 238 526 ,
257 470 433 515 credere
454 473 500 515 in
519 473 788 519 crucifixum.
811 476 951 535 Hujus
972 473 1254 523 deformitatis
1275 480 1443 539 signum

65 545 113 588 in
134 541 275 587 fronte
303 550 526 602 portamus
549 562 557 587 z
583 542 638 588 de
658 544 738 589 ista
761 544 1037 591 deformitate
1053 547 1212 592 Christi
1238 565 1327 595 non
1344 567 1444 596 eru-

66 615 308 659 bescamus.
335 615 458 658 Hane
479 614 593 659 viam
610 623 833 661 teneamus
848 652 859 673 ,
884 627 928 662 et
948 618 1003 662 ad
1023 618 1208 678 speciem
1223 623 1448 678 pervenie-

66 699 179 730 mus.
204 686 317 730 Cum
347 686 672 744 pervenerimus
693 685 747 731 ad
768 688 955 746 speciem
971 723 983 744 ,
1013 689 1264 750 aequitatem
1287 692 1362 735 Dei
1382 693 1450 736 vi-

67 756 212 800 bimus
237 774 246 800 :
271 763 315 800 et
330 756 419 816 jam
441 770 531 800 nou
553 756 634 801 erit
655 756 735 801 tibi
752 757 893 802 dicere
909 794 920 813 ,
945 761 1087 812 Quare
1109 760 1210 804 huic
1231 761 1449 818 subvenit,

67 835 112 872 et
126 826 231 871 huic
245 827 366 870 non?
386 841 520 886 quare
541 826 620 871 iste
643 826 858 873 adductus
880 838 944 874 est
965 845 987 874 a
1013 830 1328 889 gubernatione
1351 833 1449 889 Dei,

67 906 118 942 ut
139 897 433 956 baptizaretur
448 918 460 955 3
475 897 550 941 ille
572 906 719 942 autem
733 914 835 943 cum
853 900 965 944 bene
981 901 1318 947 catechumenus
1339 904 1456 947 vixe-

67 968 123 1012 rit
138 1002 150 1023 ‚
175 968 317 1013 subita
339 968 465 1013 ruina
484 977 683 1014 mortuus
705 978 792 1025 est,
813 979 855 1014 et
877 968 933 1014 ad
955 971 1220 1031 baptismum
1242 989 1331 1018 non
1353 989 1453 1033 per-

69 1039 220 1084 venit?
242 1038 317 1083 ille
339 1048 485 1084 autem
503 1054 604 1085 cum
627 1040 835 1085 scelerate
853 1040 1032 1096 vixerit,
1053 1057 1154 1086 cum
1182 1043 1427 1088 luxuriosus
1445 1080 1455 1100 ‚

69 1124 171 1154 eum
196 1110 397 1154 moechus
415 1145 426 1165 ‚
456 1125 559 1154 eum
587 1110 815 1166 SceniCUS,
840 1126 941 1155 cum
965 1113 1179 1168 Venator,
1204 1115 1455 1172 aegrotavit,

70 1181 314 1240 baptizatus
344 1190 431 1237 est,
465 1181 681 1236 discessit,
708 1192 938 1241 peccatum
961 1183 1005 1226 in
1028 1198 1079 1228 eo
1101 1185 1349 1229 convictum
1371 1195 1456 1241 cst,

69 1261 298 1313 peccatum
336 1252 381 1296 in
413 1267 465 1297 eo
491 1252 686 1296 deletum
717 1254 812 1297 est?
834 1256 991 1307 Quaere
1023 1254 1171 1298 merita
1193 1275 1203 1311 3
1228 1271 1317 1299 non
1339 1256 1460 1300 inve-

71 1324 162 1368 nies
180 1358 191 1379 ‚
223 1323 305 1367 nisi
326 1337 535 1383 poenam:
562 1338 710 1383 quaere
734 1323 943 1382 gratiam3
975 1343 994 1366 «
1020 1324 1057 1368 O
1082 1325 1266 1370 altitudo
1289 1325 1461 1371 divitia·

73 1412 94 1436 »
130 1394 256 1438 rum!
288 1412 308 1435 »
335 1397 488 1438 Petrus
509 1401 671 1453 negat,
697 1392 808 1438 latro
837 1393 996 1450 credit,
1031 1413 1051 1437 «
1076 1396 1113 1439 Ο
1141 1394 1326 1441 altitudo
1348 1395 1460 1442 divi-

74 1483 96 1508 »
131 1466 318 1510 tiarum!
345 1483 366 1507 »

132 1539 232 1580 VII.
255 1538 349 1581 Hoc
371 1551 450 1580 nos
471 1544 599 1595 putas
630 1536 891 1595 perscrutari
920 1551 1065 1596 posse,
1092 1538 1211 1598 quod
1228 1539 1461 1598 Apostolus

72 1608 227 1653 beatus
249 1607 451 1666 expavit?
474 1610 529 1652 Et
553 1622 655 1651 cum
685 1616 852 1651 tantam
877 1607 1219 1667 profunditatem
1243 1618 1285 1654 ct
1314 1610 1461 1654 altitu-

72 1678 219 1724 dinem
246 1679 476 1738 inspiciens
506 1679 861 1723 contremisceret
879 1715 889 1733 ,
915 1670 1179 1724 exclamavit
1209 1700 1216 1723 ε
1254 1699 1273 1720 «
1297 1682 1335 1722 Ο
1363 1680 1464 1724 alti-

75 1767 97 1792 »
132 1749 242 1794 tudo
274 1749 494 1807 sapientiae
526 1758 570 1792 et
594 1749 785 1791 scientiae
819 1749 988 1790 Dei11»
1017 1749 1131 1800 Quid
1155 1749 1267 1792 enim
1298 1748 1462 1795 dixerat

75 1829 201 1875 ante,
233 1828 284 1863 ut
305 1817 359 1862 ad
383 1817 746 1862 exclamationem
775 1817 886 1861 hanc
907 1818 1105 1862 veniret?
1136 1821 1244 1862 Rem
1267 1817 1458 1876 dixerat,

73 1890 151 1935 ubi
183 1890 217 1934 si
245 1905 335 1933 non
368 1888 572 1933 credatur
609 1891 722 1943 Deo,
758 1888 860 1947 quia
895 1903 983 1932 non
1007 1898 1071 1932 est
1108 1889 1310 1948 iniquitas
1346 1891 1462 1950 apud

75 1964 232 2017 Deum,
254 1960 402 2019 iniqua
416 1957 702 2018 judicabitur.
724 1957 937 2002 Gentibus
959 1957 1148 2013 dicebat,
1174 1959 1375 2005 fidelibus
1393 1962 1463 2006 di-

75 2032 204 2078 cebat
238 2031 293 2075 de
325 2029 490 2076 Judaeis
524 2050 533 2074 :
564 2048 583 2071 «
614 2029 733 2074 Sicut
767 2044 842 2073 vos
861 2064 871 2083 ,
909 2030 1077 2089 inquit,
1104 2045 1191 2073 non
1226 2030 1463 2078 credidistis

79 2121 100 2145 »
139 2106 248 2158 Deo,
286 2116 404 2145 nunc
434 2110 578 2144 autem
608 2099 946 2144 misericordiam
981 2101 1201 2145 consecuti
1233 2102 1330 2146 estis
1362 2103 1462 2148 illo-

79 2192 101 2216 »
137 2188 231 2217 rum
259 2170 565 2216 incredulitate
595 2190 604 2215 :
631 2170 690 2214 sie
719 2179 762 2214 et
793 2171 837 2214 hi
874 2186 962 2215 non
986 2170 1264 2216 erediderunt
1298 2173 1339 2217 in
1371 2190 1464 2220 ves-

81 2264 101 2289 »
137 2255 249 2290 tram
279 2242 644 2296 miscricordiam,
677 2251 727 2286 ut
761 2251 803 2286 ct
832 2241 910 2301 ipsi
942 2242 1275 2286 misericordiam
1316 2261 1467 2290 conse-

81 2336 102 2360 »
136 2326 344 2378 quantur.
370 2314 595 2361 Conclusit
618 2314 730 2357 cnim
756 2329 905 2358 omnes
932 2317 1040 2356 Deus
1065 2314 1106 2356 in
1127 2315 1431 2361 incredulitate
1451 2354 1460 2370 ,

82 2406 102 2432 »
138 2398 187 2433 ut
204 2388 401 2433 omnium
423 2386 713 2429 misereatui-2.
739 2404 758 2426 »
782 2386 892 2429 Hine
917 2394 1062 2443 postea
1086 2383 1245 2429 Paulus
1269 2385 1389 2431 dixit.
1412 2391 1467 2434 Et

79 2476 178 2522 quae
209 2461 287 2504 ista
311 2459 420 2502 ratio
459 2465 523 2501 est
554 2455 769 2516 :equitatis
805 2465 845 2498 ct
865 2455 1040 2514 justitim
1078 2455 1172 2509 Dei,
1204 2457 1464 2502 concludere

80 2546 230 2576 omnes
258 2531 303 2574 in
329 2526 658 2581 incredulitate,
689 2536 738 2570 ut
768 2526 961 2570 omnium
995 2525 1280 2571 misercatur?
1302 2531 1467 2581 Qumris

79 2612 129 2648 tu
152 2602 361 2646 rationem
377 2636 386 2654 ,
413 2613 491 2658 ego
509 2613 744 2657 expavesco
767 2595 1060 2641 altitudinem.
1091 2615 1110 2638 «
1135 2600 1172 2639 t)
1191 2596 1376 2643 altitudo
1394 2600 1461 2643 di-

130 2694 136 2710 ¹
162 2690 250 2719 Rom.
279 2685 388 2726 x1,33.
413 2700 450 2708 -—
468 2691 479 2707 ²
501 2685 546 2716 ld.
564 2693 617 2721 xii,
643 2683 695 2720 Ilo,
715 2687 778 2713 νίς.
