1924 3309
479 320 563 358 300
881 330 913 358 s.
950 330 1033 360 Auo.
1041 333 1182 360 us‘rmi
1216 333 1393 361 EPISCOPI

476 397 522 439 in
544 394 765 442 stabulum
796 397 990 442 intrasse.
1035 396 1239 452 Reficiat‚
1270 398 1409 442 viator
1427 407 1518 443 est:
1547 398 1710 443 reficiat
1725 414 1794 454 se,
1820 409 1863 444 et

478 475 664 511 transeat
689 487 701 524 3
726 482 814 511 non
836 483 981 512 secum
1001 467 1113 512 tollit
1136 467 1256 527 quod
1278 467 1322 512 in
1344 467 1711 514 stabuloinvenit.
1740 469 1863 514 Alius

475 538 614 581 viator
631 537 734 592 erit,
770 547 812 582 et
834 538 923 597 ipse
945 537 1152 592 habebit,
1178 537 1253 582 sed
1281 554 1370 582 non
1388 538 1570 583 auferet.
1606 541 1767 584 Omnes
1793 540 1864 584 hic

475 608 668 654 relicturi
705 618 826 663 sunt,
865 608 986 669 quod
1008 609 1078 652 hic
1100 610 1408 669 acquisierunt.
1449 629 1468 652 «
1492 610 1668 665 Nudus,
1692 612 1861 671 inquit,

477 697 496 721 »
534 680 614 723 exii
648 679 702 723 de
725 688 850 723 utero
872 679 1018 723 matris
1047 694 1155 723 meae
1181 698 1190 724 :
1217 680 1361 724 nudus
1394 690 1584 724 revertar
1615 681 1660 724 in
1691 690 1861 725 terram.

477 769 496 791 »
533 751 743 795 Dominus
766 749 903 805 dedit,
931 750 1141 795 Dominus
1160 751 1338 796 abstulit
1358 754 1418 795 ¹.»
1431 755 1530 797 Non
1551 751 1747 807 abstulit,
1764 752 1865 810 quia

479 839 498 861 «
524 820 604 864 tibi
626 820 856 864 derelictus
894 830 958 865 est
992 836 1172 881 pauper.
1199 822 1352 867 Nudus
1376 822 1458 866 exii
1490 822 1545 867 de
1567 832 1691 867 utero
1718 823 1867 867 matris

476 909 496 931 >›
534 906 657 946 meae,
684 890 830 934 nudus
854 901 1044 936 revertar
1067 892 1301 937 interram.
1338 912 1356 933 »

533 963 633 1005 VH.
660 962 776 1005 Audi
799 961 930 1006 alium
956 979 1208 1022 pauperem.
1249 984 1267 1005 «
1293 964 1409 1009 Nihil
1435 964 1661 1007 intulimus
1680 964 1726 1007 in
1750 964 1867 1007 hunc

477 1050 497 1071 n
533 1031 749 1075 mundum
764 1067 774 1086 ‚
793 1032 868 1076 sed
894 1048 973 1076 nec
991 1032 1162 1077 auferre
1177 1033 1343 1093 aliquid
1362 1049 1613 1092 possumus:
1638 1033 1802 1078 victum
1825 1041 1868 1076 et

477 1121 497 1143 »
532 1111 837 1160 tegumentum
860 1105 1071 1148 habentes
1089 1140 1099 1158 ,
1142 1105 1208 1148 his
1231 1105 1424 1148 contenti
1454 1120 1615 1148 sumus.
1660 1107 1767 1148 Nam
1792 1103 1867 1163 qui

477 1190 497 1212 »
532 1171 688 1215 volunt
711 1173 865 1217 divites
890 1175 1007 1228 fieri,
1034 1174 1237 1218 incidunt
1259 1175 1303 1217 in
1327 1175 1613 1218 tentationem
1635 1183 1677 1217 et
1699 1173 1868 1217 deside-

478 1261 497 1283 »
533 1243 594 1286 ria
619 1242 780 1298 multa,
828 1243 960 1288 stulta
982 1253 1024 1287 et
1044 1245 1170 1289 noxia
1191 1280 1201 1299 ,
1234 1261 1333 1304 quae
1353 1253 1558 1303 mergunt
1590 1244 1786 1288 homines
1823 1243 1867 1295 in

478 1332 496 1353 »
533 1313 755 1358 interitum
780 1323 822 1358 et
845 1314 1149 1373 perditionem.
1176 1316 1316 1359 Radix
1334 1325 1396 1359 est
1419 1316 1533 1359 enim
1557 1315 1751 1359 omnium
1772 1329 1867 1358 ma-

478 1402 498 1425 »
535 1384 677 1428 lorum
701 1385 878 1429 avaritia
911 1405 919 1429 :
961 1401 1094 1445 quam
1120 1386 1300 1445 quidam
1324 1394 1577 1446 appetentes
1607 1387 1631 1429 a
1659 1384 1745 1428 fide
1768 1399 1867 1444 per-

478 1474 498 1495 »
534 1466 788 1500 erraverunt
805 1492 815 1511 ‚
854 1467 896 1501 et
914 1457 1192 1500 inseruerunt
1215 1473 1258 1500 se
1278 1456 1502 1501 doloribus
1521 1456 1667 1500 multis
1689 1459 1721 1500 2.
1747 1456 1868 1509 »Qui

474 1536 577 1570 sunt
595 1527 663 1571 isti
687 1527 763 1586 qui
787 1543 809 1571 a
828 1527 914 1571 fide
932 1537 1289 1586 pererraverunt,
1325 1537 1368 1571 et
1384 1528 1660 1572 inseruerunt
1682 1542 1725 1570 se
1740 1525 1866 1570 dolo-

474 1598 595 1641 ribus
616 1597 789 1642 multis?
811 1599 895 1651 Qui
917 1598 1074 1643 volunt
1091 1598 1244 1643 divites
1267 1599 1374 1643 fieri.
1402 1598 1535 1643 Modo
1557 1599 1666 1642 mihi
1688 1613 1866 1654 respon-

475 1667 576 1710 deat
611 1667 685 1709 ille
711 1683 944 1724 pannosus.
977 1668 1235 1720 Videamus,
1282 1669 1316 1710 si
1344 1684 1434 1711 non
1470 1666 1566 1711 vult
1600 1665 1719 1709 dives
1737 1666 1828 1709 fieri
1856 1686 1863 1710 :
1913 1646 1918 1704 i

473 1737 712 1791 videamus,
737 1737 1050 1792 interrogemus
1073 1750 1189 1788 eum,
1215 1736 1249 1778 si
1272 1751 1361 1780 non
1382 1735 1478 1779 vult
1498 1735 1617 1779 dives
1640 1736 1732 1779 fieri
1750 1755 1758 1780 :
1779 1751 1868 1780 res·
1914 1710 1922 1907 ἃ

1920 1962 1924 1983 Ι

475 1808 692 1868 pondeat‚
730 1823 819 1851 non
838 1807 1087 1850 mentiatur.
1135 1807 1279 1850 Audio
1314 1805 1533 1865 linguam,
1558 1806 1633 1850 sed
1650 1807 1868 1865 interrogo

475 1878 799 1923 conscientiam.
821 1876 941 1921 Dicat·
963 1877 996 1920 si
1015 1892 1104 1920 non
1127 1876 1220 1920 vult
1239 1877 1358 1920 dives
1382 1877 1488 1920 fieri.
1517 1877 1559 1921 Si
1578 1885 1721 1920 autem
1739 1877 1833 1921 vult
1854 1898 1865 1934 3

469 1952 556 2010 jam
581 1949 734 1993 incidit
755 1950 800 1992 in
823 1948 1110 1995 tentationem
1146 1957 1189 1992 et
1212 1947 1422 1992 desideria
1460 1947 1620 2002 multa,
1657 1947 1788 1991 stulta
1825 1957 1866 1992 et

477 2021 620 2065 noxia.
653 2022 750 2065 Non
772 2020 888 2064 enim
913 2035 1014 2079 opes
1036 2019 1157 2075 dico,
1198 2020 1269 2063 sed
1295 2019 1522 2063 desideria.
1568 2018 1723 2063 Unde?
1756 2019 1865 2072 Quia

476 2091 570 2136 vult
599 2090 720 2134 dives
742 2090 850 2133 fieri.
889 2088 1004 2142 Quid
1028 2090 1160 2133 inde?
1200 2109 1219 2131 «
1256 2089 1473 2132 Desideria
1511 2088 1648 2132 multa
1670 2098 1713 2132 et
1735 2089 1864 2133 stulta

479 2182 499 2204 »
537 2171 579 2206 et
602 2162 744 2216 noxia,
771 2177 871 2220 quae
895 2170 1097 2218 mergunt
1118 2161 1315 2204 homines
1345 2160 1389 2202 in
1412 2160 1636 2203 interitum
1653 2169 1696 2203 et
1722 2160 1866 2218 perdi-

481 2253 500 2274 »
539 2233 716 2277 tionem.
745 2250 765 2273 »
793 2231 922 2276 Vides
943 2231 1020 2274 ubi
1043 2231 1123 2274 sis?
1155 2229 1271 2282 Quid
1293 2229 1398 2273 mihi
1419 2239 1607 2272 ostentas
1632 2229 1771 2274 nullas
1800 2230 1865 2273 fa—

478 2303 677 2358 cultates,
717 2319 816 2347 cum
853 2317 932 2360 ego
970 2302 1225 2346 convincam
1261 2309 1398 2344 tantas
1436 2300 1719 2360 cupiditates?
1754 2303 1865 2344 Ecce

473 2377 562 2436 jam
580 2390 783 2433 compara
801 2374 925 2418 duos.
948 2377 1032 2417 Iste
1046 2372 1166 2417 dives
1185 2382 1269 2425 est,
1296 2372 1369 2415 ille
1393 2388 1556 2430 pauper
1570 2381 1633 2416 est
1660 2392 1668 2415 :
1693 2372 1768 2416 sed
1787 2372 1864 2416 iste

480 2446 599 2490 dives
614 2480 624 2498 ‚
650 2446 741 2504 jam
764 2454 853 2498 est,
885 2460 975 2488 non
993 2443 1088 2488 vult
1105 2443 1212 2486 fieri.
1251 2445 1334 2485 Iste
1357 2443 1474 2486 dives
1496 2451 1557 2486 est
1573 2478 1583 2497 ‚
1609 2451 1684 2486 aut
1705 2441 1758 2485 de
1786 2458 1863 2501 pa—

480 2517 675 2560 rentibus
694 2551 705 2570 ,
742 2525 817 2559 aut
849 2514 903 2559 de
925 2514 1049 2558 donis
1091 2523 1134 2558 et
1156 2513 1498 2557 haereditatibus.
1540 2516 1770 2567 Pomanus,
1798 2511 1862 2555 fa-

530 2620 536 2635 ¹
560 2613 631 2644 Job.
654 2622 806 2647 l.¹21.—-
829 2620 839 2634 ⁷
870 2613 1173 2653 1Ti1n.V1‚2·‚etc.
