1867 3320
345 263 483 293 suasio
515 267 613 304 XXI,
650 270 693 296 m
726 270 888 298 PSALMO
921 274 1052 312 mnu,
1091 269 1155 304 11.
1346 272 1422 309 351

61 328 274 378 interioris
295 328 507 386 hominis,
532 345 727 387 gemmae,
746 350 834 378 non
857 351 966 381 arcae
989 346 1095 386 tuae,
1119 341 1191 383 sed
1212 345 1431 389 conscien-

64 400 132 444 tiae
156 409 258 443 tuae.
289 400 361 444 His
381 415 477 444 ama
506 400 624 445 dives
647 418 734 447 esse
751 439 761 458 ,
786 422 893 465 quas
915 407 1082 452 divitias
1105 425 1182 454 nec
1210 410 1430 472 naufragio

59 470 192 530 possis
226 470 453 527 amittere,
484 470 602 513 unde
623 474 657 516 si
679 475 822 518 nudus
852 476 1026 531 exieris,
1057 478 1209 536 plenus
1230 482 1323 525 eris.
1365 486 1431 528 Sic

59 541 175 584 enim
192 540 279 584 exis
296 550 341 584 et
360 550 501 584 rectus
516 540 645 585 corde
663 577 675 596 ,
700 553 748 587 ut
769 544 957 589 lauderis
976 581 987 601 ,
1013 563 1100 591 non
1125 551 1433 607 reprehendens

58 611 295 656 Dominum
320 620 446 655 tuum
463 645 474 666 ,
499 611 534 655 si
557 611 664 671 quid
688 613 762 657 tibi
794 616 997 660 acciderit
1013 618 1058 661 in
1081 618 1163 662 hoc
1184 620 1339 664 saeculo
1356 656 1366 674 ,
1392 632 1434 667 et

57 681 240 726 laudans
257 681 477 740 flagellum
489 682 640 736 Patris,
653 685 774 743 cujus
786 697 981 745 expectas
996 689 1305 734 haereditatem.
1320 693 1435 749 Fuge

59 753 140 798 sub
164 769 295 798 manu
323 751 610 797 emendantis.
638 757 733 799 Non
755 765 796 799 te
820 768 982 802 avertas
1011 776 1033 803 a
1060 759 1305 819 disciplina,
1336 763 1437 821 quia

0 877 2 883 k
59 823 133 867 ille
164 825 240 885 qui
257 824 461 868 emendat
482 834 523 868 te
537 859 548 879 ,
582 839 723 868 errare
743 841 829 870 non
848 837 1000 886 potest.
1022 831 1149 874 Novit
1170 831 1277 891 quid
1296 841 1436 876 tecum

0 890 1 894 ¹
58 893 189 938 faciat
213 895 290 955 qui
325 904 366 938 te
400 894 519 939 fecit.
553 898 622 939 An
642 895 752 939 torte
789 907 878 941 tam
898 899 1144 958 imperitum
1181 912 1305 961 putas
1339 903 1436 946 arti-

58 965 184 1009 ficem
220 975 346 1009 tuum
363 1000 373 1014 ‚
412 974 461 1009 ut
496 965 623 1010 sciret
663 965 805 1010 faeere
836 976 906 1023 te,
943 979 985 1013 et
1022 970 1298 1016 obliviscatur
1328 973 1437 1032 quid

59 1044 204 1080 tecum
229 1035 392 1081 faeiat?
413 1040 661 1097 Antequam
680 1052 789 1081 esses
807 1072 818 1092 ,
839 1037 894 1081 de
914 1048 956 1082 te
977 1040 1184 1098 cogitavit
1210 1060 1218 1085 :
1238 1057 1338 1085 nam
1361 1042 1438 1085 nisi

58 1106 113 1151 de
135 1116 177 1151 te
194 1109 446 1167 cogitasset,
474 1124 701 1168 nunquam
724 1124 848 1153 esses.
876 1112 988 1167 Ergo
1009 1111 1063 1154 de
1082 1123 1121 1154 te
1141 1112 1341 1169 cogitavit
1363 1128 1439 1156 an-

58 1186 236 1239 tequam
259 1195 370 1223 esses
387 1215 398 1232 ‚
419 1188 469 1224 ut
489 1195 627 1236 esses,
653 1181 795 1239 etjam
816 1189 856 1223 te
878 1181 1123 1225 existentem
1137 1215 1148 1236 ,
1175 1193 1432 1237 manentem,

58 1250 274 1294 viventem
294 1285 305 1303 ‚
338 1250 417 1294 sibi
445 1250 705 1294 servientem
733 1260 1007 1306 contemnet,
1044 1262 1171 1311 teque
1201 1252 1435 1311 despiciet?

25 1323 292 1381 inespexin
327 1322 472 1383 inquis
495 1323 614 1382 :jam
649 1322 795 1377 oravi,
835 1339 922 1367 non
955 1338 1021 1366 me
1048 1323 1225 1367 audivit.
1252 1323 1365 1377 Quid
1401 1323 1435 1367 si

59 1393 144 1437 hoc
165 1394 358 1453 petebas,
379 1393 500 1455 quod
518 1393 632 1438 malo
652 1404 727 1438 tuo
748 1395 992 1454 accepisses,
1010 1395 1043 1438 si
1065 1397 1321 1454 accepisses?
1336 1395 1435 1438 Plo-

61 1464 152 1508 ravi
173 1474 274 1509 ante
306 1464 431 1509 illum
449 1501 460 1518 ,
487 1476 531 1510 et
549 1481 638 1510 non
666 1466 772 1509 mihi
794 1465 927 1509 dedit.
951 1468 988 1510 Ο
1010 1482 1115 1526 puer
1138 1467 1368 1514 insensate,
1393 1467 1437 1509 in

59 1552 149 1596 quo
172 1536 383 1596 plorasti?
401 1546 450 1581 ut
473 1537 689 1596 acciperes
712 1536 958 1581 felicitatem
983 1537 1194 1581 carnalem
1211 1573 1222 1590 ,
1255 1537 1436 1580 felicita-

61 1614 149 1650 tem
180 1607 492 1667 temporalem,
520 1607 768 1651 felicitatem
795 1617 1019 1650 terrenam.
1041 1607 1157 1659 Quid
1187 1608 1219 1650 si
1243 1608 1317 1650 ista
1342 1606 1435 1649 leli·

59 1678 186 1732 citas,
211 1693 345 1738 quam
375 1679 610 1738 exoptabas
632 1688 676 1722 et
699 1679 896 1737 petebas,
924 1687 966 1721 et
997 1693 1073 1736 pro
1096 1693 1179 1736 qua
1213 1677 1427 1736 plorabas,

61 1749 352 1808 praecipitaret
373 1740 416 1793 te
430 1751 449 1794 P
463 1749 733 1794 Jamdudum
750 1749 960 1809 loquebar
988 1747 1042 1791 de
1060 1763 1180 1792 servo
1199 1757 1274 1792 tuo
1292 1782 1302 1800 ,
1325 1762 1437 1791 nunc

62 1818 392 1864 similitudinem
416 1820 562 1879 accipe
579 1819 635 1864 de
656 1819 746 1863 filio
766 1829 855 1862 tuo.
874 1818 1014 1862 Plorat
1036 1828 1135 1861 ante
1158 1828 1198 1861 te
1215 1818 1326 1862 filius
1345 1829 1440 1860 tuus

24 1914 28 1917 ·
61 1906 241 1951 parvus,
267 1900 316 1935 ut
336 1906 438 1935 eum
460 1890 575 1935 leves
599 1891 642 1934 in
676 1906 838 1950 equum
866 1899 986 1933 tuum
1008 1909 1016 1934 ;
1042 1889 1256 1949 numquid
1284 1888 1440 1933 audis?

64 1961 281 2022 numquid
299 1961 507 2006 exaudis?
529 1965 669 2006 Durus
691 1976 733 2005 es
753 1995 763 2014 ,
791 1977 843 2004 an
869 1961 1008 2019 potius
1032 1960 1300 2002 misericors?
1325 1959 1439 2011 Quid

64 2043 149 2083 est.
170 2034 240 2078 dic
264 2034 390 2088 mihi,
417 2050 506 2094 quo
533 2034 712 2078 consilio
729 2032 859 2076 facis?
882 2033 1007 2075 Certe
1030 2031 1109 2074 hoc
1131 2030 1354 2073 consilium
1376 2037 1439 2071 est

67 2104 312 2159 charitatis,
355 2105 452 2165 quis
489 2104 695 2149 dubitet?
729 2103 810 2148 Cui
841 2100 989 2161 grandi
1026 2115 1163 2144 servas
1194 2109 1322 2142 totam
1357 2098 1439 2142 do-

68 2190 189 2219 mum
207 2210 218 2230 ,
243 2175 473 2235 parvulum
498 2174 739 2235 plorantem
764 2188 849 2216 nou
883 2172 994 2215 levas
1019 2172 1059 2213 iu
1086 2185 1260 2230 equum.
1286 2169 1439 2213 Omnia

69 2246 347 2306 quae'habes,
372 2256 415 2290 et
435 2246 616 2291 domum
635 2254 677 2289 et
699 2242 910 2304 quidquid
934 2242 974 2285 in
998 2241 1141 2293 domo,
1162 2251 1203 2284 et
1226 2255 1373 2298 agrum
1398 2248 1441 2282 et

68 2316 286 2378 quidquid
309 2317 353 2361 in
376 2332 501 2375 agro,
527 2316 589 2361 illi
607 2331 746 2360 servas
765 2336 775 2370 3
795 2324 837 2357 et
861 2323 998 2356 tamen
1022 2312 1063 2355 in
1087 2326 1246 2371 equum
1270 2325 1354 2353 non
1380 2309 1440 2352 Ιικ-

69 2403 145 2433 vas
168 2387 398 2448 parvulum
424 2387 680 2448 plorantem.
716 2385 855 2430 l'loret
878 2392 1086 2443 ‹piantum
1109 2383 1202 2425 vult
1222 2416 1232 2433 ,
1261 2391 1346 2424 iota
1374 2379 1442 2422 dic

73 2459 214 2521 ploret
236 2478 245 2505 :
269 2474 358 2504 non
382 2459 584 2514 exaudis,
617 2468 660 2502 et
692 2454 976 2501 misericordia
1007 2469 1092 2497 uon
1128 2454 1322 2503 exaudis,
1348 2460 1387 2493 vt
1411 2450 1444 2493 si

75 2531 302 2576 exaudires
318 2565 330 2587 ,
354 2530 541 2576 crudelis
561 2545 686 2576 esses.
714 2526 820 2573 Vide
841 2540 940 2585 ergo
962 2561 970 2580 ‚
995 2525 1134 2584 cogita
1158 2525 1262 2568 hoc·
1289 2521 1363 2566 tibi
1389 2522 1446 2564 la-

125 2622 134 2640 ¹
156 2616 260 2651 For-ee
283 2626 322 2650 an
339 2615 414 2650 hoc.
