1924 3309
465 239 548 277 182
895 249 929 277 s.
964 245 1196 278 Auo-,usum
1227 249 1410 278 muscom

460 315 507 357 in
540 313 713 358 Christo
745 323 809 358 cst
834 333 843 358 z
869 313 1083 374 siquidem
1115 314 1312 360 Christus
1335 315 1381 359 in
1408 315 1571 360 semine
1603 315 1841 362 Abraham.

462 385 636 433 Dictum
663 393 727 429 est
753 385 868 429 enim
895 404 904 430 :
930 404 950 428 «
973 388 1024 430 In
1057 385 1220 430 semine
1255 395 1333 431 tuo
1354 385 1670 433 benedicentur
1695 403 1843 434 omnes
1885 382 1889 398 ’“

465 475 485 498 »
520 457 724 500 Gentes1.
749 473 769 496 »
803 456 1013 501 Dominus
1047 471 1151 515 ergo
1180 466 1325 502 noster
1357 459 1480 502 Jesus
1509 457 1748 515 Christus,
1767 459 1844 519 qui

461 524 634 571 nullum
656 535 882 586 peccatum
904 526 1007 570 fecit
1023 560 1034 580 ‚
1072 527 1260 586 portavit
1293 526 1431 571 aliena
1466 536 1643 587 peccata
1663 546 1673 573 :
1698 536 1742 572 et
1763 527 1844 572 de-
1908 527 1916 561 J

458 595 663 655 dignatur
680 606 852 657 portare
871 596 1009 640 aliena
1027 606 1218 656 peccata,
1234 597 1306 642 cui
1322 606 1500 657 peccata
1516 596 1692 642 dimissa
1711 600 1844 644 sunt?
1905 604 1913 614 '

461 668 530 713 Sic
554 683 657 728 ergo
678 667 813 712 Jacob
830 667 985 712 transit
1015 667 1071 711 ad
1091 667 1312 713 Christum
1335 671 1462 727 post2
1478 667 1618 713 aliena
1635 677 1812 729 peccata
1828 702 1841 726 ,
1906 721 1912 727 ,

459 737 506 782 id
523 747 586 782 est
600 773 611 792 ,
636 736 830 781 haedinas
848 736 995 796 pelles.
1022 739 1079 781 Et
1095 736 1202 797 quid
1219 747 1281 782 est
1303 737 1463 782 dolus?

515 810 660 853 XVII.
683 808 813 852 Venit
835 807 950 851 enim
967 806 1040 851 ille
1061 823 1178 864 sero,
1203 817 1246 852 et
1263 808 1391 852 affert
1412 808 1532 869 quod
1542 808 1668 869 jussit
1689 816 1841 868 pater3

456 886 499 923 et
521 878 687 922 invenit
709 876 889 921 fratrem
911 892 1040 921 suum
1062 877 1345 923 benedictum
1366 894 1447 939 pro
1467 894 1511 923 se
1533 897 1542 924 ;
1573 888 1617 924 et
1649 894 1741 923 non
1762 878 1843 924 be·
1892 910 1895 925 ι

455 947 672 993 nedicitur
689 947 823 992 altera
844 946 1165 993 benedictione.
1189 949 1302 1002 Quia
1320 949 1409 994 duo
1430 949 1492 993 illi
1513 949 1735 1003 homines,
1754 948 1843 994 duo

452 1018 607 1080 populi
643 1027 766 1063 erant
787 1038 796 1064 :
821 1034 908 1062 una
937 1019 1186 1064 benedictio
1209 1020 1422 1064 unitatem
1456 1019 1670 1078 significat
1690 1018 1843 1064 Eccle-

452 1090 545 1134 siae.
584 1092 680 1134 Duo
711 1098 857 1134 autem
883 1091 1033 1151 popu-li
1065 1091 1146 1151 ipsi
1168 1100 1294 1145 sunt,
1319 1091 1395 1150 qui
1415 1099 1478 1134 est
1500 1099 1543 1134 et
1578 1089 1730 1134 Jacob.
1759 1088 1844 1135 Sed

454 1161 538 1205 alio
563 1161 695 1207 modo
712 1163 886 1222 figurati
908 1163 998 1208 duo
1020 1163 1173 1224 populi
1194 1163 1462 1223 pertinentes
1486 1164 1540 1208 ad
1558 1163 1708 1208 Jacob.
1736 1166 1843 1208 Ete-
1894 1173 1898 1218 ξ
1918 1164 1919 1167 ’

454 1232 546 1276 nim
578 1233 787 1277 Dominus
824 1243 969 1279 noster
1005 1237 1129 1279 Jesus
1158 1235 1379 1290 Christus,
1411 1235 1488 1294 qui
1509 1233 1565 1278 ad
1601 1233 1777 1278 Judaeos
1800 1243 1844 1279 et

453 1304 613 1347 Gentes
634 1313 837 1359 venerat,
864 1306 1115 1364 repudiatus
1137 1315 1200 1350 est
1217 1322 1240 1349 a
1263 1308 1286 1349 J
1292 1305 1442 1360 udaeis,
1466 1306 1543 1365 qui
1565 1304 1844 1365 pertinebant
1918 1332 1924 1384 ‘i

454 1373 511 1418 ad
533 1372 674 1417 filium
696 1375 904 1434 maj0rem
931 1393 939 1418 ε
966 1374 1096 1433 elegit
1118 1385 1265 1420 tamen
1286 1375 1498 1436 quosdam
1516 1410 1527 1431 ‚
1554 1376 1630 1437 qui
1651 1376 1844 1435 pertine—

455 1445 563 1489 bant
587 1444 642 1488 ad
663 1444 804 1488 filium
843 1446 1080 1501 minorem,
1108 1447 1186 1506 qui
1206 1446 1453 1506 spiritaliter
1474 1456 1701 1506 coeperant
1728 1445 1845 1490 desi-
1922 1488 1924 1498 ἲ

453 1514 604 1560 derare
620 1525 663 1559 et
684 1515 925 1574 intelligere
943 1517 1151 1576 promissa
1164 1518 1354 1572 Domini,
1369 1533 1459 1562 non
1474 1517 1704 1562 carnaliter
1726 1516 1846 1564 illam
1916 1517 1924 1570 ς]

455 1595 613 1630 terram
631 1621 643 1641 ‚
682 1601 815 1647 quam
856 1587 1163 1632 desiderabant
1197 1588 1484 1647 accipiente53
1513 1585 1589 1630 sed
1609 1585 1847 1645 spiritalem
1899 1587 1924 1656 ,ε’

452 1656 575 1700 illam
601 1658 823 1700 civitatem
853 1658 1147 1701 desiderantes
1163 1692 1174 1710 ‚
1199 1657 1275 1700 ubi
1300 1671 1428 1701 nemo
1447 1657 1638 1701 nascitur
1659 1656 1847 1702 carnali·
1900 1661 1902 1673 '

458 1737 551 1784 ter3
576 1727 679 1786 quia
713 1741 842 1770 nemo
867 1726 926 1769 ibi
947 1727 1199 1782 carnaliter,
1224 1742 1355 1771 nemo
1377 1727 1626 1785 spiritaliter
1642 1728 1846 1773 moritur.
1899 1741 1903 1759 ¹

515 1799 679 1841 XVIII.
705 1798 828 1840 Hanc
846 1811 950 1854 ergo
967 1812 1068 1840 cum
1089 1796 1322 1856 coepissent
1343 1795 1604 1852 desiderare,
1615 1807 1848 1857 coeperunt
1922 1808 1924 1840 ἑ

455 1867 673 1928 pertinere
696 1867 751 1910 ad
773 1866 908 1911 Jacob
926 1901 937 1920 ‚
963 1867 1039 1926 qui
1060 1866 1340 1911 crediderunt
1358 1867 1404 1910 in
1427 1867 1623 1923 Christo,
1648 1876 1691 1912 et
1707 1867 1848 1914 factus
1919 1897 1922 1901 ι

455 1947 519 1983 cst
543 1953 645 1997 grex
668 1936 842 1981 Domini
859 1938 903 1981 in
919 1938 1010 1997 ipsa
1029 1940 1053 1981 J
1059 1937 1198 1982 udaea.
1217 1937 1301 1982 Sed
1318 1937 1425 1998 quid
1444 1938 1548 1983 dicit
1566 1939 1776 1984 Dominus
1791 1939 1850 1986 de

458 2010 550 2069 ipso
574 2010 732 2067 grege?
756 2008 906 2052 Habeo
926 2007 1028 2052 alias
1049 2023 1166 2063 oves,
1191 2023 1291 2068 quae
1309 2023 1398 2052 non
1419 2018 1521 2053 sunt
1541 2008 1596 2054 de
1613 2009 1696 2054 hoc
1713 2010 1815 2056 ovili
1833 2030 1844 2057 a
1900 2013 1924 2055 i:

458 2080 571 2126 vado
586 2115 596 2135 ‚
632 2078 848 2123 adducam
881 2094 950 2124 eas
966 2114 977 2134 ‚
1019 2088 1061 2122 et
1083 2079 1163 2123 erit
1186 2095 1300 2123 unus
1322 2094 1423 2137 grex
1451 2088 1494 2123 et
1516 2095 1629 2124 unus
1650 2090 1796 2140 pastor
1810 2082 1842 2127 ³.

458 2156 571 2204 Quas
604 2149 707 2194 alias
742 2164 843 2194 oves
880 2149 1013 2193 habet
1041 2149 1251 2194 Dominus
1288 2152 1412 2193 Jesus
1445 2150 1664 2207 Christus,
1689 2152 1769 2196 nisi
1791 2152 1845 2196 de
1902 2175 1906 2186 ν

459 2221 706 2265 Gentibus?
739 2222 763 2264 J
771 2229 912 2264 unctae
935 2228 1036 2264 sunt
1058 2235 1157 2264 oves
1177 2219 1232 2263 de
1255 2220 1468 2264 Gentibus
1491 2220 1656 2266 Judaeis
1672 2221 1844 2268 ovibus.

459 2295 521 2336 De
541 2294 565 2334 J
570 2290 704 2335 udaeis
722 2291 837 2334 enim
859 2289 1068 2349 Apostoli.
1084 2289 1191 2334 Inde
1212 2299 1336 2334 erant
1357 2300 1401 2335 et
1422 2292 1651 2351 quingenti
1673 2291 1842 2349 fratres,

459 2363 535 2422 qui
557 2360 760 2405 viderunt
792 2361 1026 2406 Dominum
1054 2370 1152 2420 post
1179 2362 1539 2406 resurrectionem
1555 2363 1585 2407 ⁴¹.
1625 2362 1734 2407 Inde
1752 2372 1844 2409 crat

459 2435 550 2492 ipse
578 2430 817 2478 Nathanael
837 2467 848 2487 ‚
873 2433 946 2476 cui
963 2431 1258 2476 testimonium
1283 2433 1504 2491 perhibuit
1524 2434 1733 2479 Dominus
1752 2469 1763 2490 ‚
1797 2434 1843 2478 in

524 2534 533 2551 ¹
565 2530 645 2561 Gen.
678 2539 765 2570 xxn,
795 2530 845 2562 18.
869 2543 911 2551 ‹—
933 2535 946 2551 ²
976 2527 1081 2561 Forte
1108 2531 1227 2570 portat.
1245 2544 1287 2552 —
1315 2525 1328 2550 3
1347 2531 1438 2561 Joan.
1470 2540 1504 2570 x,
1527 2531 1578 2562 16.
1604 2545 1647 2552 —-
1666 2527 1682 2560 4
1715 2540 1729 2561 r
1759 2530 1832 2563 Cor.
1881 2525 1907 2564 ἰ

461 2596 528 2627 xv,
561 2585 594 2617 6.
