1867 3320
0 0 21 117 l

15 196 21 304 ἱ
380 251 518 280 sumto
549 253 621 290 1x,
656 236 885 296 nzjnsscnzu
917 257 1110 289 cnoums.
1356 256 1440 295 239

16 326 20 364 i

16 308 20 324 '
57 313 138 359 hoc
158 312 339 358 reddere
361 316 484 360 uxori
519 335 528 361 :
556 324 600 360 et
627 332 727 362 cum
751 317 908 364 debeas
943 321 988 365 in
1013 324 1172 369 virtute
1194 330 1439 385 praecedere

15 365 20 457 ἔ
58 399 232 428 uxorem
248 419 260 440 ‚
296 387 504 446 quoniam
524 389 693 434 castitas
710 390 846 436 virtus
863 401 952 450 est3
978 402 1028 438 tu
1054 394 1136 439 sub
1159 412 1249 442 uno
1270 400 1440 460 impetu

55 452 240 499 libidinis
261 455 398 512 cadis,
424 466 468 502 et
483 459 545 502 vis
564 475 743 504 uxorem
765 470 886 506 tuam
907 463 1130 509 victricem
1148 481 1254 523 esse,
1276 479 1325 513 tu
1347 472 1438 517 vic-

54 532 121 568 tus
127 525 273 584 jacens
299 545 308 572 ;
329 536 373 571 et
393 542 494 572 cum
513 538 563 573 tu
600 540 731 591 caput
767 532 823 576 sis
843 534 986 579 uxoris
1020 544 1130 592 tuae,
1165 539 1374 596 praecedit
1395 551 1437 588 te

23 624 28 628 -
53 593 108 638 ad
125 597 284 652 Deum,
309 600 434 658 cujus
454 609 585 659 caput
607 617 667 646 es.
689 603 763 647 Vis
786 603 970 650 domum
1002 607 1123 651 tuam
1144 610 1285 668 capite
1308 613 1438 657 deor-

14 634 20 710 l
49 680 142 709 sum
164 667 353 726 pendere
371 672 387 711 ’ἲ
424 672 567 730 Caput
606 673 723 717 enim
746 674 939 721 mulieris
961 686 1025 722 est
1043 679 1132 723 vii-1
1160 698 1170 724 z
1190 680 1269 724 ubi
1291 692 1439 728 autem

49 736 199 781 melius
218 739 323 783 vivit
346 741 502 786 mulier
523 759 656 803 quam
678 745 765 801 vir,
784 748 926 813 capi-te
944 748 1149 794 deorsum
1171 752 1334 811 pendet
1357 754 1439 799 do—

49 819 161 850 mus.
189 808 232 852 Si
268 820 398 868 caput
421 821 484 856 est
507 813 595 868 vir,
617 814 769 859 melius
798 815 931 861 debet
963 818 1106 864 vivere
1141 821 1232 877 vir,
1257 832 1300 867 et
1322 839 1438 883 prae-

14 915 18 926 ,
47 876 200 921 cedere
215 879 259 922 in
280 883 483 927 omnibus
506 883 631 928 bonis
651 883 777 931 factis
800 903 983 932 uxorem
1004 906 1151 949 suam3
1173 902 1222 937 ut
1242 892 1314 939 illa
1336 895 1437 940 imi-

14 927 20 1033 ι
48 954 164 991 tetur
186 949 350 1006 virum,
388 963 431 998 et
466 964 674 1015 sequatur
693 967 826 1017 caput
863 974 1007 1004 suum.
1031 964 1265 1015 Quomodo
1305 977 1437 1026 caput

14 1039 19 1078 Ι
45 1017 248 1064 Ecclesiae
281 1023 477 1068 Christus
510 1035 600 1082 est,
636 1037 681 1072 et
720 1029 803 1073 hoc
828 1030 1014 1089 jubetur
1042 1033 1248 1079 Ecclesiae
1280 1046 1330 1081 ut
1366 1053 1435 1082 se-

14 1079 20 1129 l
43 1097 203 1147 quatur
231 1102 363 1151 caput
398 1110 552 1151 suum,
591 1106 635 1141 et
665 1107 713 1142 ut
735 1114 813 1158 per
848 1102 1026 1160 vestigia
1059 1104 1256 1151 ambulet
1282 1110 1433 1168 capitis

43 1158 109 1202 sui
128 1177 137 1203 ε
157 1159 215 1204 sic
232 1163 571 1227 uniuscujusque
592 1166 748 1213 domus
774 1170 906 1215 habet
929 1183 1062 1232 caput
1089 1175 1248 1233 virum,
1275 1188 1318 1223 et
1336 1188 1433 1224 tan-

43 1244 174 1288 quam
198 1247 354 1292 corpus
386 1236 631 1282 foeminam.
681 1243 779 1294 Quo
808 1253 941 1302 caput
969 1244 1120 1302 ducit,
1155 1247 1260 1294 illuc
1299 1249 1432 1296 debet

40 1314 197 1359 corpus
217 1306 352 1364 sequi.
374 1309 517 1359 Quare
539 1325 642 1369 ergo
656 1312 751 1356 vult
771 1324 903 1373 caput
924 1316 986 1359 ire
1008 1351 1019 1371 ,
1039 1333 1129 1377 quo
1153 1335 1242 1363 non
1264 1321 1358 1366 vult
1383 1332 1432 1367 ut

41 1385 198 1431 corpus
216 1381 449 1435 sequatur?
466 1384 606 1433 Quare
626 1382 720 1427 vult
739 1385 800 1428 ire
821 1386 907 1441 vir,
924 1403 1014 1447 quo
1034 1404 1123 1433 non
1141 1390 1235 1436 vult
1257 1403 1305 1437 ut
1320 1394 1430 1439 uxor

39 1447 275 1502 sequatur?
312 1450 631 1508 Haecjubendo
664 1468 805 1499 sermo
830 1457 903 1500 Dei
925 1457 1195 1505 adversarius
1232 1473 1309 1507 est.
1336 1467 1428 1510 No-

39 1510 137 1557 lunt
153 1515 268 1558 enim
292 1517 486 1563 homines
511 1520 652 1566 facere
687 1524 808 1584 quod
832 1526 926 1570 vult
946 1543 1088 1574 sermo
1122 1533 1214 1576 Dei.
1241 1536 1296 1578 Et
1319 1535 1426 1596 quid

40 1580 207 1639 dicam,
247 1588 323 1646 qui
353 1589 618 1636 adversarius
650 1604 713 1638 est
744 1612 885 1642 sermo
910 1600 1008 1655 Dei,
1034 1605 1241 1661 quoniam
1268 1607 1426 1665 jubet?

41 1651 188 1698 Timeo
205 1671 261 1700 ne
279 1672 357 1715 ego
377 1660 467 1718 ipse
496 1663 764 1710 adversarius
782 1667 861 1711 sim
884 1670 1174 1728 quibusdam,
1199 1676 1301 1735 quia
1332 1677 1425 1722 haec

35 1720 206 1782 loquor.
228 1728 344 1780 Quid
366 1729 420 1774 ad
445 1747 513 1776 me
533 1735 744 1792 pertinet?
765 1740 940 1783 Fortem
962 1756 1028 1785 me
1043 1741 1173 1788 [aciat
1193 1747 1268 1806 qui
1294 1756 1424 1793 terret

36 1802 85 1837 ut
101 1791 275 1854 loquar,
297 1808 345 1842 ut
375 1815 464 1844 non
503 1803 677 1848 timeam
712 1809 910 1866 querelas
942 1811 1186 1858 hominum.
1215 1819 1324 1861 Nam
1347 1820 1424 1879 qui

35 1863 191 1909 nolunt
225 1869 464 1914 castitatem
497 1888 666 1918 servare
698 1878 901 1922 uxoribus
938 1883 1051 1937 suis,
1079 1889 1092 1939 (
1117 1895 1159 1929 et
1193 1888 1422 1934 abundant

36 1934 164 1990 tales,
189 1938 206 1993 )
228 1938 386 1983 nolunt
408 1956 475 1984 me
499 1943 578 1987 ista
594 1945 751 1991 dicere.
774 1948 858 1992 Sed
876 1950 1009 1995 velint
1028 1954 1194 2010 nolint,
1223 1958 1419 2005 dicturus

34 2017 143 2049 sum.
167 2007 209 2050 Si
241 2009 355 2053 enim
378 2026 452 2054 vos
474 2028 562 2056 non
585 2016 788 2060 exhortor
824 2028 872 2062 ut
899 2036 999 2065 cum
1037 2023 1282 2072 adversario
1312 2046 1419 2075 con-

33 2075 235 2132 cordetis»,
271 2095 350 2137 ego
369 2096 468 2126 cum
489 2082 561 2128 illo
585 2086 627 2128 in
660 2086 735 2131 lite
760 2092 1007 2136 remanebo.
1042 2095 1122 2147 Qui
1151 2098 1418 2160 vobisjubet

34 2152 83 2190 ut
98 2144 281 2204 faciatis,
305 2150 392 2209 ipse
416 2154 540 2198 nobis
556 2156 684 2214 jubet
708 2168 755 2202 ut
773 2158 1018 2220 loquamur.
1042 2165 1083 2208 Si
1108 2182 1194 2210 nou
1217 2168 1417 2217 faciendo

31 2216 290 2277 quodjubet
312 2230 361 2265 ut
383 2223 569 2280 faciatis,
597 2226 829 2273 adversarii
851 2233 942 2291 ejus
968 2235 1065 2279 estis
1085 2257 1095 2292 3
1118 2253 1205 2282 nou
1228 2239 1415 2288 diceudo

33 2287 148 2346 quod
164 2289 291 2348 jubet
313 2300 361 2335 ut
380 2291 595 2351 dicamus,
617 2296 853 2343 adversarii
877 2318 912 2362 (J
923 2319 969 2346 us
988 2309 1321 2356 remant-bimus.

89 2359 163 2404 lv.
190 2362 411 2423 Numquid
435 2365 478 2409 in
506 2369 696 2425 caeteris,
722 2387 822 2431 quw
846 2390 974 2433 supra
998 2376 1116 2433 dixi,
1152 2381 1297 2427 multis
1330 2384 1413 2429 im-

34 2438 220 2475 moratus
241 2447 336 2476 sum
351 2436 369 2477 i'
393 2437 485 2480 lloc
508 2438 622 2483 euim
658 2444 957 2499 praesumimus
986 2446 1041 2491 de
1062 2449 1282 2498 Charitatc
1308 2457 1412 2500 Ves-

81 2529 89 2546 ¹
113 2526 223 2568 Epirus.
248 2539 278 2570 v,
296 2530 350 2562 23.
