1924 3309
424 253 477 292 '78
885 260 918 290 s.
955 260 1183 290 Auous‘nm
1214 263 1395 291 EPISCOPI

423 330 485 388 gis
507 335 794 374 asseverantes
818 327 926 372 nihil
960 329 1019 372 eis
1054 328 1254 386 prodesse
1276 326 1584 387 Evangelium,
1615 325 1696 370 nisi
1719 325 1806 370 cir-

423 398 775 443 cumciderentur
790 433 800 452 ,
835 407 877 441 et
896 407 1071 442 caeteras
1106 399 1297 442 carnales
1329 402 1353 443 J
1360 397 1503 442 uda'i'ci
1526 398 1631 441 ritus
1655 396 1807 440 obser-

422 470 615 513 vationes
637 469 847 512 subirent.
874 471 930 512 Et
958 468 1056 512 ideo
1081 467 1265 512 Paulum
1285 469 1528 528 apostolum
1559 477 1809 528 suspectum

424 540 584 583 habere
601 548 840 598 coeperant,
858 554 881 581 a
899 554 987 598 quo
1000 537 1082 581 illis
1100 538 1380 596 Evangelium
1402 538 1684 598 praedicatum
1699 546 1807 592 erat,

423 618 634 669 tanquam
657 625 745 653 non
763 617 983 652 tenentem
1002 607 1272 667 disciplinam
1296 618 1553 652 caeterorum
1578 606 1810 667 Apostolo-

425 697 520 726 rum
536 717 547 735 ,
582 681 658 740 qui
697 681 856 724 Gentes
892 679 1106 737 cogebant
1128 680 1366 739 judaizare.
1392 681 1586 724 Cesserat
1606 679 1722 722 enim
1745 686 1812 722 ta-

428 752 537 796 lium
558 751 786 795 hominurn
815 749 1027 794 scandalis
1048 749 1268 809 apostolus
1293 754 1466 806 Petrus,
1490 759 1533 795 et
1555 750 1601 794 in
1630 749 1811 794 simula-

428 822 589 865 tionem
625 820 782 865 ductus
805 830 918 874 erat,
957 829 1165 881 tanquam
1199 831 1242 865 et
1263 821 1353 880 ipse
1374 821 1458 865 hoc
1478 821 1678 875 sentiret,
1702 819 1812 864 nihil

426 892 628 951 prodesse
656 891 867 935 Gentibus
892 890 1176 948 Evangelium
1194 926 1205 946 ,
1238 892 1319 935 nisi
1352 907 1482 935 onera
1505 892 1631 950 Legis
1652 890 1810 950 imple-

426 973 551 1007 rent:
578 979 601 1007 a
623 979 709 1023 qua
741 962 1016 1006 simulatione
1046 963 1161 1006 idem
1183 963 1402 1022 apostolus
1432 963 1591 1008 Paulus
1619 978 1719 1006 eum
1742 977 1813 1006 re-

426 1044 553 1078 vocat
574 1069 584 1089 ,
625 1035 735 1077 sicut
771 1034 815 1077 in
851 1034 932 1077 hac
973 1033 1063 1092 ipsa
1098 1033 1277 1092 epistola
1314 1034 1456 1078 docet.
1486 1033 1598 1078 Talis
1631 1032 1811 1094 quidem

428 1105 610 1165 quaestio
629 1114 751 1148 estet
769 1104 813 1147 in
836 1104 1014 1163 epistola
1038 1104 1093 1148 ad
1116 1108 1333 1149 Romanos
1349 1108 1362 1131 1
1391 1124 1399 1149 :
1425 1114 1728 1149 verumtamen
1748 1103 1813 1149 vi·
1843 1152 1846 1156 ,
1913 1123 1917 1135 ·

428 1177 558 1219 detur
580 1175 745 1235 aliquid
767 1175 992 1229 interesse,
1017 1175 1138 1235 quod
1160 1176 1219 1219 ibi
1241 1176 1567 1220 contentionem
1585 1176 1721 1236 ipsam
1743 1174 1814 1219 di-

431 1246 569 1300 rimit,
597 1246 804 1305 litemque
827 1245 1066 1304 componit,
1092 1262 1190 1306 quae
1219 1247 1331 1290 inter
1361 1262 1432 1290 eos
1455 1247 1531 1306 qui
1552 1262 1603 1290 ex
1624 1245 1811 1301 Judaeis,

427 1325 470 1360 et
504 1331 575 1359 eos
613 1316 688 1375 qui
723 1331 774 1358 ex
796 1315 1010 1359 Gentibus
1045 1316 1344 1372 crediderant,
1370 1326 1463 1361 orta
1487 1326 1603 1372 erat,
1628 1332 1729 1361 cum
1751 1315 1815 1360 illi

428 1397 636 1446 tanquam
655 1402 707 1429 ex
727 1386 890 1429 meritis
913 1402 1095 1445 operum
1119 1388 1243 1446 Legis
1265 1388 1345 1431 sibi
1368 1387 1587 1432 redditum
1611 1390 1814 1447 Evange-

426 1456 470 1500 lii
494 1457 722 1516 praemium
747 1456 1060 1500 arbitrarentur
1076 1492 1086 1511 ,
1112 1457 1233 1516 quod
1254 1459 1482 1517 praemium
1504 1458 1817 1503 incircumcisis

431 1536 636 1586 tanquam
660 1526 886 1571 immeritis
910 1526 1120 1570 nolebant
1156 1526 1245 1571 dari
1267 1549 1278 1585 3
1319 1527 1380 1571 illi
1411 1538 1562 1572 contra
1586 1529 1749 1574 Judaeis
1771 1543 1815 1573 se

428 1597 631 1657 praeferre
664 1599 892 1658 gestirent,
924 1607 1132 1657 tanquam
1160 1598 1514 1643 interfectoribus
1536 1599 1710 1642 Domini
1739 1617 1748 1643 ς
1772 1599 1818 1643 in

428 1670 509 1712 hac
530 1684 633 1712 vero
663 1667 844 1726 epistola
868 1667 923 1710 ad
943 1682 1014 1710 eos
1035 1667 1208 1721 scribit,
1234 1668 1310 1726 qui
1338 1669 1429 1727 jam
1462 1669 1670 1713 commoti
1691 1677 1819 1714 erant

430 1738 685 1783 auctoritate
706 1736 880 1780 illorum
899 1736 973 1795 qui
991 1751 1043 1780 ex
1064 1739 1087 1779 J
1095 1735 1226 1780 udaeis
1246 1746 1384 1792 erant,
1410 1747 1453 1782 et
1472 1738 1527 1782 ad
1549 1739 1818 1784 observatio-

429 1824 503 1852 nes
520 1807 643 1864 Legis
659 1806 873 1865 cogebant
895 1824 904 1850 :
930 1817 1155 1865 coeperant
1177 1807 1291 1850 enim
1310 1808 1368 1851 eis
1389 1808 1581 1863 credere,
1607 1819 1816 1869 tanquam

430 1878 589 1922 Paulus
613 1875 831 1937 apostolus
856 1892 944 1920 non
964 1892 1063 1920 vera
1086 1876 1373 1936 praedicasset,
1393 1879 1513 1939 quod
1535 1895 1608 1924 eos
1625 1880 1815 1925 circum-

382 1986 385 1987 7
431 1948 516 1993 cidi
537 1947 758 1991 noluisset.
786 1950 841 1990 Et
870 1947 968 1991 ideo
985 1947 1044 1990 sic
1062 1948 1198 2006 coepit
1219 1967 1237 1989 «
1262 1948 1396 1993 Miror
1417 1949 1538 2010 quod
1558 1951 1590 1994 si
1616 1960 1704 1994 tam
1726 1951 1816 1996 cito

435 2037 454 2061 »
489 2017 798 2062 transferimini
820 2017 874 2060 ab
897 2032 971 2072 eo,
998 2017 1073 2077 qui
1092 2033 1166 2061 vos
1197 2011 1367 2063 vocavit
1387 2020 1432 2063 in
1455 2020 1635 2079 gloriam
1654 2021 1815 2066 Christi

435 2109 455 2131 i>
493 2090 537 2133 in
560 2088 678 2132 aliud
699 2087 1023 2146 Evangelium‘2.
1041 2091 1166 2132 »Hoc
1189 2104 1291 2148 ergo
1309 2090 1486 2135 exordio
1508 2107 1647 2136 causae
1669 2107 1815 2152 quaes—

434 2161 596 2205 tionem
622 2159 806 2203 breviter
823 2158 1070 2202 insinuavit.
1084 2161 1342 2219 Quanquam
1362 2170 1404 2204 ct
1423 2161 1514 2219 ipsa
1535 2161 1829 2219 salutatione,-

434 2245 534 2274 cum
556 2229 661 2274 (licit
683 2245 727 2273 sc
745 2227 1018 2288 Apostolum,
1039 2248 1058 2270 «
1084 2244 1173 2273 non
1195 2230 1250 2272 ab
1272 2230 1521 2275 hominibus
1538 2266 1549 2286 ,
1576 2248 1719 2293 neque
1739 2249 1816 2294 per

438 2320 457 2342 n
492 2301 713 2344 hominem
729 2301 767 2355 3,
789 2298 944 2360 »quod
964 2299 1009 2342 in
1033 2298 1152 2342 nulla
1175 2299 1255 2343 alia
1274 2301 1451 2359 epistola
1470 2300 1623 2347 dixisse
1644 2303 1815 2348 inveni-

438 2381 529 2427 tur,
560 2371 659 2415 satis
691 2370 901 2426 ostendit,
931 2380 974 2414 et
1004 2369 1100 2414 illos
1128 2371 1205 2431 qui
1233 2370 1334 2416 talia
1357 2373 1699 2432 persuadebant,
1726 2391 1817 2420 non

437 2458 525 2486 csse
548 2458 570 2486 a
594 2445 698 2496 Deo,
717 2440 792 2485 sed
815 2442 868 2484 ab
890 2441 1164 2498 hominibus,
1184 2451 1226 2485 ct
1247 2444 1411 2486 caeteris
1427 2444 1658 2504 Apostolis,
1675 2462 1815 2506 quan-

438 2521 532 2557 tum
557 2512 612 2557 ad
638 2512 941 2558 auctoritatem
969 2512 1204 2557 testimonii
1237 2514 1472 2574 evangelici
1497 2517 1706 2576 pertinet,
1730 2517 1816 2562 im-

485 2603 494 2621 ¹
515 2597 616 2631 Galat.
637 2608 672 2640 u,
695 2596 747 2640 14.
768 2614 808 2622 —
830 2604 843 2622 ²
861 2597 951 2640 Id.1‚
971 2596 1005 2632 6.
1025 2614 1067 2622 —
1085 2595 1191 2632 31bid.
1218 2610 1247 2632 1.
