1867 3320
365 288 503 317 sEnMo
537 290 596 317 lv.
634 289 686 315 DE
719 285 841 315 JAeoss
875 289 926 315 m·
958 286 1078 317 EsAu.
1332 280 1410 318 173

10 350 96 402 iest
120 375 128 400 :
154 373 173 396 «
200 355 318 398 Beati
355 354 523 399 mundo
551 355 682 400 corde
703 389 714 409 ‚
751 353 958 414 quoniam
992 353 1072 412 ipsi
1106 355 1247 397 Deum
1288 355 1411 400 vide-

10 424 14 484 ξ
37 443 57 467 n
90 425 200 469 bunt
218 426 247 467 ¹.
277 442 298 465 »

10 487 14 552 ζ
88 497 184 539 VII.
204 495 432 540 Conamini
454 495 665 554 cogitare,
691 493 858 551 fratres,
875 493 1024 539 lumen
1047 494 1254 549 veritatis,
1270 493 1414 539 lucem

10 558 14 628 ἰ
35 565 272 625 sapientise,
297 565 521 625 quomodo
543 565 707 625 ubique
723 580 912 625 praesens
933 574 997 610 est
1018 564 1222 610 omnibus
1247 584 1256 609 :
1282 580 1414 609 cona-

9 640 14 679 ἐ
35 635 133 679 mini
155 635 343 693 cogitare
363 636 513 680 lumen
531 636 737 696 justitiae3
768 651 955 695 praesens
972 645 1036 681 est
1057 636 1172 680 enim
1195 636 1314 681 omni
1336 652 1412 681 co-

10 703 14 756 ,ἓ
33 706 194 764 gitanti.
216 706 333 759 Quid
355 709 471 751 enim
494 717 557 751 est
578 707 700 767 quod
734 708 926 766 cogitat?
948 708 1033 761 Qui
1052 707 1147 752 vult
1169 708 1328 768 injuste
1348 709 1415 753 vi-

10 769 148 836 ivere,
171 787 335 836 peccat.
363 779 530 822 Deserit
547 778 759 839 justitiam
786 797 794 822 ε
820 777 1036 823 diminuta
1061 781 1154 823 est?
1171 781 1415 824 Conversus

9 841 91 891 iest
111 847 166 891 ad
179 848 390 907 justitiam
413 868 421 892 :
449 849 584 909 quid?
602 859 728 893 aucta
750 851 845 893 est?
866 850 1033 894 Deserit
1054 865 1149 893 eam
1165 885 1176 905 ‚
1202 851 1416 909 integram

10 915 145 961 :filiam
167 917 372 978 relinquit
398 938 406 962 :
432 919 699 964 convertitur
721 919 776 963 ad
803 934 896 963 eam
917 954 927 974 ‚
966 920 1180 978 integram
1203 919 1322 965 illam
1346 921 1415 965 in-

10 984 159 1038 ivenit.
185 988 302 1041 Quid
323 998 384 1033 est
407 1005 509 1048 ergo
532 989 681 1034 lumen
697 989 908 1050 justitiae?
932 993 993 1034 De
1016 991 1183 1035 oriente
1206 992 1290 1035 hoe
1316 1007 1414 1035 sur-

10 1052 110 1118 igit,
130 1068 173 1102 et
194 1059 239 1102 in
266 1060 535 1104 occidentem
558 1061 708 1105 vadit?
730 1065 798 1105 An
831 1070 894 1105 est
913 1061 1021 1106 alius
1039 1061 1161 1106 locus
1183 1062 1302 1106 unde
1324 1063 1414 1107 ori-

12 1137 199 1182 rtur‚aut
217 1145 305 1188 quo
322 1130 467 1174 venit?
481 1133 635 1176 Nonne
658 1130 824 1190 ubique
848 1140 1003 1190 praesto
1026 1134 1119 1176 est?
1136 1134 1279 1177 Homo
1297 1141 1414 1177 certe

10 1192 100 1264 {qui
122 1207 185 1242 est
203 1199 249 1241 in
270 1199 495 1244 occidente
516 1236 525 1255 ‚
553 1201 586 1244 si
614 1201 708 1245 vult
732 1203 848 1261 juste
885 1203 1052 1256 vivere,
1074 1203 1120 1247 id
1144 1213 1232 1259 est,
1259 1220 1415 1249 secun-

10 1267 130 1327 {dum
148 1269 359 1328 justitiam
377 1305 386 1323 ‚
414 1270 630 1330 numquid
654 1271 775 1315 deest
803 1272 865 1315 illi
887 1289 1018 1332 quam
1038 1273 1262 1318 intueatur
1283 1285 1326 1319 et
1346 1275 1414 1319 vi-

11 1336 148 1388 {deat2
170 1338 409 1382 seeundum
432 1340 565 1398 ipsam
585 1341 827 1399 justitiam?
852 1345 1015 1386 Iterum
1034 1343 1078 1386 in
1100 1344 1277 1387 Oriente
1299 1344 1414 1402 posi-

11 1402 97 1467 ltus
114 1408 148 1451 si
167 1408 268 1452 velit
286 1411 401 1468 juste
422 1410 588 1465 vivere,
617 1411 662 1454 id
688 1421 778 1466 est,
804 1413 1044 1456 secundum
1067 1412 1265 1456 eamdem
1282 1414 1413 1473 justi-

12 1477 150 1533 tiam,
166 1479 379 1538 numquid
403 1479 523 1524 deest
543 1480 633 1524 illi?
648 1481 713 1525 lbi
736 1482 848 1526 enim
874 1493 936 1527 est
953 1480 1119 1542 justitia
1139 1502 1147 1527 ε
1170 1493 1329 1543 praesto
1351 1494 1415 1529 est

11 1490 15 1596 Ι
22 1550 135 1608 juste
155 1549 333 1594 viventi.
350 1552 597 1594 Secundum
621 1553 713 1612 ejus
731 1552 922 1611 regulam
950 1553 1103 1598 vident
1124 1553 1414 1613 quemadmo-

12 1607 129 1668 idum
145 1620 261 1680 juste
299 1621 447 1665 vivant
479 1631 522 1666 et
543 1622 605 1666 illi
635 1642 642 1667 :
670 1624 781 1667 sicut
803 1625 910 1683 justi
949 1625 1059 1668 bene
1092 1624 1281 1669 vivendo
1315 1640 1410 1669 eam

11 1673 200 1745 ividem,
222 1690 280 1734 ita
304 1691 510 1751 etinjusti
535 1692 645 1736 male
673 1693 862 1737 vivendo
881 1709 969 1738 non
992 1709 1085 1737 eam
1109 1693 1276 1738 vident.
1303 1697 1413 1739 Nam

12 1738 68 1801 iet
88 1759 160 1801 ille
176 1761 291 1816 juste
311 1761 447 1813 vivit,
472 1777 571 1806 eum
601 1777 695 1806 eam
713 1763 860 1820 videt3
886 1773 929 1808 et
946 1763 1019 1808 ille
1039 1764 1173 1823 ipsam
1196 1764 1338 1819 videt,
1364 1775 1414 1809 ut

26 1829 264 1874 seeundum
298 1844 394 1872 eam
428 1838 548 1872 actus
584 1844 682 1872 suos
720 1833 877 1888 dirigat
906 1854 915 1879 :
941 1835 1042 1890 quia
1066 1835 1146 1878 nisi
1169 1835 1412 1880 secundum

12 1876 195 1957 'justitiae
214 1898 405 1956 regulam
427 1898 629 1943 direxerit
647 1909 767 1943 actus
789 1915 888 1944 suos
903 1935 913 1954 ,
936 1901 979 1943 in
1001 1917 1192 1945 errorem
1212 1906 1413 1963 iniquita-

12 1970 78 2027 ltis
114 1969 381 2029 impingitur.
421 1970 532 2022 Quia
560 1985 660 2027 ergo
695 1979 738 2013 et
767 1971 869 2014 huie
891 1980 1048 2030 praesto
1071 1987 1160 2015 esse
1181 1977 1327 2031 potuit
1352 1976 1412 2019 ibi

12 2029 273 2116 'consistenti
292 2076 302 2094 ,
328 2038 450 2084 nullo
475 2039 570 2084 loco
592 2049 670 2095 est,
692 2049 735 2084 et
752 2041 918 2101 ubique
937 2050 1000 2085 est
1028 2060 1036 2085 :
1062 2042 1301 2101 siejustitia
1318 2079 1328 2098 ‚
1352 2046 1412 2089 sie

12 2112 229 2220 *sapientia
251 2146 261 2166 ‚
293 2111 353 2155 sic
376 2111 553 2166 veritas,
583 2110 642 2155 sie
664 2111 849 2155 castitas.
878 2112 1108 2156 Conamini
1131 2128 1234 2171 ergo
1265 2114 1412 2158 videre

32 2182 154 2226 talem
191 2182 329 2226 lucem
353 2201 361 2225 z
387 2182 460 2225 sed
495 2197 583 2225 non
623 2182 824 2241 potesti33
864 2182 1044 2242 palpitat
1080 2184 1234 2227 mentis
1267 2186 1408 2243 πίθῃ

13 2246 247 2312 spargetur,
274 2261 321 2296 ut
339 2252 495 2295 videat.
527 2254 579 2296 Ut
602 2262 745 2295 autem
770 2264 976 2311 purgetur
1000 2263 1041 2296 et
1060 2253 1219 2308 videat,
1245 2255 1407 2311 eredat,

12 2312 75 2368 {ut
99 2324 271 2383 purgari
296 2333 524 2367 men-vatur.
552 2323 680 2376 Quod
706 2338 808 2381 ergo
831 2325 976 2367 videre
996 2340 1082 2369 non
1106 2326 1298 2383 potestis,
1320 2326 1408 2370 ‹lit-

12 2376 132 2479 errte
148 2430 157 2448 ,
184 2404 232 2437 ut
254 2394 460 2437 curemini
481 2428 491 2447 ‚
513 2402 554 2436 et
576 2393 723 2436 videre
748 2394 928 2451 possitis‘.

84 2465 201 2507 Vm.
231 2467 324 2509 Non
349 2473 492 2507 tamon
519 2463 601 2506 tale
620 2463 785 2522 aliquid
819 2464 859 2506 in
887 2463 1033 2506 futuro
1056 2465 1216 2509 sart-,1110
1246 2467 1407 2522 cogitv-

14 2536 106 2600 ¹tis,
132 2534 259 2594 quale
284 2551 400 2578 nune
420 2535 570 2578 videtis
592 2554 598 2577 ;
626 2535 726 2592 quia
751 2535 782 2577 si
811 2534 892 2577 iah·
915 2534 1078 2594 aliquid
1101 2529 1405 2594 cogitaveritis,

13 2222 16 2237 ί

13 2601 16 2639 Ι
76 2626 84 2641 ¹
106 2619 222 2653 Mauh.
243 2632 274 2662 v,
289 2623 320 2655 ὅ.
346 2638 383 2643 --
405 2627 416 2643 ²
444 2622 543 2651 ivm-ze
564 2624 595 2651 ut
612 2620 713 2652 vixat.
