1924 3309
435 274 490 312 22
865 280 899 308 s.
935 276 1165 308 Aucmsnm
1197 277 1377 306 Emscom

434 349 492 392 ait
512 365 522 392 ι
543 364 562 388 «
586 347 642 389 Et
664 345 743 403 ipsi
764 345 809 387 in
831 344 1147 402 nobismetipsis
1166 341 1502 401 ingemiscimus,
1530 339 1810 398 adoptionem

437 437 456 459 »
493 423 790 475 expectantes,
821 414 1162 473 redemptionem
1184 414 1375 472 corporis
1396 411 1550 456 nostri¹
1571 445 1582 465 ,
1610 427 1630 451 »
1663 410 1812 453 sicin-

435 486 719 544 telligendum
735 493 813 538 est,
832 493 881 528 ut
896 499 1038 543 neque
1059 498 1231 527 sensum
1249 483 1427 527 dolendi
1442 490 1484 525 et
1506 478 1706 538 gemendi
1723 479 1814 537 opi-

435 573 589 602 nemur
610 571 699 599 esse
731 556 775 598 in
805 555 1033 599 arboribus
1055 563 1098 597 et
1127 554 1317 597 oleribus
1338 562 1380 597 ct
1402 552 1618 611 lapidibus
1633 586 1643 604 ,
1669 559 1713 594 ct
1733 566 1815 594 cae-

439 628 534 671 teris
556 623 857 685 hujuscemodi
879 624 1113 678 creaturis3
1146 624 1216 666 hic
1244 623 1359 666 enim
1395 637 1513 665 error
1546 620 1814 665 Manichaeo-

436 711 532 741 rum
555 704 616 739 est
639 709 810 754 :neque
845 694 1034 751 Angelos
1066 702 1235 737 sanctos
1271 692 1450 736 vanitati
1489 691 1704 750 subjectos
1725 704 1815 734 esse

437 767 724 822 arbitremur3
759 773 802 808 et
823 764 877 808 de
900 765 965 807 his
998 763 1289 807 existimemus
1324 762 1444 823 quod
1466 761 1771 805 liberabuntur
1792 777 1816 805 a

434 837 638 882 servitute
673 835 871 878 interitus
889 869 900 888 ‚
927 848 1028 878 cum
1053 833 1270 877 interituri
1294 834 1446 892 utique
1475 847 1565 876 non
1594 832 1680 875 sint
1706 849 1715 875 :
1741 830 1816 875 sed

435 919 610 950 omnem
633 913 874 947 creaturam
898 903 944 947 in
965 903 1057 962 ipso
1078 903 1254 947 homine
1281 903 1371 946 sine
1392 901 1482 945 ulla
1504 900 1720 945 calumnia
1737 915 1815 945 co-

436 975 633 1032 gitemus.
654 975 752 1017 Non
772 973 889 1015 enim
909 981 1105 1015 creatura
1126 971 1217 1015 ulla
1239 986 1329 1015 esse
1350 979 1514 1029 potest,
1536 970 1617 1013 nisi
1637 978 1712 1013 aut
1733 970 1819 1028 spi-

436 1043 566 1088 ritalis
582 1077 592 1097 ,
617 1057 716 1101 quae
736 1040 906 1085 excellit
935 1042 981 1084 in
1009 1040 1184 1099 Angelis
1204 1061 1214 1097 3
1235 1050 1310 1084 aut
1332 1039 1549 1094 animalis,
1568 1054 1669 1098 quae
1686 1038 1817 1083 etiam

436 1114 482 1157 in
502 1114 590 1156 vita
618 1111 855 1155 bestiarum
876 1111 973 1154 satis
995 1119 1202 1169 apparet3
1235 1119 1309 1154 aut
1334 1108 1566 1168 corporalis
1583 1143 1595 1163 ‚
1631 1123 1731 1167 quae
1752 1109 1818 1152 vi-
1861 1168 1873 1172 -
1922 1103 1924 1107 ’

437 1181 530 1225 deri
547 1189 623 1224 aut
645 1180 763 1237 tangi
781 1188 923 1238 potest
942 1197 951 1224 ι
973 1180 1111 1223 omnis
1134 1189 1278 1223 autem
1302 1188 1366 1222 est
1389 1179 1520 1222 etiam
1542 1179 1588 1221 in
1610 1178 1786 1222 homine
1804 1198 1815 1234 3

437 1251 538 1310 quia
559 1252 691 1293 homo
712 1258 880 1293 constat
898 1249 1051 1307 spiritu
1064 1258 1107 1293 et
1123 1251 1264 1292 anima
1281 1258 1324 1292 et
1334 1263 1529 1307 corpore.
1541 1250 1658 1306 Ergo
1670 1265 1691 1289 «
1703 1262 1819 1292 crea-

439 1337 460 1360 »
495 1328 593 1362 tura
623 1318 930 1362 revelationem
967 1319 1158 1362 filiorum
1187 1318 1263 1361 Dei
1295 1326 1517 1376 expectat,
1551 1335 1570 1358 »
1603 1316 1819 1377 quidquid

437 1388 623 1432 nuncin
654 1387 830 1431 homine
851 1387 1043 1442 laborat,
1079 1396 1122 1431 et
1159 1387 1428 1445 corruptioni
1449 1387 1664 1445 subjacet,
1699 1386 1818 1430 illam

437 1457 599 1501 scilicet
635 1454 1028 1500 manifestationem
1064 1455 1119 1499 de
1157 1471 1243 1514 qua
1270 1456 1386 1498 idem
1416 1455 1522 1498 dicit
1544 1454 1778 1514 Apostolus
1805 1475 1814 1500 z

441 1545 462 1570 «
497 1527 659 1570 Mortui
688 1526 805 1569 enim
839 1527 960 1580 estis,
990 1534 1033 1569 et
1062 1527 1149 1570 vita
1182 1535 1322 1570 vestra
1354 1525 1605 1570 abscondita
1632 1535 1696 1569 est
1716 1541 1818 1570 cum

439 1614 462 1638 »
495 1595 666 1640 Christo
688 1595 734 1637 in
758 1597 847 1638 Deo
869 1613 878 1639 ε
901 1610 1002 1639 cum
1030 1595 1227 1640 Christus
1253 1595 1499 1653 apparuerit
1532 1595 1619 1638 vita
1648 1604 1788 1640 vestra
1804 1630 1815 1650 ,

440 1683 461 1707 »
496 1672 602 1708 tunc
630 1673 673 1708 et
697 1679 773 1709 vos
796 1679 895 1708 cum
918 1665 1012 1723 ipso
1035 1664 1298 1723 apparebitis
1319 1665 1364 1707 in
1388 1664 1520 1722 gloria
1535 1668 1566 1708 2.
1597 1683 1617 1706 »
1642 1665 1754 1709 Dicit
1775 1674 1818 1710 et

437 1737 624 1778 Joannes
645 1751 653 1777 ι
683 1751 703 1774 «
722 1733 993 1777 Dilectissimi
1010 1768 1021 1788 ‚
1047 1748 1164 1776 nune
1187 1733 1264 1776 filii
1284 1733 1358 1777 Dei
1377 1748 1542 1788 sumus,
1563 1743 1606 1778 et
1619 1734 1817 1779 nondum

439 1821 460 1844 »
496 1802 695 1861 apparuit
726 1801 834 1862 quid
855 1804 1013 1846 erimus
1040 1821 1048 1846 :
1075 1802 1230 1846 scimus
1253 1811 1399 1846 autem
1421 1804 1523 1862 quia
1558 1819 1658 1847 cum
1683 1820 1817 1864 appa-

440 1890 461 1913 »
495 1873 654 1926 ruerit,
680 1872 837 1915 similes
864 1873 903 1915 ei
926 1873 1085 1915 erimus
1100 1907 1111 1926 ‚
1135 1873 1344 1932 quoniam
1365 1872 1608 1916 videbimus
1632 1889 1734 1917 eum
1756 1875 1816 1919 si-

439 1960 460 1984 »
494 1943 584 1986 cuti
606 1942 711 1985 est³.
729 1959 749 1982 »
770 1944 891 1986 Hanc
913 1957 1016 2001 ergo
1033 1941 1341 1986 revelationem
1359 1941 1547 1986 filiorum
1571 1943 1647 1986 Dei
1669 1959 1817 2003 expec-

436 2021 498 2056 tat
519 2021 711 2055 creatura
733 2030 741 2055 :
762 2028 862 2071 quae
887 2013 933 2056 in
961 2013 1138 2056 homine
1166 2028 1284 2056 nunc
1306 2013 1486 2057 vanitati
1506 2013 1699 2072 subjecta
1722 2023 1812 2070 est,

434 2081 631 2141 quandiu
654 2080 800 2125 dedita
832 2091 895 2125 est
917 2081 1231 2141 temporalibus
1261 2082 1416 2136 rebus,
1453 2097 1554 2141 quae
1589 2091 1817 2128 transeunt

435 2160 644 2210 tanquam
666 2151 837 2194 umbra.
865 2150 989 2194 Unde
1006 2160 1049 2194 et
1070 2151 1115 2194 in
1138 2151 1308 2195 Psalmo
1330 2150 1489 2195 dicitur
1515 2170 1523 2196 :
1550 2155 1725 2197 «Homo
1741 2169 1817 2198 va-

439 2238 460 2262 »
494 2222 619 2264 nitati
637 2221 782 2265 similis
803 2220 942 2264 factus
967 2229 1030 2264 est
1046 2255 1056 2274 ‚
1088 2220 1178 2264 dies
1199 2222 1289 2280 ejus
1317 2221 1438 2265 velut
1459 2222 1616 2265 umbra
1638 2232 1816 2281 praeter-

439 2309 460 2333 »
494 2293 639 2335 eunt4.
664 2310 683 2332 »
709 2295 770 2335 De
792 2308 879 2351 qua
901 2293 1091 2337 vanitate
1107 2292 1236 2335 etiam
1262 2291 1463 2336 Salomon
1488 2292 1816 2352 loquitur,cum

435 2361 540 2406 dicit
559 2380 567 2406 :
587 2380 607 2404 «
624 2363 798 2406 vanitas
820 2363 1079 2417 vanitatum,
1107 2372 1150 2406 et
1172 2365 1315 2406 omnia
1338 2364 1504 2407 vanitas
1531 2381 1540 2407 ε
1563 2379 1662 2423 quae
1680 2364 1816 2409 abun-

439 2448 460 2471 »
495 2431 641 2475 dantia
662 2432 829 2476 homini
850 2433 895 2476 in
911 2433 1029 2477 omni
1049 2433 1197 2476 labore
1213 2447 1306 2486 suo,
1325 2448 1414 2492 quo
1432 2433 1523 2491 ipse
1544 2433 1716 2478 laborat
1733 2435 1815 2478 sub

503 2532 510 2547 ¹
535 2528 626 2558 Rom.
659 2536 727 2566 vui,
761 2537 810 2568 19,
838 2535 879 2559 20
907 2531 939 2559 et
960 2527 1013 2559 23.
1044 2544 1085 2549 —
1113 2534 1125 2550 ²
1145 2526 1245 2559 Colos.
1267 2539 1315 2567 111,
1346 2527 1375 2558 3.
1398 2544 1435 2549 —-
1461 2526 1476 2550 3
1505 2539 1515 2557 ι
1538 2529 1628 2559 Joan.
1651 2539 1700 2568 ιιι,
1719 2537 1753 2560 2,
1776 2545 1816 2552 ·—

441 2579 456 2609 4
475 2581 556 2611 Psal.
576 2592 680 2621 cxmn,
701 2580 734 2621 4.
