<?xml version="1.0" encoding="UTF-8"?>
<!DOCTYPE html PUBLIC "-//W3C//DTD XHTML 1.0 Transitional//EN"
    "http://www.w3.org/TR/xhtml1/DTD/xhtml1-transitional.dtd">
<html xmlns="http://www.w3.org/1999/xhtml" xml:lang="en" lang="en">
 <head>
  <title>
</title>
<meta http-equiv="Content-Type" content="text/html;charset=utf-8" />
  <meta name='ocr-system' content='tesseract 3.04.00' />
  <meta name='ocr-capabilities' content='ocr_page ocr_carea ocr_par ocr_line ocrx_word'/>
</head>
<body>
  <div class='ocr_page' id='page_1' title='image "./operaomniaaccura17auguuoft_0172.png"; bbox 0 0 1924 3309; ppageno 0'>
   <div class='ocr_carea' id='block_1_1' title="bbox 434 272 1384 309">
    <p class='ocr_par' dir='ltr' id='par_1_1' title="bbox 434 272 1384 309">
     <span class='ocr_line' id='line_1_1' title="bbox 434 272 1384 309; baseline -0.002 -1"><span class='ocrx_word' id='word_1_1' title='bbox 434 272 513 308; x_wconf 77' lang='lat'>162</span> <span class='ocrx_word' id='word_1_2' title='bbox 871 284 903 308; x_wconf 84' lang='lat' dir='ltr'>s.</span> <span class='ocrx_word' id='word_1_3' title='bbox 943 281 1169 309; x_wconf 70' lang='lat' dir='ltr'>AUGUSTlm</span> <span class='ocrx_word' id='word_1_4' title='bbox 1206 282 1384 309; x_wconf 60' lang='lat' dir='ltr'>Eviscoei</span> 
     </span>
    </p>
   </div>
   <div class='ocr_carea' id='block_1_2' title="bbox 420 342 1821 686">
    <p class='ocr_par' dir='ltr' id='par_1_2' title="bbox 420 342 1821 686">
     <span class='ocr_line' id='line_1_2' title="bbox 420 342 1817 404; baseline 0 -16"><span class='ocrx_word' id='word_1_5' title='bbox 420 342 658 404; x_wconf 83' lang='lat' dir='ltr'>repellitur.</span> <span class='ocrx_word' id='word_1_6' title='bbox 683 344 790 388; x_wconf 89' lang='lat' dir='ltr'>Ideo</span> <span class='ocrx_word' id='word_1_7' title='bbox 810 345 1068 404; x_wconf 82' lang='lat' dir='ltr'>Apostolus:</span> <span class='ocrx_word' id='word_1_8' title='bbox 1095 347 1282 403; x_wconf 86' lang='lat' dir='ltr'>«Neque</span> <span class='ocrx_word' id='word_1_9' title='bbox 1306 345 1432 400; x_wconf 91' lang='lat' dir='ltr'>detis,</span> <span class='ocrx_word' id='word_1_10' title='bbox 1458 346 1533 399; x_wconf 79' lang='lat' dir='ltr'>ait,</span> <span class='ocrx_word' id='word_1_11' title='bbox 1553 344 1700 388; x_wconf 81' lang='lat' dir='ltr'>locum</span> <span class='ocrx_word' id='word_1_12' title='bbox 1722 343 1817 388; x_wconf 82' lang='lat' dir='ltr'>dia-</span> 
     </span>
     <span class='ocr_line' id='line_1_3' title="bbox 424 415 1816 460; baseline 0.002 -3"><span class='ocrx_word' id='word_1_13' title='bbox 424 434 444 457; x_wconf 88' lang='lat'>»</span> <span class='ocrx_word' id='word_1_14' title='bbox 480 415 582 460; x_wconf 85' lang='lat' dir='ltr'>bolo</span> <span class='ocrx_word' id='word_1_15' title='bbox 600 417 630 459; x_wconf 87' lang='lat'>¹.</span> <span class='ocrx_word' id='word_1_16' title='bbox 649 434 669 458; x_wconf 85' lang='lat'>»</span> <span class='ocrx_word' id='word_1_17' title='bbox 697 418 810 460; x_wconf 85' lang='lat' dir='ltr'>Dant</span> <span class='ocrx_word' id='word_1_18' title='bbox 826 424 973 460; x_wconf 89' lang='lat' dir='ltr'>autem</span> <span class='ocrx_word' id='word_1_19' title='bbox 992 415 1139 459; x_wconf 91' lang='lat' dir='ltr'>locum</span> <span class='ocrx_word' id='word_1_20' title='bbox 1158 415 1356 459; x_wconf 88' lang='lat' dir='ltr'>homines</span> <span class='ocrx_word' id='word_1_21' title='bbox 1379 415 1556 460; x_wconf 84' lang='lat' dir='ltr'>diabolo</span> <span class='ocrx_word' id='word_1_22' title='bbox 1579 431 1631 459; x_wconf 75' lang='lat' dir='ltr'>ex</span> <span class='ocrx_word' id='word_1_23' title='bbox 1648 430 1816 460; x_wconf 88' lang='lat' dir='ltr'>concu-</span> 
     </span>
     <span class='ocr_line' id='line_1_4' title="bbox 423 486 1819 548; baseline -0.001 -16"><span class='ocrx_word' id='word_1_24' title='bbox 423 487 640 548; x_wconf 89' lang='lat' dir='ltr'>piscentiis</span> <span class='ocrx_word' id='word_1_25' title='bbox 663 488 764 531; x_wconf 89' lang='lat' dir='ltr'>suis.</span> <span class='ocrx_word' id='word_1_26' title='bbox 781 490 879 533; x_wconf 90' lang='lat' dir='ltr'>Non</span> <span class='ocrx_word' id='word_1_27' title='bbox 901 487 1018 531; x_wconf 90' lang='lat' dir='ltr'>enim</span> <span class='ocrx_word' id='word_1_28' title='bbox 1038 486 1191 531; x_wconf 87' lang='lat' dir='ltr'>vident</span> <span class='ocrx_word' id='word_1_29' title='bbox 1214 487 1412 531; x_wconf 84' lang='lat' dir='ltr'>homines</span> <span class='ocrx_word' id='word_1_30' title='bbox 1430 487 1658 532; x_wconf 86' lang='lat' dir='ltr'>diabolum</span> <span class='ocrx_word' id='word_1_31' title='bbox 1675 522 1686 540; x_wconf 86' lang='lat'>,</span> <span class='ocrx_word' id='word_1_32' title='bbox 1718 502 1819 530; x_wconf 89' lang='lat' dir='ltr'>cum</span> 
     </span>
     <span class='ocr_line' id='line_1_5' title="bbox 425 556 1820 619; baseline -0.002 -16"><span class='ocrx_word' id='word_1_33' title='bbox 425 574 514 619; x_wconf 85' lang='lat' dir='ltr'>quo</span> <span class='ocrx_word' id='word_1_34' title='bbox 534 566 757 618; x_wconf 83' lang='lat' dir='ltr'>pugnant,</span> <span class='ocrx_word' id='word_1_35' title='bbox 782 557 857 602; x_wconf 89' lang='lat' dir='ltr'>sed</span> <span class='ocrx_word' id='word_1_36' title='bbox 881 556 1006 601; x_wconf 81' lang='lat' dir='ltr'>facile</span> <span class='ocrx_word' id='word_1_37' title='bbox 1028 557 1195 600; x_wconf 86' lang='lat' dir='ltr'>habent</span> <span class='ocrx_word' id='word_1_38' title='bbox 1218 557 1476 601; x_wconf 89' lang='lat' dir='ltr'>remedium.</span> <span class='ocrx_word' id='word_1_39' title='bbox 1500 560 1552 601; x_wconf 90' lang='lat' dir='ltr'>Se</span> <span class='ocrx_word' id='word_1_40' title='bbox 1572 557 1683 616; x_wconf 91' lang='lat' dir='ltr'>ipsos</span> <span class='ocrx_word' id='word_1_41' title='bbox 1704 557 1820 601; x_wconf 89' lang='lat' dir='ltr'>inte-</span> 
     </span>
     <span class='ocr_line' id='line_1_6' title="bbox 422 625 1821 686; baseline -0.001 -14"><span class='ocrx_word' id='word_1_42' title='bbox 422 630 512 674; x_wconf 87' lang='lat' dir='ltr'>rius</span> <span class='ocrx_word' id='word_1_43' title='bbox 533 629 711 674; x_wconf 88' lang='lat' dir='ltr'>vincant</span> <span class='ocrx_word' id='word_1_44' title='bbox 726 663 737 684; x_wconf 88' lang='lat'>,</span> <span class='ocrx_word' id='word_1_45' title='bbox 757 637 800 672; x_wconf 90' lang='lat' dir='ltr'>et</span> <span class='ocrx_word' id='word_1_46' title='bbox 823 628 877 671; x_wconf 89' lang='lat' dir='ltr'>de</span> <span class='ocrx_word' id='word_1_47' title='bbox 900 626 974 671; x_wconf 89' lang='lat' dir='ltr'>illo</span> <span class='ocrx_word' id='word_1_48' title='bbox 999 625 1102 671; x_wconf 72' lang='lat' dir='ltr'>toris</span> <span class='ocrx_word' id='word_1_49' title='bbox 1121 627 1413 686; x_wconf 88' lang='lat' dir='ltr'>triumphant.</span> <span class='ocrx_word' id='word_1_50' title='bbox 1437 629 1581 680; x_wconf 82' lang='lat' dir='ltr'>Quare</span> <span class='ocrx_word' id='word_1_51' title='bbox 1603 628 1688 671; x_wconf 87' lang='lat' dir='ltr'>hoc</span> <span class='ocrx_word' id='word_1_52' title='bbox 1709 626 1821 671; x_wconf 84' lang='lat' dir='ltr'>dici-</span> 
     </span>
    </p>
   </div>
   <div class='ocr_carea' id='block_1_3' title="bbox 420 697 1920 753">
    <p class='ocr_par' dir='ltr' id='par_1_3' title="bbox 420 697 1920 753">
     <span class='ocr_line' id='line_1_7' title="bbox 420 697 1920 753; baseline -0.001 -9"><span class='ocrx_word' id='word_1_53' title='bbox 420 701 545 744; x_wconf 79' lang='lat' dir='ltr'>mus?</span> <span class='ocrx_word' id='word_1_54' title='bbox 568 700 680 753; x_wconf 87' lang='lat' dir='ltr'>Quia</span> <span class='ocrx_word' id='word_1_55' title='bbox 713 698 849 743; x_wconf 87' lang='lat' dir='ltr'>nescit</span> <span class='ocrx_word' id='word_1_56' title='bbox 870 714 913 742; x_wconf 85' lang='lat' dir='ltr'>se</span> <span class='ocrx_word' id='word_1_57' title='bbox 952 699 1084 743; x_wconf 88' lang='lat' dir='ltr'>homo</span> <span class='ocrx_word' id='word_1_58' title='bbox 1104 733 1115 753; x_wconf 94' lang='lat'>,</span> <span class='ocrx_word' id='word_1_59' title='bbox 1150 698 1233 742; x_wconf 88' lang='lat' dir='ltr'>nisi</span> <span class='ocrx_word' id='word_1_60' title='bbox 1254 699 1298 742; x_wconf 90' lang='lat' dir='ltr'>in</span> <span class='ocrx_word' id='word_1_61' title='bbox 1333 698 1575 742; x_wconf 82' lang='lat' dir='ltr'>tentatione</span> <span class='ocrx_word' id='word_1_62' title='bbox 1599 697 1736 742; x_wconf 84' lang='lat' dir='ltr'>discat</span> <span class='ocrx_word' id='word_1_63' title='bbox 1757 713 1816 742; x_wconf 88' lang='lat' dir='ltr'>se.</span> <span class='ocrx_word' id='word_1_64' title='bbox 1872 747 1875 749; x_wconf 53' lang='grc'><em>,</em></span> <span class='ocrx_word' id='word_1_65' title='bbox 1918 727 1920 734; x_wconf 88' lang='lat'>·</span> 
     </span>
    </p>
   </div>
   <div class='ocr_carea' id='block_1_4' title="bbox 418 767 1821 1888">
    <p class='ocr_par' dir='ltr' id='par_1_4' title="bbox 419 767 1821 899">
     <span class='ocr_line' id='line_1_8' title="bbox 419 767 1821 828; baseline -0.002 -12"><span class='ocrx_word' id='word_1_66' title='bbox 419 774 532 816; x_wconf 92' lang='lat' dir='ltr'>Cum</span> <span class='ocrx_word' id='word_1_67' title='bbox 554 780 700 815; x_wconf 90' lang='lat' dir='ltr'>autem</span> <span class='ocrx_word' id='word_1_68' title='bbox 717 769 919 814; x_wconf 86' lang='lat' dir='ltr'>didicerit</span> <span class='ocrx_word' id='word_1_69' title='bbox 935 784 995 824; x_wconf 87' lang='lat' dir='ltr'>se,</span> <span class='ocrx_word' id='word_1_70' title='bbox 1013 784 1105 813; x_wconf 92' lang='lat' dir='ltr'>non</span> <span class='ocrx_word' id='word_1_71' title='bbox 1123 784 1166 813; x_wconf 90' lang='lat' dir='ltr'>se</span> <span class='ocrx_word' id='word_1_72' title='bbox 1191 767 1398 828; x_wconf 83' lang='lat' dir='ltr'>negligat.</span> <span class='ocrx_word' id='word_1_73' title='bbox 1423 769 1466 814; x_wconf 90' lang='lat' dir='ltr'>Si</span> <span class='ocrx_word' id='word_1_74' title='bbox 1484 769 1600 813; x_wconf 88' lang='lat' dir='ltr'>enim</span> <span class='ocrx_word' id='word_1_75' title='bbox 1623 784 1668 814; x_wconf 89' lang='lat' dir='ltr'>se</span> <span class='ocrx_word' id='word_1_76' title='bbox 1686 768 1821 828; x_wconf 86' lang='lat' dir='ltr'>negli-</span> 
     </span>
     <span class='ocr_line' id='line_1_9' title="bbox 423 838 1391 899; baseline -0.002 -14"><span class='ocrx_word' id='word_1_77' title='bbox 423 842 551 899; x_wconf 84' lang='lat' dir='ltr'>gebat</span> <span class='ocrx_word' id='word_1_78' title='bbox 569 841 776 885; x_wconf 88' lang='lat' dir='ltr'>latentem</span> <span class='ocrx_word' id='word_1_79' title='bbox 799 875 810 896; x_wconf 97' lang='lat'>,</span> <span class='ocrx_word' id='word_1_80' title='bbox 836 855 926 884; x_wconf 89' lang='lat' dir='ltr'>non</span> <span class='ocrx_word' id='word_1_81' title='bbox 948 855 991 884; x_wconf 89' lang='lat' dir='ltr'>se</span> <span class='ocrx_word' id='word_1_82' title='bbox 1014 838 1206 899; x_wconf 84' lang='lat' dir='ltr'>negligat</span> <span class='ocrx_word' id='word_1_83' title='bbox 1231 848 1391 884; x_wconf 85' lang='lat' dir='ltr'>totum.</span> 
     </span>
    </p>

    <p class='ocr_par' dir='ltr' id='par_1_5' title="bbox 418 909 1820 1819">
     <span class='ocr_line' id='line_1_10' title="bbox 478 909 1820 969; baseline -0.001 -13"><span class='ocrx_word' id='word_1_84' title='bbox 478 914 553 956; x_wconf 89' lang='lat' dir='ltr'>IV.</span> <span class='ocrx_word' id='word_1_85' title='bbox 584 910 699 965; x_wconf 87' lang='lat' dir='ltr'>Quid</span> <span class='ocrx_word' id='word_1_86' title='bbox 720 926 824 969; x_wconf 86' lang='lat' dir='ltr'>ergo</span> <span class='ocrx_word' id='word_1_87' title='bbox 854 909 1040 955; x_wconf 86' lang='lat' dir='ltr'>dicimus</span> <span class='ocrx_word' id='word_1_88' title='bbox 1062 945 1073 966; x_wconf 97' lang='lat'>,</span> <span class='ocrx_word' id='word_1_89' title='bbox 1095 909 1283 955; x_wconf 79' lang='lat' dir='ltr'>fratres?</span> <span class='ocrx_word' id='word_1_90' title='bbox 1312 911 1403 955; x_wconf 88' lang='lat' dir='ltr'>Etsi</span> <span class='ocrx_word' id='word_1_91' title='bbox 1427 910 1591 955; x_wconf 89' lang='lat' dir='ltr'>sciebat</span> <span class='ocrx_word' id='word_1_92' title='bbox 1611 925 1656 954; x_wconf 90' lang='lat' dir='ltr'>se</span> <span class='ocrx_word' id='word_1_93' title='bbox 1678 910 1820 955; x_wconf 84' lang='lat' dir='ltr'>Abra-</span> 
     </span>
     <span class='ocr_line' id='line_1_11' title="bbox 420 981 1816 1036; baseline 0 -10"><span class='ocrx_word' id='word_1_94' title='bbox 420 983 547 1036; x_wconf 85' lang='lat' dir='ltr'>ham,</span> <span class='ocrx_word' id='word_1_95' title='bbox 579 998 657 1027; x_wconf 90' lang='lat' dir='ltr'>nos</span> <span class='ocrx_word' id='word_1_96' title='bbox 693 998 784 1027; x_wconf 91' lang='lat' dir='ltr'>non</span> <span class='ocrx_word' id='word_1_97' title='bbox 805 996 1065 1026; x_wconf 85' lang='lat' dir='ltr'>noveramus</span> <span class='ocrx_word' id='word_1_98' title='bbox 1095 982 1334 1026; x_wconf 85' lang='lat' dir='ltr'>Abraham.</span> <span class='ocrx_word' id='word_1_99' title='bbox 1362 984 1451 1025; x_wconf 85' lang='lat' dir='ltr'>Aut</span> <span class='ocrx_word' id='word_1_100' title='bbox 1472 981 1578 1036; x_wconf 90' lang='lat' dir='ltr'>sibi,</span> <span class='ocrx_word' id='word_1_101' title='bbox 1600 990 1675 1025; x_wconf 88' lang='lat' dir='ltr'>aut</span> <span class='ocrx_word' id='word_1_102' title='bbox 1698 991 1816 1026; x_wconf 89' lang='lat' dir='ltr'>certe</span> 
     </span>
     <span class='ocr_line' id='line_1_12' title="bbox 421 1050 1818 1113; baseline -0.001 -16"><span class='ocrx_word' id='word_1_103' title='bbox 421 1054 546 1098; x_wconf 88' lang='lat' dir='ltr'>nobis</span> <span class='ocrx_word' id='word_1_104' title='bbox 568 1051 820 1113; x_wconf 88' lang='lat' dir='ltr'>prodendus</span> <span class='ocrx_word' id='word_1_105' title='bbox 843 1061 933 1096; x_wconf 88' lang='lat' dir='ltr'>erat</span> <span class='ocrx_word' id='word_1_106' title='bbox 958 1071 968 1097; x_wconf 86' lang='lat'><strong>:</strong></span> <span class='ocrx_word' id='word_1_107' title='bbox 992 1052 1090 1107; x_wconf 83' lang='lat' dir='ltr'>sibi,</span> <span class='ocrx_word' id='word_1_108' title='bbox 1115 1061 1165 1096; x_wconf 88' lang='lat' dir='ltr'>ut</span> <span class='ocrx_word' id='word_1_109' title='bbox 1187 1050 1314 1096; x_wconf 90' lang='lat' dir='ltr'>sciret</span> <span class='ocrx_word' id='word_1_110' title='bbox 1332 1051 1451 1095; x_wconf 91' lang='lat' dir='ltr'>unde</span> <span class='ocrx_word' id='word_1_111' title='bbox 1469 1051 1624 1109; x_wconf 84' lang='lat' dir='ltr'>gratias</span> <span class='ocrx_word' id='word_1_112' title='bbox 1642 1061 1818 1111; x_wconf 66' lang='lat' dir='ltr'>ageret,</span> 
     </span>
     <span class='ocr_line' id='line_1_13' title="bbox 419 1121 1819 1182; baseline -0.001 -14"><span class='ocrx_word' id='word_1_113' title='bbox 419 1125 543 1168; x_wconf 88' lang='lat' dir='ltr'>nobis</span> <span class='ocrx_word' id='word_1_114' title='bbox 563 1160 574 1179; x_wconf 82' lang='lat'>,</span> <span class='ocrx_word' id='word_1_115' title='bbox 599 1133 650 1168; x_wconf 92' lang='lat' dir='ltr'>ut</span> <span class='ocrx_word' id='word_1_116' title='bbox 669 1124 875 1168; x_wconf 80' lang='lat' dir='ltr'>sciremus</span> <span class='ocrx_word' id='word_1_117' title='bbox 900 1122 969 1168; x_wconf 88' lang='lat' dir='ltr'>vel</span> <span class='ocrx_word' id='word_1_118' title='bbox 987 1122 1096 1182; x_wconf 82' lang='lat' dir='ltr'>quid</span> <span class='ocrx_word' id='word_1_119' title='bbox 1119 1138 1142 1166; x_wconf 85' lang='lat' dir='ltr'>a</span> <span class='ocrx_word' id='word_1_120' title='bbox 1164 1123 1353 1167; x_wconf 88' lang='lat' dir='ltr'>Domino</span> <span class='ocrx_word' id='word_1_121' title='bbox 1371 1121 1722 1181; x_wconf 83' lang='lat' dir='ltr'>deprecaremur,</span> <span class='ocrx_word' id='word_1_122' title='bbox 1750 1122 1819 1174; x_wconf 88' lang='lat' dir='ltr'>vel</span> 
     </span>
     <span class='ocr_line' id='line_1_14' title="bbox 418 1193 1818 1256; baseline -0.001 -17"><span class='ocrx_word' id='word_1_123' title='bbox 418 1196 527 1256; x_wconf 84' lang='lat' dir='ltr'>quid</span> <span class='ocrx_word' id='word_1_124' title='bbox 557 1199 603 1238; x_wconf 89' lang='lat' dir='ltr'>in</span> <span class='ocrx_word' id='word_1_125' title='bbox 625 1195 801 1239; x_wconf 90' lang='lat' dir='ltr'>homine</span> <span class='ocrx_word' id='word_1_126' title='bbox 823 1195 1111 1238; x_wconf 86' lang='lat' dir='ltr'>imitaremur.</span> <span class='ocrx_word' id='word_1_127' title='bbox 1138 1193 1256 1247; x_wconf 90' lang='lat' dir='ltr'>Quid</span> <span class='ocrx_word' id='word_1_128' title='bbox 1291 1210 1394 1252; x_wconf 84' lang='lat' dir='ltr'>ergo</span> <span class='ocrx_word' id='word_1_129' title='bbox 1418 1209 1496 1237; x_wconf 88' lang='lat' dir='ltr'>nos</span> <span class='ocrx_word' id='word_1_130' title='bbox 1519 1193 1647 1238; x_wconf 89' lang='lat' dir='ltr'>docet</span> <span class='ocrx_word' id='word_1_131' title='bbox 1673 1194 1818 1238; x_wconf 78' lang='lat' dir='ltr'>Abra—</span> 
     </span>
     <span class='ocr_line' id='line_1_15' title="bbox 418 1264 1814 1325; baseline -0.001 -14"><span class='ocrx_word' id='word_1_132' title='bbox 418 1267 554 1311; x_wconf 75' lang='lat' dir='ltr'>ham?</span> <span class='ocrx_word' id='word_1_133' title='bbox 574 1268 629 1310; x_wconf 91' lang='lat' dir='ltr'>Ut</span> <span class='ocrx_word' id='word_1_134' title='bbox 649 1265 839 1310; x_wconf 87' lang='lat' dir='ltr'>breviter</span> <span class='ocrx_word' id='word_1_135' title='bbox 861 1264 1030 1320; x_wconf 87' lang='lat' dir='ltr'>dicam,</span> <span class='ocrx_word' id='word_1_136' title='bbox 1056 1274 1105 1308; x_wconf 89' lang='lat' dir='ltr'>ut</span> <span class='ocrx_word' id='word_1_137' title='bbox 1137 1268 1227 1309; x_wconf 90' lang='lat' dir='ltr'>Deo</span> <span class='ocrx_word' id='word_1_138' title='bbox 1250 1280 1340 1308; x_wconf 89' lang='lat' dir='ltr'>non</span> <span class='ocrx_word' id='word_1_139' title='bbox 1364 1279 1670 1323; x_wconf 83' lang='lat' dir='ltr'>praeponamus</span> <span class='ocrx_word' id='word_1_140' title='bbox 1691 1264 1814 1325; x_wconf 89' lang='lat' dir='ltr'>quod</span> 
     </span>
     <span class='ocr_line' id='line_1_16' title="bbox 421 1336 1818 1395; baseline -0.002 -13"><span class='ocrx_word' id='word_1_141' title='bbox 421 1337 495 1382; x_wconf 87' lang='lat' dir='ltr'>dat</span> <span class='ocrx_word' id='word_1_142' title='bbox 513 1341 643 1382; x_wconf 85' lang='lat' dir='ltr'>Deus.</span> <span class='ocrx_word' id='word_1_143' title='bbox 672 1337 852 1381; x_wconf 87' lang='lat' dir='ltr'>Interim</span> <span class='ocrx_word' id='word_1_144' title='bbox 869 1337 925 1380; x_wconf 88' lang='lat' dir='ltr'>ad</span> <span class='ocrx_word' id='word_1_145' title='bbox 940 1336 1129 1380; x_wconf 82' lang='lat' dir='ltr'>litteram</span> <span class='ocrx_word' id='word_1_146' title='bbox 1152 1351 1299 1380; x_wconf 83' lang='lat' dir='ltr'>rerum</span> <span class='ocrx_word' id='word_1_147' title='bbox 1320 1344 1555 1394; x_wconf 85' lang='lat' dir='ltr'>gestarum,</span> <span class='ocrx_word' id='word_1_148' title='bbox 1582 1345 1818 1395; x_wconf 86' lang='lat' dir='ltr'>antequam</span> 
     </span>
     <span class='ocr_line' id='line_1_17' title="bbox 424 1405 1819 1466; baseline -0.002 -13"><span class='ocrx_word' id='word_1_149' title='bbox 424 1418 633 1454; x_wconf 85' lang='lat' dir='ltr'>tractetur</span> <span class='ocrx_word' id='word_1_150' title='bbox 671 1407 835 1451; x_wconf 84' lang='lat' dir='ltr'>latebra</span> <span class='ocrx_word' id='word_1_151' title='bbox 869 1407 1154 1462; x_wconf 85' lang='lat' dir='ltr'>sacramenti,</span> <span class='ocrx_word' id='word_1_152' title='bbox 1192 1405 1239 1450; x_wconf 86' lang='lat' dir='ltr'>id</span> <span class='ocrx_word' id='word_1_153' title='bbox 1271 1416 1332 1451; x_wconf 87' lang='lat' dir='ltr'>est</span> <span class='ocrx_word' id='word_1_154' title='bbox 1369 1406 1477 1466; x_wconf 88' lang='lat' dir='ltr'>quid</span> <span class='ocrx_word' id='word_1_155' title='bbox 1507 1405 1638 1450; x_wconf 86' lang='lat' dir='ltr'>lateat</span> <span class='ocrx_word' id='word_1_156' title='bbox 1659 1408 1703 1450; x_wconf 89' lang='lat' dir='ltr'>in</span> <span class='ocrx_word' id='word_1_157' title='bbox 1735 1407 1819 1451; x_wconf 93' lang='lat' dir='ltr'>hoc</span> 
     </span>
     <span class='ocr_line' id='line_1_18' title="bbox 424 1475 1816 1536; baseline -0.001 -15"><span class='ocrx_word' id='word_1_158' title='bbox 424 1478 648 1535; x_wconf 86' lang='lat' dir='ltr'>mysterio,</span> <span class='ocrx_word' id='word_1_159' title='bbox 660 1492 749 1536; x_wconf 88' lang='lat' dir='ltr'>quo</span> <span class='ocrx_word' id='word_1_160' title='bbox 762 1477 905 1536; x_wconf 83' lang='lat' dir='ltr'>jussus</span> <span class='ocrx_word' id='word_1_161' title='bbox 926 1485 990 1520; x_wconf 89' lang='lat' dir='ltr'>est</span> <span class='ocrx_word' id='word_1_162' title='bbox 1007 1476 1231 1520; x_wconf 84' lang='lat' dir='ltr'>Abraham</span> <span class='ocrx_word' id='word_1_163' title='bbox 1248 1476 1445 1520; x_wconf 85' lang='lat' dir='ltr'>occidere</span> <span class='ocrx_word' id='word_1_164' title='bbox 1461 1476 1642 1520; x_wconf 86' lang='lat' dir='ltr'>unicum</span> <span class='ocrx_word' id='word_1_165' title='bbox 1660 1475 1816 1520; x_wconf 87' lang='lat' dir='ltr'>filium.</span> 
     </span>
     <span class='ocr_line' id='line_1_19' title="bbox 425 1546 1819 1606; baseline -0.001 -14"><span class='ocrx_word' id='word_1_166' title='bbox 425 1551 540 1606; x_wconf 84' lang='lat' dir='ltr'>Ergo</span> <span class='ocrx_word' id='word_1_167' title='bbox 560 1564 641 1592; x_wconf 90' lang='lat' dir='ltr'>nec</span> <span class='ocrx_word' id='word_1_168' title='bbox 662 1547 773 1590; x_wconf 90' lang='lat' dir='ltr'>illud</span> <span class='ocrx_word' id='word_1_169' title='bbox 794 1546 915 1606; x_wconf 88' lang='lat' dir='ltr'>quod</span> <span class='ocrx_word' id='word_1_170' title='bbox 942 1547 1024 1591; x_wconf 89' lang='lat' dir='ltr'>tibi</span> <span class='ocrx_word' id='word_1_171' title='bbox 1058 1562 1138 1606; x_wconf 90' lang='lat' dir='ltr'>pro</span> <span class='ocrx_word' id='word_1_172' title='bbox 1160 1562 1318 1605; x_wconf 86' lang='lat' dir='ltr'>magno</span> <span class='ocrx_word' id='word_1_173' title='bbox 1340 1556 1517 1606; x_wconf 79' lang='lat' dir='ltr'>praestat</span> <span class='ocrx_word' id='word_1_174' title='bbox 1539 1550 1678 1601; x_wconf 90' lang='lat' dir='ltr'>Deus,</span> <span class='ocrx_word' id='word_1_175' title='bbox 1704 1561 1819 1606; x_wconf 83' lang='lat' dir='ltr'>prae-</span> 
     </span>
     <span class='ocr_line' id='line_1_20' title="bbox 425 1616 1816 1679; baseline -0.001 -16"><span class='ocrx_word' id='word_1_176' title='bbox 425 1635 561 1679; x_wconf 86' lang='lat' dir='ltr'>ponas</span> <span class='ocrx_word' id='word_1_177' title='bbox 578 1618 641 1662; x_wconf 86' lang='lat' dir='ltr'>illi</span> <span class='ocrx_word' id='word_1_178' title='bbox 662 1617 737 1678; x_wconf 88' lang='lat' dir='ltr'>qui</span> <span class='ocrx_word' id='word_1_179' title='bbox 759 1617 959 1676; x_wconf 84' lang='lat' dir='ltr'>praestitit</span> <span class='ocrx_word' id='word_1_180' title='bbox 981 1636 990 1662; x_wconf 74' lang='grc' dir='ltr'>ι</span> <span class='ocrx_word' id='word_1_181' title='bbox 1016 1627 1060 1661; x_wconf 90' lang='lat' dir='ltr'>et</span> <span class='ocrx_word' id='word_1_182' title='bbox 1081 1633 1182 1662; x_wconf 91' lang='lat' dir='ltr'>cum</span> <span class='ocrx_word' id='word_1_183' title='bbox 1213 1617 1295 1661; x_wconf 88' lang='lat' dir='ltr'>tibi</span> <span class='ocrx_word' id='word_1_184' title='bbox 1318 1616 1508 1662; x_wconf 88' lang='lat' dir='ltr'>voluerit</span> <span class='ocrx_word' id='word_1_185' title='bbox 1528 1618 1789 1662; x_wconf 87' lang='lat' dir='ltr'>subtrahere</span> <span class='ocrx_word' id='word_1_186' title='bbox 1805 1652 1816 1672; x_wconf 85' lang='lat'>,</span> 
     </span>
     <span class='ocr_line' id='line_1_21' title="bbox 427 1686 1817 1747; baseline -0.001 -13"><span class='ocrx_word' id='word_1_187' title='bbox 427 1706 517 1734; x_wconf 90' lang='lat' dir='ltr'>non</span> <span class='ocrx_word' id='word_1_188' title='bbox 552 1689 632 1733; x_wconf 88' lang='lat' dir='ltr'>tibi</span> <span class='ocrx_word' id='word_1_189' title='bbox 658 1687 835 1733; x_wconf 88' lang='lat' dir='ltr'>vilescat</span> <span class='ocrx_word' id='word_1_190' title='bbox 857 1708 865 1733; x_wconf 89' lang='lat'>:</span> <span class='ocrx_word' id='word_1_191' title='bbox 890 1688 992 1747; x_wconf 88' lang='lat' dir='ltr'>quia</span> <span class='ocrx_word' id='word_1_192' title='bbox 1019 1688 1147 1746; x_wconf 85' lang='lat' dir='ltr'>gratis</span> <span class='ocrx_word' id='word_1_193' title='bbox 1169 1688 1380 1732; x_wconf 87' lang='lat' dir='ltr'>amandus</span> <span class='ocrx_word' id='word_1_194' title='bbox 1414 1697 1476 1732; x_wconf 89' lang='lat' dir='ltr'>est</span> <span class='ocrx_word' id='word_1_195' title='bbox 1514 1691 1644 1731; x_wconf 88' lang='lat' dir='ltr'>Deus.</span> <span class='ocrx_word' id='word_1_196' title='bbox 1685 1686 1817 1741; x_wconf 91' lang='lat' dir='ltr'>Quod</span> 
     </span>
     <span class='ocr_line' id='line_1_22' title="bbox 429 1759 1616 1819; baseline -0.003 -15"><span class='ocrx_word' id='word_1_197' title='bbox 429 1762 545 1805; x_wconf 88' lang='lat' dir='ltr'>enim</span> <span class='ocrx_word' id='word_1_198' title='bbox 566 1759 738 1804; x_wconf 88' lang='lat' dir='ltr'>dulcius</span> <span class='ocrx_word' id='word_1_199' title='bbox 756 1775 779 1803; x_wconf 90' lang='lat' dir='ltr'>a</span> <span class='ocrx_word' id='word_1_200' title='bbox 800 1763 891 1803; x_wconf 85' lang='lat' dir='ltr'>Deo</span> <span class='ocrx_word' id='word_1_201' title='bbox 912 1760 1143 1819; x_wconf 82' lang='lat' dir='ltr'>praemium</span> <span class='ocrx_word' id='word_1_202' title='bbox 1163 1794 1173 1814; x_wconf 90' lang='lat'>‚</span> <span class='ocrx_word' id='word_1_203' title='bbox 1199 1775 1331 1819; x_wconf 85' lang='lat' dir='ltr'>quam</span> <span class='ocrx_word' id='word_1_204' title='bbox 1353 1760 1443 1816; x_wconf 86' lang='lat' dir='ltr'>ipse</span> <span class='ocrx_word' id='word_1_205' title='bbox 1466 1761 1616 1801; x_wconf 78' lang='lat' dir='ltr'>Deus?</span> 
     </span>
    </p>

    <p class='ocr_par' dir='ltr' id='par_1_6' title="bbox 488 1826 1819 1888">
     <span class='ocr_line' id='line_1_23' title="bbox 488 1826 1819 1888; baseline -0.002 -14"><span class='ocrx_word' id='word_1_206' title='bbox 488 1833 542 1874; x_wconf 91' lang='lat' dir='ltr'>V.</span> <span class='ocrx_word' id='word_1_207' title='bbox 568 1833 682 1888; x_wconf 90' lang='lat' dir='ltr'>Ergo</span> <span class='ocrx_word' id='word_1_208' title='bbox 704 1829 881 1888; x_wconf 86' lang='lat' dir='ltr'>impleta</span> <span class='ocrx_word' id='word_1_209' title='bbox 904 1829 1123 1873; x_wconf 81' lang='lat' dir='ltr'>Abraham</span> <span class='ocrx_word' id='word_1_210' title='bbox 1145 1827 1388 1871; x_wconf 85' lang='lat' dir='ltr'>devotionis</span> <span class='ocrx_word' id='word_1_211' title='bbox 1405 1826 1670 1882; x_wconf 87' lang='lat' dir='ltr'>obedientia,</span> <span class='ocrx_word' id='word_1_212' title='bbox 1695 1826 1819 1871; x_wconf 88' lang='lat' dir='ltr'>audit</span> 
     </span>
    </p>
   </div>
   <div class='ocr_carea' id='block_1_5' title="bbox 430 1896 1887 1956">
    <p class='ocr_par' dir='ltr' id='par_1_7' title="bbox 430 1896 1887 1956">
     <span class='ocr_line' id='line_1_24' title="bbox 430 1896 1887 1956; baseline -0.004 -10"><span class='ocrx_word' id='word_1_213' title='bbox 430 1919 453 1946; x_wconf 84' lang='lat' dir='ltr'>a</span> <span class='ocrx_word' id='word_1_214' title='bbox 470 1906 560 1946; x_wconf 88' lang='lat' dir='ltr'>Deo</span> <span class='ocrx_word' id='word_1_215' title='bbox 583 1919 591 1944; x_wconf 87' lang='lat'>:</span> <span class='ocrx_word' id='word_1_216' title='bbox 621 1919 640 1940; x_wconf 86' lang='lat'>«</span> <span class='ocrx_word' id='word_1_217' title='bbox 664 1901 791 1943; x_wconf 88' lang='lat' dir='ltr'>Nunc</span> <span class='ocrx_word' id='word_1_218' title='bbox 808 1897 994 1955; x_wconf 85' lang='lat' dir='ltr'>cognovi</span> <span class='ocrx_word' id='word_1_219' title='bbox 1016 1897 1225 1956; x_wconf 88' lang='lat' dir='ltr'>quoniam</span> <span class='ocrx_word' id='word_1_220' title='bbox 1246 1905 1296 1940; x_wconf 89' lang='lat' dir='ltr'>tu</span> <span class='ocrx_word' id='word_1_221' title='bbox 1318 1896 1444 1940; x_wconf 88' lang='lat' dir='ltr'>times</span> <span class='ocrx_word' id='word_1_222' title='bbox 1462 1899 1600 1940; x_wconf 89' lang='lat' dir='ltr'>Deum</span> <span class='ocrx_word' id='word_1_223' title='bbox 1614 1900 1676 1940; x_wconf 73' lang='lat'>².»</span> <span class='ocrx_word' id='word_1_224' title='bbox 1690 1897 1819 1951; x_wconf 91' lang='lat' dir='ltr'>Quod</span> <span class='ocrx_word' id='word_1_225' title='bbox 1884 1946 1887 1947; x_wconf 19' lang='lat'><em>⁷</em></span> 
     </span>
    </p>
   </div>
   <div class='ocr_carea' id='block_1_6' title="bbox 428 1966 1818 2098">
    <p class='ocr_par' dir='ltr' id='par_1_8' title="bbox 428 1966 1818 2098">
     <span class='ocr_line' id='line_1_25' title="bbox 428 1966 1817 2028; baseline -0.003 -12"><span class='ocrx_word' id='word_1_226' title='bbox 428 1973 484 2016; x_wconf 82' lang='lat' dir='ltr'>ita</span> <span class='ocrx_word' id='word_1_227' title='bbox 513 1969 797 2027; x_wconf 88' lang='lat' dir='ltr'>intelligitur,</span> <span class='ocrx_word' id='word_1_228' title='bbox 823 1967 945 2028; x_wconf 84' lang='lat' dir='ltr'>quod</span> <span class='ocrx_word' id='word_1_229' title='bbox 963 1968 1185 2012; x_wconf 86' lang='lat' dir='ltr'>Abraham</span> <span class='ocrx_word' id='word_1_230' title='bbox 1207 1966 1359 2012; x_wconf 68' lang='lat' dir='ltr'>fecerit</span> <span class='ocrx_word' id='word_1_231' title='bbox 1377 1971 1490 2012; x_wconf 88' lang='lat' dir='ltr'>Deus</span> <span class='ocrx_word' id='word_1_232' title='bbox 1514 1977 1564 2012; x_wconf 89' lang='lat' dir='ltr'>ut</span> <span class='ocrx_word' id='word_1_233' title='bbox 1587 1968 1669 2012; x_wconf 91' lang='lat' dir='ltr'>sibi</span> <span class='ocrx_word' id='word_1_234' title='bbox 1687 1968 1817 2013; x_wconf 92' lang='lat' dir='ltr'>inno-</span> 
     </span>
     <span class='ocr_line' id='line_1_26' title="bbox 428 2037 1818 2098; baseline -0.003 -12"><span class='ocrx_word' id='word_1_235' title='bbox 428 2050 623 2087; x_wconf 79' lang='lat' dir='ltr'>tesceret.</span> <span class='ocrx_word' id='word_1_236' title='bbox 659 2039 780 2084; x_wconf 87' lang='lat' dir='ltr'>Sicut</span> <span class='ocrx_word' id='word_1_237' title='bbox 807 2037 985 2097; x_wconf 87' lang='lat' dir='ltr'>quando</span> <span class='ocrx_word' id='word_1_238' title='bbox 1008 2037 1205 2098; x_wconf 88' lang='lat' dir='ltr'>loquitur</span> <span class='ocrx_word' id='word_1_239' title='bbox 1241 2039 1460 2097; x_wconf 86' lang='lat' dir='ltr'>Propheta</span> <span class='ocrx_word' id='word_1_240' title='bbox 1487 2057 1495 2083; x_wconf 89' lang='lat'><strong>:</strong></span> <span class='ocrx_word' id='word_1_241' title='bbox 1528 2039 1818 2096; x_wconf 86' lang='lat' dir='ltr'>(Christianis</span> 
     </span>
    </p>
   </div>
   <div class='ocr_carea' id='block_1_7' title="bbox 431 2107 1879 2172">
    <p class='ocr_par' dir='ltr' id='par_1_9' title="bbox 431 2107 1879 2172">
     <span class='ocr_line' id='line_1_27' title="bbox 431 2107 1879 2172; baseline -0.003 -16"><span class='ocrx_word' id='word_1_242' title='bbox 431 2113 610 2172; x_wconf 91' lang='lat' dir='ltr'>loquor,</span> <span class='ocrx_word' id='word_1_243' title='bbox 642 2109 712 2155; x_wconf 90' lang='lat' dir='ltr'>vel</span> <span class='ocrx_word' id='word_1_244' title='bbox 733 2108 1061 2168; x_wconf 82' lang='lat' dir='ltr'>proficientibus</span> <span class='ocrx_word' id='word_1_245' title='bbox 1084 2109 1129 2151; x_wconf 88' lang='lat' dir='ltr'>in</span> <span class='ocrx_word' id='word_1_246' title='bbox 1151 2107 1298 2152; x_wconf 88' lang='lat' dir='ltr'>schola</span> <span class='ocrx_word' id='word_1_247' title='bbox 1320 2109 1394 2151; x_wconf 89' lang='lat' dir='ltr'>Dei</span> <span class='ocrx_word' id='word_1_248' title='bbox 1415 2130 1426 2166; x_wconf 74' lang='lat'>3</span> <span class='ocrx_word' id='word_1_249' title='bbox 1456 2124 1544 2152; x_wconf 89' lang='lat' dir='ltr'>non</span> <span class='ocrx_word' id='word_1_250' title='bbox 1566 2118 1668 2152; x_wconf 88' lang='lat' dir='ltr'>sunt</span> <span class='ocrx_word' id='word_1_251' title='bbox 1695 2107 1819 2153; x_wconf 89' lang='lat' dir='ltr'>rudia</span> <span class='ocrx_word' id='word_1_252' title='bbox 1844 2163 1846 2165; x_wconf 73' lang='lat'>.</span> <span class='ocrx_word' id='word_1_253' title='bbox 1874 2151 1879 2156; x_wconf 89' lang='grc'><em>,</em></span> 
     </span>
    </p>
   </div>
   <div class='ocr_carea' id='block_1_8' title="bbox 432 2174 1820 2597">
    <p class='ocr_par' dir='ltr' id='par_1_10' title="bbox 432 2174 1820 2597">
     <span class='ocr_line' id='line_1_28' title="bbox 432 2174 1820 2241; baseline -0.003 -13"><span class='ocrx_word' id='word_1_254' title='bbox 432 2200 513 2228; x_wconf 89' lang='lat' dir='ltr'>nec</span> <span class='ocrx_word' id='word_1_255' title='bbox 534 2198 646 2227; x_wconf 86' lang='lat' dir='ltr'>nova</span> <span class='ocrx_word' id='word_1_256' title='bbox 662 2196 761 2241; x_wconf 84' lang='lat' dir='ltr'>quae</span> <span class='ocrx_word' id='word_1_257' title='bbox 783 2179 903 2235; x_wconf 88' lang='lat' dir='ltr'>dico,</span> <span class='ocrx_word' id='word_1_258' title='bbox 929 2179 1006 2223; x_wconf 89' lang='lat' dir='ltr'>sed</span> <span class='ocrx_word' id='word_1_259' title='bbox 1032 2181 1196 2223; x_wconf 87' lang='lat' dir='ltr'>Vestrae</span> <span class='ocrx_word' id='word_1_260' title='bbox 1232 2180 1459 2224; x_wconf 87' lang='lat' dir='ltr'>Sanctitati</span> <span class='ocrx_word' id='word_1_261' title='bbox 1481 2179 1711 2224; x_wconf 88' lang='lat' dir='ltr'>nobiscum</span> <span class='ocrx_word' id='word_1_262' title='bbox 1731 2174 1820 2225; x_wconf 64' lang='lat' dir='ltr'>usiss-</span> 
     </span>
     <span class='ocr_line' id='line_1_29' title="bbox 432 2249 1816 2311; baseline -0.002 -13"><span class='ocrx_word' id='word_1_263' title='bbox 432 2254 638 2298; x_wconf 88' lang='lat' dir='ltr'>tatissima</span> <span class='ocrx_word' id='word_1_264' title='bbox 661 2261 703 2296; x_wconf 87' lang='lat' dir='ltr'>ct</span> <span class='ocrx_word' id='word_1_265' title='bbox 724 2249 1068 2295; x_wconf 83' lang='lat' dir='ltr'>manifestissima</span> <span class='ocrx_word' id='word_1_266' title='bbox 1090 2269 1098 2294; x_wconf 77' lang='grc' dir='ltr'>ε</span> <span class='ocrx_word' id='word_1_267' title='bbox 1116 2252 1133 2307; x_wconf 90' lang='grc'>)</span> <span class='ocrx_word' id='word_1_268' title='bbox 1154 2249 1331 2310; x_wconf 86' lang='lat' dir='ltr'>quando</span> <span class='ocrx_word' id='word_1_269' title='bbox 1350 2251 1568 2310; x_wconf 87' lang='lat' dir='ltr'>Propheta</span> <span class='ocrx_word' id='word_1_270' title='bbox 1588 2250 1787 2311; x_wconf 89' lang='lat' dir='ltr'>loquitur</span> <span class='ocrx_word' id='word_1_271' title='bbox 1803 2285 1816 2306; x_wconf 92' lang='lat'>‚</span> 
     </span>
     <span class='ocr_line' id='line_1_30' title="bbox 434 2320 1816 2385; baseline -0.002 -16"><span class='ocrx_word' id='word_1_272' title='bbox 434 2324 542 2385; x_wconf 77' lang='lat' dir='ltr'>quid</span> <span class='ocrx_word' id='word_1_273' title='bbox 559 2324 772 2367; x_wconf 78' lang='lat' dir='ltr'>dicimus?</span> <span class='ocrx_word' id='word_1_274' title='bbox 792 2322 904 2366; x_wconf 85' lang='lat' dir='ltr'>Dixit</span> <span class='ocrx_word' id='word_1_275' title='bbox 921 2324 1034 2366; x_wconf 82' lang='lat' dir='ltr'>Deus</span> <span class='ocrx_word' id='word_1_276' title='bbox 1050 2355 1061 2376; x_wconf 95' lang='lat'>,</span> <span class='ocrx_word' id='word_1_277' title='bbox 1082 2320 1212 2379; x_wconf 88' lang='lat' dir='ltr'>plane</span> <span class='ocrx_word' id='word_1_278' title='bbox 1229 2321 1428 2365; x_wconf 84' lang='lat' dir='ltr'>dicimus.</span> <span class='ocrx_word' id='word_1_279' title='bbox 1455 2321 1647 2366; x_wconf 88' lang='lat' dir='ltr'>Dicimus</span> <span class='ocrx_word' id='word_1_280' title='bbox 1669 2322 1816 2378; x_wconf 82' lang='lat' dir='ltr'>etiam,</span> 
     </span>
     <span class='ocr_line' id='line_1_31' title="bbox 436 2391 1820 2452; baseline -0.004 -12"><span class='ocrx_word' id='word_1_281' title='bbox 436 2396 549 2441; x_wconf 83' lang='lat' dir='ltr'>Dixit</span> <span class='ocrx_word' id='word_1_282' title='bbox 567 2394 798 2452; x_wconf 87' lang='lat' dir='ltr'>Propheta.</span> <span class='ocrx_word' id='word_1_283' title='bbox 824 2395 880 2437; x_wconf 87' lang='lat' dir='ltr'>Et</span> <span class='ocrx_word' id='word_1_284' title='bbox 900 2401 1136 2451; x_wconf 88' lang='lat' dir='ltr'>utrumque</span> <span class='ocrx_word' id='word_1_285' title='bbox 1159 2399 1273 2435; x_wconf 87' lang='lat' dir='ltr'>recte</span> <span class='ocrx_word' id='word_1_286' title='bbox 1296 2391 1506 2447; x_wconf 77' lang='lat' dir='ltr'>dicimus,</span> <span class='ocrx_word' id='word_1_287' title='bbox 1524 2401 1567 2436; x_wconf 90' lang='lat' dir='ltr'>et</span> <span class='ocrx_word' id='word_1_288' title='bbox 1583 2401 1820 2452; x_wconf 84' lang='lat' dir='ltr'>utrumque</span> 
     </span>
     <span class='ocr_line' id='line_1_32' title="bbox 436 2461 1820 2521; baseline -0.004 -10"><span class='ocrx_word' id='word_1_289' title='bbox 436 2469 478 2511; x_wconf 88' lang='lat' dir='ltr'>in</span> <span class='ocrx_word' id='word_1_290' title='bbox 519 2465 774 2510; x_wconf 80' lang='lat' dir='ltr'>auctoritate</span> <span class='ocrx_word' id='word_1_291' title='bbox 804 2463 1065 2508; x_wconf 89' lang='lat' dir='ltr'>invenimus.</span> <span class='ocrx_word' id='word_1_292' title='bbox 1104 2464 1160 2506; x_wconf 89' lang='lat' dir='ltr'>Et</span> <span class='ocrx_word' id='word_1_293' title='bbox 1194 2461 1390 2521; x_wconf 85' lang='lat' dir='ltr'>Apostoli</span> <span class='ocrx_word' id='word_1_294' title='bbox 1424 2463 1483 2507; x_wconf 90' lang='lat' dir='ltr'>sic</span> <span class='ocrx_word' id='word_1_295' title='bbox 1509 2462 1820 2516; x_wconf 71' lang='lat' dir='ltr'>intellexerunt</span> 
     </span>
     <span class='ocr_line' id='line_1_33' title="bbox 438 2533 1819 2597; baseline -0.004 -14"><span class='ocrx_word' id='word_1_296' title='bbox 438 2538 705 2597; x_wconf 81' lang='lat' dir='ltr'>Prophetas,</span> <span class='ocrx_word' id='word_1_297' title='bbox 729 2544 780 2579; x_wconf 86' lang='lat' dir='ltr'>ut</span> <span class='ocrx_word' id='word_1_298' title='bbox 806 2533 1029 2590; x_wconf 84' lang='lat' dir='ltr'>dicerent,</span> <span class='ocrx_word' id='word_1_299' title='bbox 1054 2533 1172 2578; x_wconf 83' lang='lat' dir='ltr'>Dixit</span> <span class='ocrx_word' id='word_1_300' title='bbox 1203 2536 1334 2578; x_wconf 89' lang='lat' dir='ltr'>Deus.</span> <span class='ocrx_word' id='word_1_301' title='bbox 1367 2536 1424 2579; x_wconf 90' lang='lat' dir='ltr'>Et</span> <span class='ocrx_word' id='word_1_302' title='bbox 1444 2533 1528 2582; x_wconf 71' lang='lat' dir='ltr'>alio</span> <span class='ocrx_word' id='word_1_303' title='bbox 1548 2533 1647 2580; x_wconf 85' lang='lat' dir='ltr'>loeo</span> <span class='ocrx_word' id='word_1_304' title='bbox 1658 2568 1674 2590; x_wconf 87' lang='lat'>,</span> <span class='ocrx_word' id='word_1_305' title='bbox 1705 2533 1819 2587; x_wconf 72' lang='lat' dir='ltr'>Dixit</span> 
     </span>
    </p>
   </div>
   <div class='ocr_carea' id='block_1_9' title="bbox 489 2616 1183 2665">
    <p class='ocr_par' dir='ltr' id='par_1_11' title="bbox 489 2616 1183 2665">
     <span class='ocr_line' id='line_1_34' title="bbox 489 2616 1183 2665; baseline -0.009 -9"><span class='ocrx_word' id='word_1_306' title='bbox 489 2629 496 2646; x_wconf 90' lang='lat'><em>¹</em></span> <span class='ocrx_word' id='word_1_307' title='bbox 518 2622 634 2665; x_wconf 81' lang='lat' dir='ltr'>Ephes.</span> <span class='ocrx_word' id='word_1_308' title='bbox 652 2631 698 2663; x_wconf 80' lang='lat' dir='ltr'>iv,</span> <span class='ocrx_word' id='word_1_309' title='bbox 717 2628 772 2663; x_wconf 83' lang='lat'>27.</span> <span class='ocrx_word' id='word_1_310' title='bbox 790 2636 832 2643; x_wconf 93' lang='lat'>—</span> <span class='ocrx_word' id='word_1_311' title='bbox 848 2626 861 2644; x_wconf 83' lang='lat'>²</span> <span class='ocrx_word' id='word_1_312' title='bbox 876 2620 956 2654; x_wconf 84' lang='lat' dir='ltr'>Gen.</span> <span class='ocrx_word' id='word_1_313' title='bbox 977 2629 1054 2661; x_wconf 81' lang='lat' dir='ltr'>xxu,</span> <span class='ocrx_word' id='word_1_314' title='bbox 1081 2626 1132 2661; x_wconf 85' lang='lat'>12,</span> <span class='ocrx_word' id='word_1_315' title='bbox 1179 2616 1183 2620; x_wconf 87' lang='lat'>&#39;</span> 
     </span>
    </p>
   </div>
  </div>
 </body>
</html>
