1867 3320
294 332 433 360 sunno
465 332 549 370 xv,
586 332 638 359 DE
671 332 804 361 vnnsu
838 322 861 360 8
895 330 1047 360 PSALMI
1079 335 1182 361 xxv.
1346 325 1426 363 307

59 415 80 440 »
114 396 352 442 tentatione
371 397 501 440 etiam
522 396 688 441 exitum
702 399 714 422 1
742 415 762 438 »
788 396 902 450 Quid
917 405 980 441 est
999 397 1193 440 exitum?
1216 400 1273 441 Ut
1294 399 1431 456 possi-

56 467 344 513 tissustinere.
367 466 564 522 Intrasti,
582 466 793 522 incidisti,
820 466 1080 522 sustinuisti,
1103 466 1239 511 existi.

108 539 165 582 'V.
185 539 342 595 Magna
357 536 556 582 materies
578 546 642 582 est
657 537 924 597 purgationis
940 537 1159 582 bonorum
1170 571 1181 591 ,
1202 537 1432 581 abundan-

57 608 113 653 tia
132 606 363 652 malorum.
388 609 497 653 Nam
521 607 567 651 in
585 608 868 653 multitudine
890 607 1105 652 malorum
1122 608 1319 667 quamvis
1332 623 1433 666 per-

55 677 174 723 mixti
189 677 354 723 lateant
366 678 489 734 boni,
509 679 631 724 novit
651 679 861 724 Dominus
882 680 960 740 qui
971 687 1073 724 sunt
1081 680 1187 739 ejus.
1205 678 1295 724 Sub
1303 693 1436 722 manu

56 748 162 794 tanti
182 748 374 804 artificis,
392 749 487 793 auri
504 749 618 794 mica
639 750 684 794 in
699 764 854 808 magna
870 749 994 809 palea
1010 749 1150 810 perire
1162 765 1253 795 non
1273 758 1430 809 potest.

54 821 223 873 Quanta
243 819 305 863 ibi
329 817 470 878 palea,
513 835 647 880 quam
668 820 891 865 modicum
924 822 1105 865 aurum?
1149 819 1234 866 Sed
1256 819 1347 864 noli
1380 820 1436 863 ti-

55 903 169 934 mere
188 909 200 947 3
224 898 369 935 tantus
387 900 452 936 est
471 889 645 946 artifex,
683 900 734 936 ut
752 905 937 950 purgare
954 891 1108 950 possit,
1144 889 1325 950 perdere
1346 905 1438 934 non

54 959 186 1019 possit
211 978 221 1005 :
249 979 270 1002 «
293 959 404 1004 Vide
426 976 581 1005 aurum
612 961 790 1005 beatum
810 960 1068 1020 Apostolum
1091 961 1137 1004 in
1157 961 1238 1004 ista
1258 960 1437 1005 fornace

57 1045 79 1071 »
110 1029 265 1074 mundi
279 1030 408 1090 hujus
429 1030 802 1091 quemadmodum
819 1030 1022 1091 periculis
1039 1030 1249 1090 probatur
1262 1031 1279 1054 ²
1307 1049 1316 1075 :
1344 1047 1365 1070 »
1391 1037 1441 1072 ut

53 1101 273 1145 veniamus
286 1101 341 1146 ad
362 1117 460 1147 vasa
478 1102 739 1148 inhonorata
759 1118 860 1163 quae
880 1103 998 1148 intus
1016 1098 1139 1157 sunt,
1177 1101 1338 1162 quibus
1358 1115 1440 1144 no-

0 1170 1 1214 }
52 1169 112 1215 vit
132 1171 244 1216 bene
264 1171 330 1216 uti
342 1173 553 1217 Dominus
575 1188 744 1232 magnae
765 1172 936 1218 domus.
952 1172 1187 1232 Apostolus
1210 1186 1311 1230 ergo
1333 1185 1436 1214 cum

51 1241 252 1301 periculis
282 1243 557 1301 probaretur,
600 1243 708 1304 quid
730 1243 927 1288 dicebat?
953 1261 974 1284 «
1008 1241 1214 1287 Periculis
1236 1242 1282 1285 in
1303 1241 1434 1295 mari,

54 1327 76 1353 »
109 1311 311 1371 periculis
331 1313 377 1357 in
405 1313 591 1368 deserto,
633 1312 834 1372 periculis
866 1328 918 1357 ex
944 1327 1116 1370 genere,
1152 1310 1355 1371 periculis
1385 1325 1437 1354 ex

55 1397 77 1423 »
110 1381 357 1440 gentibus³.
386 1401 406 1424 »
435 1385 520 1427 Ista
533 1383 677 1428 omnia
693 1382 795 1428 foris
812 1391 929 1427 sunt.
957 1385 1080 1427 Intus
1099 1382 1290 1427 attende.
1313 1399 1334 1422 «
1363 1383 1440 1424 Pe-

56 1468 86 1500 »,
109 1451 254 1496 riculis
267 1453 313 1496 in
327 1452 443 1498 falsis
455 1452 679 1498 fratribus.
698 1452 948 1514 »Alloquor
966 1467 1067 1511 ergo
1089 1467 1246 1497 aurum
1258 1451 1351 1505 Dei,
1372 1450 1436 1494 al-

53 1521 208 1583 loquor
229 1539 329 1569 vasa
363 1522 477 1568 facta
504 1524 551 1569 in
572 1525 784 1570 honorem
798 1560 809 1580 ‚
843 1523 1043 1585 alloquor
1063 1540 1195 1584 grana
1218 1525 1263 1568 in
1283 1522 1436 1568 tritura

53 1608 161 1638 areae
181 1595 294 1639 inter
315 1593 483 1654 paleam
499 1594 756 1640 laborantia.
799 1595 897 1640 Tibi
919 1595 1017 1640 dieo
1031 1631 1042 1651 ,
1067 1595 1262 1656 quisquis
1285 1592 1409 1638 audis
1424 1628 1436 1647 ,

52 1678 142 1709 non
162 1677 249 1714 me,
271 1663 349 1707 sed
370 1679 447 1722 per
465 1678 537 1708 me
559 1683 568 1708 :
597 1668 739 1710 «Esto
760 1666 916 1720 bonuS‚
938 1666 1073 1711 tolera
1086 1665 1267 1707 malum.
1286 1680 1305 1703 »
1325 1662 1437 1707 Nolo

53 1731 169 1776 dicas
189 1748 200 1775 .·
223 1731 328 1785 Quis
345 1740 409 1776 est
429 1732 596 1776 bonus?
639 1736 733 1777 Imo
767 1741 811 1794 qt
826 1732 910 1777 hoc
933 1732 1034 1777 volo
1062 1732 1178 1777 dicas
1199 1752 1208 1776 ε
1229 1733 1437 1792 quoniam

53 1810 458 1861 quantumcumque
477 1800 612 1846 fueris
634 1802 792 1857 bonus,
817 1818 908 1848 non
929 1803 1011 1847 eris
1028 1802 1118 1846 sine
1132 1802 1279 1862 aliquo
1303 1803 1433 1847 malo.

56 1871 610 1918 Underectissimedicitur:
630 1875 801 1919 «Nemo
822 1873 980 1928 bonus,
1005 1874 1086 1918 nisi
1108 1889 1220 1918 unus
1235 1877 1392 1918 Deus⁴.
1414 1892 1435 1916 »

58 1941 141 1988 Sed
161 1942 302 1988 bonus
319 1942 391 1986 ille
405 1943 481 2003 qui
495 1942 600 1988 facit
614 1944 745 1998 bona,
766 1946 880 1988 Deus
894 1953 972 1988 est.
990 1944 1033 1988 Si
1047 1958 1150 2002 ergo
1165 1945 1307 1988 bonus
1322 1947 1438 1988 Deus

0 2054 3 2063 .
57 2013 131 2074 qui
152 2012 255 2060 facit
275 2015 408 2067 bona,
428 2024 471 2059 et
486 2014 602 2060 solus
616 2015 689 2059 ille
704 2015 846 2060 bonus
867 2016 1048 2059 ellector
1061 2015 1276 2059 bonorum
1300 2036 1311 2071 3
1330 2031 1436 2074 quo·

0 2123 4 2127 .
58 2083 186 2129 modo
206 2093 271 2129 est
286 2084 468 2130 effector
484 2086 700 2130 bonorum
712 2121 723 2141 ,
744 2086 777 2131 si
795 2086 942 2130 nullus
957 2086 1255 2130 hominumest
1274 2086 1439 2130 bonus?

61 2155 305 2201 Secundum
325 2156 553 2201 modulum
582 2172 683 2215 ergo
700 2158 945 2217 proximum
975 2166 1095 2201 estet
1118 2158 1248 2201 homo
1275 2157 1434 2201 bonus.

3 2247 6 2252 ’
60 2225 142 2280 Qui
163 2227 196 2271 si
212 2242 302 2272 non
322 2223 452 2283 esset,
474 2229 682 2273 Dominus
704 2229 793 2287 ipse
815 2243 904 2272 non
926 2227 1088 2271 diceret
1117 2246 1125 2271 :
1155 2246 1175 2268 «
1201 2229 1342 2271 Homo
1361 2227 1437 2271 bo-

65 2312 85 2339 »
111 2312 196 2342 ‘nus
225 2298 280 2342 de
302 2298 419 2343 bono
440 2300 643 2344 thesauro
665 2299 806 2344 cordis
828 2300 892 2343 sui
916 2298 1079 2357 profert
1101 2298 1238 2341 bona‘⁰
1267 2315 1287 2338 n

117 2367 194 2412 vl.
214 2370 318 2413 Esto
339 2384 443 2427 ergo
459 2370 619 2424 bonus,
643 2379 687 2414 et
707 2369 842 2414 tolera
861 2369 1039 2412 malum.
1061 2370 1164 2412 Esto
1183 2367 1437 2427 simpliciter

10 2458 14 2479 z
65 2434 216 2493 bonus,
239 2447 283 2482 et
302 2438 534 2498 dupliciter
551 2440 687 2485 tolera
709 2439 889 2484 malum.
918 2443 1078 2493 Bonus,
1094 2439 1264 2483 nonnisi
1290 2439 1405 2482 intus
1425 2458 1434 2482 ι

0 2522 2 2527 ’
63 2520 160 2554 mm
175 2508 209 2553 si
231 2524 319 2554 non
334 2510 472 2565 intuS,
497 2526 713 2570 nusquam
732 2510 888 2555 bonus.
909 2512 1012 2554 Esto
1026 2524 1126 2566 ergo
1144 2510 1284 2553 bonus
1302 2509 1434 2561 intus,

36 2602 41 2630 l
108 2609 117 2627 ¹
142 2615 155 2637 ι
179 2607 252 2639 Cor.
279 2617 312 2646 x,
330 2606 426 2639 13.—-
445 2614 458 2631 ¹
480 2616 500 2641 2
516 2608 596 2641 Tim.
612 2620 649 2649 u,
671 2618 768 2650 19.—
787 2606 800 2631 ³
819 2616 837 2639 ἰ
855 2609 925 2638 Cor.
948 2617 993 2645 ιι,
1013 2605 1147 2638 ἰὰ-4
1172 2608 1248 2638 Luc.
1271 2617 1357 2642 ινιιι,
1383 2617 1429 2647 ¹¹.)-

65 2656 131 2683 -6
151 2660 197 2693 ld.
213 2671 258 2702 vn,
277 2659 331 2703 45.

1156 2715 1222 2753 ⁸21).
