1924 3309
458 266 543 305 286
894 278 927 304 s.
963 273 1194 305 Aucusmmi
1227 278 1408 307 EPISCOPI

453 358 556 402 ergo
579 342 722 386 miseri
742 344 789 386 in
810 357 991 402 corpore
1016 343 1248 388 Salvatoris
1272 345 1430 403 timetis
1453 353 1631 389 uterum
1648 343 1838 403 virginis,

455 423 499 459 et
515 422 686 472 gentem
708 412 960 459 daemonum
984 430 1075 459 non
1096 414 1293 458 timetis?

512 486 614 528 XII.
640 486 726 530 Nos
745 485 925 545 quidem
956 484 1204 529 universam
1231 493 1434 529 naturam
1456 486 1647 545 corporis
1669 484 1724 529 ab
1747 499 1844 529 om-

453 554 679 614 nipotente
708 556 936 600 conditore
974 557 1064 599 Deo
1096 569 1187 598 esse
1224 556 1484 615 profitemur
1511 575 1520 600 :
1545 564 1589 600 et
1616 565 1846 615 propterea
1912 538 1924 607 Ῐ,

452 625 761 687 undecumque
790 626 999 671 Dominus
1023 633 1171 670 noster
1205 635 1442 670 assumeret
1467 641 1651 686 corpus,
1688 625 1743 670 de
1769 641 1847 670 sua

452 706 650 741 creatura
667 698 819 757 utique
838 688 1101 741 assumeret:
1116 694 1192 739 sed
1207 710 1259 740 ex
1276 695 1458 740 foemina
1472 695 1627 741 maluit
1647 695 1842 752 humilis,

453 768 529 828 qui
545 768 600 812 ad
621 768 901 813 liberandum
924 767 1140 827 perditam
1162 777 1406 812 creaturam
1427 777 1622 823 venerat,
1643 784 1743 829 quae
1769 783 1846 828 per

453 839 682 885 foeminam
699 841 818 900 lapsa
833 849 912 884 est.
927 838 1052 884 Unde
1067 848 1306 900 utrumque
1327 854 1476 884 sexum
1498 839 1649 885 volens
1662 838 1709 884 in
1725 854 1846 899 spem

452 912 744 957 renovationis
768 921 811 956 et
833 911 1116 971 reparationis
1139 911 1374 967 adducere,
1389 911 1559 957 virilem
1576 911 1621 955 in
1642 926 1732 971 quo
1753 926 1845 956 nas-

451 991 646 1038 ceretur⁷
669 981 930 1027 foemineum
949 997 1026 1042 per
1048 998 1182 1042 quem
1204 991 1471 1038 nasceretur,
1486 980 1630 1040 elegit.
1657 983 1744 1026 Vos
1766 997 1844 1026 au·

449 1062 538 1098 tem
555 1054 632 1113 qui
655 1053 955 1112 exhorrescitis
972 1062 1088 1098 casta
1105 1053 1283 1112 virginis
1303 1052 1465 1097 viscera
1481 1087 1493 1109 ‚
1514 1052 1660 1110 eligite
1676 1087 1687 1108 ‚
1716 1051 1844 1096 obse·
1908 1050 1910 1104 j

451 1139 525 1169 cro
542 1159 553 1179 ‚
593 1124 712 1168 unde
749 1125 963 1169 Dominus
1001 1139 1159 1183 corpus
1202 1132 1452 1167 assumeret.
1499 1123 1649 1167 Dicitis
1665 1157 1676 1178 ,
1716 1137 1846 1167 omne
1908 1139 1910 1169 ἓ

452 1210 609 1254 corpus
632 1195 773 1254 gentis
793 1194 1075 1238 tenebrarum
1098 1209 1188 1238 esse
1203 1193 1507 1238 substantiam.
1533 1192 1690 1251 Eligite
1712 1208 1816 1252 ergo
1831 1227 1842 1248 ‚
1910 1207 1912 1209 ’

452 1275 503 1310 ut
524 1265 627 1321 dixi,
640 1264 760 1310 unde
781 1282 940 1326 corpus
958 1264 1094 1310 Filius
1113 1265 1189 1310 Dei
1212 1264 1392 1309 deberet
1414 1280 1643 1309 assumere.
1657 1267 1725 1309 An
1748 1280 1847 1324 per-

451 1336 619 1381 didistis
640 1336 935 1397 respondendi
956 1336 1102 1381 lucem
1116 1371 1127 1393 ‚
1154 1337 1257 1396 quia
1277 1337 1470 1381 tenebrae
1487 1337 1610 1382 vobis
1632 1351 1846 1396 quocum-

452 1424 538 1468 que
571 1409 721 1454 oculos
750 1409 1073 1465 converteritis,
1102 1410 1369 1453 occurrunt?
1399 1407 1484 1453 Sed
1505 1424 1605 1453 caro
1628 1408 1843 1464 mortalis,

451 1477 683 1539 inquiunt,
719 1480 894 1525 videtur
925 1479 1210 1524 immundior.
1237 1479 1435 1524 Recitate
1463 1479 1521 1523 eis
1548 1478 1810 1539 Apostolum
1835 1498 1843 1524 :

456 1569 477 1593 «
513 1551 669 1595 Omnia
691 1552 859 1596 munda
880 1550 1106 1595 mundis.»
1128 1553 1184 1594 Et
1206 1553 1384 1595 recitate
1405 1551 1451 1594 in
1468 1566 1540 1595 eos
1564 1550 1843 1610 Apostolum:

456 1640 477 1664 «
513 1621 756 1667 Immundis
773 1632 921 1667 autem
944 1631 988 1666 et
1005 1621 1276 1677 infidelibus,
1294 1621 1404 1666 nihil
1425 1631 1489 1666 est
1510 1621 1728 1667 mundum
1743 1643 1755 1680 3
1771 1620 1847 1666 s'ed

457 1711 476 1735 »
511 1693 681 1752 polluta
703 1703 806 1738 sunt
828 1709 981 1738 eorum
1003 1702 1047 1738 et
1068 1708 1190 1737 mens
1213 1703 1256 1737 et
1277 1694 1613 1745 conscientia1.»
1635 1694 1678 1740 Si
1699 1702 1846 1738 autem
1908 1709 1917 1724 υ

451 1780 541 1809 non
562 1766 715 1810 dicunt
737 1764 1012 1810 Immundior
1028 1799 1039 1820 ‚
1066 1764 1143 1809 sed
1165 1765 1380 1809 infirmior
1402 1784 1411 1810 ι
1437 1765 1734 1809 consentimus
1756 1763 1847 1823 pla·

450 1846 506 1876 ne
524 1852 535 1889 ς
561 1839 604 1874 et
624 1834 723 1874 ideo
744 1836 941 1874 Christus
965 1844 1027 1871 est
1049 1844 1196 1872 nostra
1216 1835 1398 1873 firmitas
1413 1864 1425 1884 ‚
1450 1834 1553 1889 quia
1575 1845 1677 1874 eum
1698 1840 1845 1876 nostra

452 1917 540 1947 non
561 1901 748 1947 mutavit
776 1900 1018 1944 infirmitas.
1046 1899 1128 1943 Hic
1152 1914 1340 1958 agnosco
1364 1901 1595 1960 Prophetae
1623 1901 1742 1947 illam
1764 1917 1844 1948 vo-

451 1989 546 2018 cem
568 1992 578 2018 :
602 1992 622 2016 «
647 1971 839 2018 Mutabis
862 1987 939 2026 ea,
969 1980 1013 2015 et
1034 1972 1328 2016 mutabuntur
1345 2006 1356 2026 ‚
1382 1980 1431 2015 tu
1450 1981 1597 2017 autem
1620 1973 1736 2017 idem
1754 1974 1843 2033 ipse

455 2062 476 2086 »
506 2060 549 2088 es
566 2078 577 2100 ‚
604 2053 648 2088 et
675 2042 779 2087 anni
801 2042 866 2086 tui
887 2057 978 2086 non
999 2040 1249 2086 deficient2.
1278 2060 1298 2083 »
1324 2044 1423 2087 Non
1448 2042 1590 2087 solum
1620 2044 1737 2088 enim
1755 2059 1844 2090 non

456 2130 557 2159 eum
583 2113 769 2159 mutavit
795 2113 842 2156 in
873 2111 1062 2157 deterius
1094 2112 1320 2157 infirmitas
1355 2114 1494 2158 carnis
1510 2149 1521 2170 ‚
1545 2113 1621 2159 sed
1642 2115 1697 2158 ab
1719 2130 1770 2160 eo
1798 2115 1844 2159 in

455 2186 609 2230 melius
640 2185 732 2244 ipsa
753 2192 921 2228 mutata
943 2191 1020 2227 est.
1049 2182 1122 2228 Sol
1150 2183 1230 2227 iste
1246 2198 1506 2243 corporeus,
1533 2200 1664 2245 quem
1687 2199 1843 2245 corpus

455 2273 546 2302 non
567 2272 657 2301 esse
679 2255 945 2300 arbitrantur
959 2257 1125 2314 (usque
1142 2254 1250 2299 adeo
1272 2270 1352 2300 nec
1374 2255 1483 2315 quid
1504 2257 1558 2301 sit
1575 2272 1732 2317 corpus
1746 2291 1758 2313 ,
1777 2256 1843 2301 in-

455 2326 661 2386 telligunt
681 2362 691 2382 ‚
717 2327 795 2387 qui
817 2325 872 2370 de
893 2325 1158 2385 spiritalibus
1180 2325 1548 2385 disputationibus
1568 2342 1613 2371 se
1634 2326 1843 2372 fallaciter

452 2399 620 2458 jactant
641 2399 685 2456 z)
716 2397 781 2442 sol
811 2412 914 2456 ergo
948 2397 1027 2441 iste
1063 2411 1296 2455 corporeus
1314 2431 1325 2452 ‚
1351 2406 1523 2442 tantum
1545 2397 1648 2458 quia
1669 2396 1843 2442 coeleste

457 2484 613 2529 corpus
631 2477 716 2524 est,
743 2467 963 2512 illuminat
981 2476 1138 2512 terram
1154 2502 1165 2523 ,
1191 2482 1271 2512 nec
1293 2466 1347 2511 ab
1370 2483 1419 2513 ea
1449 2468 1539 2528 ipse
1560 2468 1839 2526 obscuratum

456 2540 586 2585 siccat
619 2554 778 2601 aquam
798 2573 809 2594 ‚
844 2553 925 2583 nec
952 2537 1055 2583 inde
1077 2538 1383 2598 humectatur3
1407 2538 1534 2586 solvit
1556 2538 1736 2598 glaciem
1763 2552 1841 2585 nec

504 2632 514 2647 1
530 2626 593 2659 Tit.
613 2636 636 2667 ι,
657 2624 687 2658 5.
712 2640 753 2649 -
774 2631 786 2647 ²
806 2623 886 2658 Psal.
910 2624 952 2665 ci,
972 2624 1031 2665 27!
