1924 3309
441 268 493 306 38
871 275 905 305 s.
941 274 1172 305 Aueus'mm
1203 277 1387 306 Enscom

438 343 578 389 omnis
600 343 867 403 principatus
889 351 932 387 et
947 343 1187 402 potestatis,
1213 335 1509 388 conditionem
1531 351 1723 388 nostram
1739 358 1820 403 pro

436 416 529 474 ipso
552 429 698 458 rerum
719 415 1009 459 humanarum
1035 414 1188 459 ordine
1210 414 1465 469 toleremus,
1489 414 1599 458 nihil
1620 414 1821 459 simulate

439 485 646 531 facientes
663 521 673 540 ,
696 494 738 529 et
761 486 806 529 in
836 500 886 529 eo
909 485 1001 544 ipso
1035 500 1125 529 non
1152 494 1242 529 tam
1262 485 1513 530 hominibus
1541 499 1673 545 quam
1701 488 1791 530 Deo
1806 520 1817 541 ‚

439 557 514 617 qui
536 557 630 600 haec
646 556 798 615 jubet,
823 557 1186 614 obtemperantes.

499 628 705 671 LXXIII.
726 626 851 679 Quod
869 636 1014 671 autem
1036 627 1096 672 ait
1115 646 1125 672 ι
1154 645 1173 668 «
1198 626 1272 670 Vis
1295 635 1441 670 autem
1462 641 1551 670 non
1569 626 1720 670 timere
1740 642 1821 687 po—

444 716 464 738 »
499 699 730 741 testatem?
754 697 919 742 bonum
942 696 1037 752 fac,
1077 706 1120 741 et
1152 697 1330 740 habebis
1366 696 1540 740 laudem
1563 711 1615 740 ex
1647 696 1771 752 illa1‚
1801 716 1820 739 »

440 775 582 826 potest
603 782 776 811 movere
801 767 967 826 aliquos
983 802 993 822 ,
1018 782 1119 811 cum
1141 767 1422 824 cogitaverint
1444 766 1499 809 ab
1520 766 1610 810 istis
1631 775 1824 825 potesta-

440 837 558 880 tibus
580 838 925 896 persecutionem
942 852 1056 896 saepe
1071 852 1216 896 passos
1235 835 1366 880 fuisse
1388 836 1669 881 Christianos.
1687 839 1826 883 Num-

441 906 549 965 quid
566 921 669 964 ergo
691 922 780 951 non
796 906 1016 951 faciebant
1036 907 1220 961 bonum,
1237 907 1338 967 quia
1352 923 1440 951 non
1456 906 1596 951 solum
1614 922 1703 952 non
1725 917 1827 952 sunt

442 976 609 1021 laudati
627 977 681 1021 ab
703 977 790 1021 istis
811 977 1114 1036 potestatibus,
1131 977 1206 1021 sed
1228 978 1354 1020 etiam
1374 977 1514 1035 poenis
1531 977 1676 1021 affecti
1690 986 1733 1021 et
1754 992 1828 1021 ne·

442 1048 526 1092 cati
560 1049 692 1092 sunt?
722 1047 1046 1105 Consideranda
1082 1062 1183 1104 ergo
1213 1057 1313 1091 sunt
1338 1047 1467 1090 verba
1493 1046 1702 1106 Apostoli.
1729 1049 1828 1092 Non

444 1117 557 1163 enim
590 1118 649 1162 ait
665 1153 676 1173 ‚
701 1121 872 1162 Bonum
894 1116 962 1161 fac
978 1152 989 1172 ,
1015 1126 1058 1161 et
1078 1117 1275 1161 laudabit
1312 1126 1354 1160 te
1382 1126 1570 1175 potestas
1598 1136 1606 1162 :
1638 1118 1714 1161 s'ed
1735 1118 1795 1162 ait
1816 1136 1824 1162 :

447 1208 465 1230 «
501 1193 672 1234 Bonum
697 1187 787 1243 fac,
808 1197 851 1232 et
872 1187 1051 1231 habebis
1073 1187 1247 1231 laudem
1270 1202 1319 1229 ex
1340 1186 1458 1230 illa.»
1480 1187 1576 1232 Sive
1598 1188 1714 1230 enim
1732 1203 1830 1247 pro-

442 1260 517 1304 bet
538 1259 704 1303 factum
726 1267 852 1301 tuum
877 1257 1057 1312 bonum,
1083 1257 1170 1301 sive
1193 1266 1493 1316 persequatur,
1517 1257 1726 1301 «laudem
1748 1258 1830 1302 ha-

445 1348 466 1371 »
502 1329 625 1373 bebis
643 1343 693 1372 ex
712 1328 787 1371 illa
806 1349 817 1385 3
834 1345 853 1368 η
879 1327 948 1370 vel
965 1342 1067 1370 cum
1089 1342 1182 1370 eam
1203 1328 1248 1369 in
1263 1326 1522 1385 obsequium
1542 1328 1617 1371 Dei
1637 1327 1831 1372 lucratus

447 1400 580 1443 fueris
596 1434 608 1453 ‚
625 1398 694 1443 vel
710 1413 811 1441 cum
828 1398 917 1456 ejus
935 1397 1236 1455 persecutione
1258 1412 1464 1440 coronam
1488 1398 1710 1442 merueris.
1738 1400 1832 1443 Hoc.

447 1470 576 1514 etiam
605 1472 651 1512 in
678 1467 1045 1526 consequentibus
1077 1465 1359 1523 intelligitur,
1396 1482 1498 1509 cum
1531 1466 1636 1511 dicit
1660 1487 1670 1512 2
1699 1486 1718 1509 «
1754 1468 1832 1512 Dei

448 1559 469 1581 »
505 1539 622 1582 enim
658 1538 852 1581 minister
879 1546 943 1580 est
974 1536 1053 1580 tibi
1089 1536 1134 1578 in
1157 1535 1380 1589 bonum2,
1411 1554 1428 1576 »
1455 1536 1585 1579 etiam
1613 1537 1646 1580 si
1682 1537 1764 1581 sibi
1785 1538 1832 1582 in

445 1609 627 1653 malum.

507 1680 704 1723 LXXIV.
731 1677 861 1730 Quod
883 1684 1029 1720 autem
1051 1676 1108 1719 ait
1128 1694 1136 1719 :
1161 1694 1181 1717 (ι
1202 1674 1395 1735 Ideoque
1412 1677 1655 1721 necessitati
1670 1676 1832 1723 subditi

448 1768 468 1791 »
488 1757 625 1792 estote
639 1749 677 1802 3,
695 1764 715 1787 n
728 1745 783 1790 ad
804 1747 886 1789 hoc
908 1745 1040 1797 valet,
1060 1754 1110 1788 ut
1125 1744 1433 1804 intelligamus,
1455 1747 1557 1805 quia
1579 1762 1752 1791 necesse
1769 1757 1833 1792 est

447 1826 626 1878 propter
646 1817 760 1860 hanc
777 1816 910 1859 vitam
933 1815 1129 1858 subditos
1145 1830 1223 1858 nos
1242 1830 1331 1858 esse
1354 1824 1570 1874 oporte-re,
1597 1832 1685 1861 non
1706 1819 1832 1862 resis-

446 1898 586 1934 tentes
609 1885 766 1947 siquid
794 1885 856 1929 illi
880 1886 1049 1930 auferre
1065 1885 1310 1941 voluerint,
1334 1887 1379 1930 in
1402 1887 1521 1947 quod
1543 1887 1626 1931 sibi
1646 1898 1833 1947 potestas

448 1959 548 2003 data
575 1967 653 2013 est,
670 1958 724 2001 de
745 1955 1055 2016 temporalibus
1073 1955 1224 2013 rebus3
1242 1972 1341 2016 quae
1357 1958 1564 2016 quoniam
1588 1967 1828 2014 transeunt,

447 2029 545 2074 ideo
562 2038 606 2072 et
625 2029 704 2073 ista
721 2027 932 2088 subjectio
950 2042 1040 2070 non
1062 2027 1106 2070 in
1128 2027 1251 2070 bonis
1270 2028 1390 2086 quasi
1413 2030 1701 2086 permansuris
1720 2064 1731 2083 ‚
1757 2028 1832 2074 sed

447 2102 491 2144 in
514 2099 760 2144 necessariis
782 2099 884 2141 huic
903 2097 1087 2156 tempori
1109 2098 1413 2141 constituenda
1435 2107 1513 2141 est.
1538 2101 1700 2142 Tamen
1721 2116 1832 2160 quo-

447 2172 563 2215 niam
592 2170 728 2214 dixit:
758 2188 779 2211 α
803 2168 1052 2214 Necessitati
1091 2168 1257 2211 subditi
1288 2177 1449 2226 estote3
1478 2187 1497 2209 »
1522 2185 1576 2212 ne
1609 2171 1705 2229 quis
1742 2187 1831 2216 non

447 2243 614 2299 integro
637 2242 782 2286 animo
795 2250 836 2284 et
849 2255 956 2299 pura
975 2239 1204 2284 dilectione
1225 2239 1425 2284 subditus
1444 2242 1564 2285 fieret
1583 2243 1830 2302 hujusmodi

448 2312 734 2372 potestatibus
753 2310 946 2365 addidit,
975 2309 1122 2354 dicens
1143 2329 1150 2354 :
1180 2329 1198 2352 «
1221 2313 1314 2355 Non
1336 2311 1474 2355 solum
1499 2322 1676 2372 propter
1698 2315 1827 2370 iram,

449 2402 470 2425 »
507 2382 582 2427 sed
603 2383 731 2426 etiam
754 2390 930 2440 propter
946 2381 1273 2434 conscientiam,
1292 2400 1310 2421 υ
1329 2381 1372 2425 id
1391 2392 1453 2425 est
1471 2418 1481 2437 ‚
1504 2399 1591 2427 non
1613 2383 1752 2428 solum
1776 2384 1830 2430 ad

447 2454 552 2497 iram
591 2452 881 2506 evadendam,
920 2450 1039 2512 quod
1068 2460 1209 2510 potest
1230 2452 1357 2495 etiam
1389 2453 1586 2498 simulate
1609 2454 1730 2511 lieris,
1756 2455 1831 2500 sed

447 2533 498 2568 ut
519 2524 563 2566 in
586 2532 660 2566 tua
680 2523 940 2566 conscientia
959 2531 1101 2566 certus
1129 2523 1196 2576 sis,
1216 2522 1332 2566 illius
1354 2523 1585 2568 dilectione
1609 2534 1650 2568 tc
1669 2525 1826 2581 facere,

500 2615 508 2630 ¹
532 2611 621 2639 Rom.
639 2618 705 2647 xm,
727 2608 756 2639 3.
775 2624 814 2629 —-
833 2615 844 2629 ²
866 2608 945 2638 lbid.
967 2607 999 2646 4.
1019 2624 1060 2629 —-
1081 2606 1241 2638 31bid.:3.
