1924 3309
476 324 556 362 508
905 339 937 365 s.
974 336 1204 366 AUGUSTINI
1240 339 1417 367 eviscovi
1890 219 1896 395 l

476 419 497 442 »
533 400 710 446 calicem
728 416 852 463 aquae
874 402 1043 462 frigidae
1061 404 1136 447 uni
1158 419 1207 446 cx
1231 405 1419 447 minimis
1435 406 1541 449 meis
1564 415 1740 465 propter
1763 422 1830 450 me
1845 441 1856 461 ‚
1893 397 1896 414 ¹

477 490 497 513 ,υ
533 487 621 517 non
643 474 796 532 perdet
820 475 1064 519 mercedem
1086 489 1208 518 suam
1228 477 1256 517 ¹.
1286 493 1305 515 »
1326 477 1526 532 Regnum
1548 475 1762 520 coelorum
1782 492 1860 521 ve-

474 542 572 586 nale
590 545 840 603 proposuit,
862 556 905 590 et
926 546 1113 605 pretium
1135 547 1227 605 ejus
1245 545 1422 590 calicem
1442 563 1566 607 aquae
1583 546 1751 607 frigidae
1772 563 1862 592 esse

473 614 625 660 voluit.
654 616 737 661 Sed
755 617 932 677 quando
950 632 1116 676 pauper
1131 627 1195 661 est
1212 618 1287 676 qui
1306 615 1407 661 facit
1425 617 1737 676 eleemosynas,
1756 628 1862 663 tunc

475 686 639 731 debent
660 687 947 745 eleemosynae
969 690 1060 748 ejus
1078 704 1168 732 esse
1189 688 1297 732 calix
1313 705 1437 749 aquae
1454 688 1637 748 frigidae.
1658 691 1743 743 Qui
1766 690 1863 750 plus
1904 696 1909 756 ᾖ

476 757 635 813 habet,
668 759 765 818 plus
796 758 938 803 faciat.
964 759 1105 804 Vidua
1138 758 1209 802 illa
1243 759 1298 802 de
1320 759 1492 803 duobus
1515 760 1693 804 minutis
1722 760 1825 805 fecit
1852 780 1861 806 ι
1905 773 1909 819 ξ

477 829 707 873 Zacehaeus
726 829 956 873 dimidium
975 846 1118 873 rerum
1137 845 1313 873 suarum
1334 830 1470 884 dedit,
1488 840 1530 874 et
1549 830 1602 874 ad
1621 830 1865 875 reddendas
1906 839 1912 881 ξ

475 897 650 942 fraudes
677 915 773 943 suas
791 934 801 955 ,
839 899 959 944 aliud
987 899 1214 944 dimidium
1250 901 1482 944 reservavit
1496 904 1527 943 ².
1564 900 1864 958 Eleemosynae
1907 899 1912 950 ἑ

475 966 556 1010 illis
593 980 802 1026 prosunt,
831 970 905 1030 qui
936 971 1069 1014 vitam
1103 979 1399 1014 mutaverunt.
1434 973 1515 1014 Das
1545 971 1661 1014 enim
1693 971 1865 1016 Christo
1908 985 1913 1015 τ

475 1039 641 1095 egenti,
666 1048 715 1083 ut
738 1049 914 1098 peccata
938 1049 1010 1084 tua
1027 1039 1211 1084 redimas
1226 1040 1459 1098 praeterita.
1481 1043 1589 1085 Nam
1608 1041 1641 1084 si
1659 1040 1758 1085 ideo
1770 1040 1861 1096 das,

475 1117 524 1151 ut
544 1108 670 1153 liceat
695 1110 771 1153 tibi
793 1126 963 1169 semper
982 1112 1161 1169 impune
1183 1126 1384 1169 peccare3
1410 1126 1499 1155 non
1520 1111 1743 1156 Christum
1768 1127 1866 1170 pas·
1904 1143 1907 1202 Ι

474 1178 533 1222 cis
549 1213 558 1231 ,
592 1179 666 1222 sed
689 1180 883 1238 judicem
906 1195 1183 1239 corrumpere
1206 1181 1389 1224 conaris.
1412 1183 1525 1238 Ergo
1555 1181 1606 1224 ad
1630 1181 1714 1224 hoc
1736 1180 1865 1224 facite
1904 1195 1914 1253 1·

473 1247 784 1305 eleemosynas,
811 1259 860 1293 ut
880 1259 1033 1293 vestrae
1056 1250 1270 1294 orationes
1292 1250 1601 1303 exaudiantur,
1627 1258 1670 1294 et
1687 1251 1866 1309 adjuvet
1905 1257 1909 1300 ἶ

474 1333 548 1361 vos
572 1321 685 1362 Deus
703 1319 758 1362 ad
771 1319 901 1363 vitam
925 1320 969 1362 in
992 1319 1145 1363 melius
1167 1318 1539 1362 commutandam.
1566 1322 1622 1362 Et
1639 1320 1715 1379 qui
1738 1335 1862 1364 com-
1914 1345 1924 1353 »

473 1389 649 1431 mutatis
685 1388 881 1432 eamdem
910 1389 1071 1443 vitam,
1108 1389 1151 1432 in
1188 1389 1340 1432 melius
1378 1398 1670 1444 commutate,
1703 1398 1754 1434 ut
1786 1405 1863 1450 per

471 1456 766 1514 eleemosynas
786 1467 829 1501 et
850 1459 1062 1503 orationes
1085 1459 1313 1503 deleantur
1334 1458 1448 1504 mala
1465 1469 1605 1505 vestra
1622 1461 1857 1520 praeterita,
1918 1493 1924 1505 «,

472 1535 514 1569 et
534 1525 556 1569 s
556 1536 681 1571 utura
701 1528 816 1572 bona
830 1529 1007 1573 veniant
1021 1531 1298 1588 sempiterna.

1902 549 1908 679 ἲ

1910 1073 1914 1093 l

1913 1265 1917 1273 ι

1913 1277 1918 1284 ι

520 1642 527 1657 ¹
551 1635 668 1667 Matth.
689 1647 719 1678 x,
734 1635 790 1678 4¹2,
806 1641 839 1668 et
856 1638 962 1670 Marc.
986 1637 1100 1678 1x‚!;o.
1123 1654 1159 1661 ‹-
1178 1645 1190 1661 ²
1206 1639 1308 1670 Marc.
1328 1649 1383 1679 χιι,
1399 1638 1454 1680 42,
1472 1644 1505 1670 el¹
1520 1639 1596 1671 Luc.
1622 1649 1689 1679 xix,
1713 1641 1744 1671 8.
