1924 3309
481 263 537 300 30
923 268 957 298 s.
993 267 1223 299 Aucus'rrm
1255 271 1437 299 Emscorr

480 337 594 394 trio)
619 336 856 380 merebitur
877 336 1005 380 etiam
1033 336 1167 380 vitam
1188 345 1394 381 aeternam
1414 370 1425 392 ‚
1462 350 1562 395 quae
1583 334 1705 380 nulla
1727 335 1860 395 possit

478 407 578 451 labe
598 406 834 465 corrumpi.

535 478 651 521 LXI.
678 475 806 529 Quod
835 483 980 519 autem
1002 474 1060 518 ait
1082 492 1091 518 ε
1121 492 1141 515 «
1165 474 1405 520 Miserebor
1439 474 1729 519 cuimisertus
1756 489 1858 529 ero,

480 564 502 587 »
527 554 570 590 et
591 543 927 589 misericordiam
945 543 1160 603 praestabo
1180 544 1251 588 cui
1272 544 1511 588 misericors
1527 543 1677 588 fuero1
1690 578 1702 598 ,
1717 561 1737 585 »
1758 543 1862 588 hinc

479 614 722 660 ostenditur
752 630 841 659 non
863 629 952 658 esse
979 613 1253 672 iniquitatem
1284 613 1402 673 apud
1426 617 1562 657 Deum
1582 634 1593 670 3
1616 613 1737 673 quod
1757 627 1862 672 pos-

482 695 584 730 sunt
600 684 743 729 dicere
772 683 950 744 quidam
965 717 977 738 ‚
1000 698 1101 727 cum
1125 683 1310 728 audiunt
1326 718 1338 738 ,
1363 687 1610 743 Antequam
1634 697 1862 728 nasceren-

478 763 573 809 tur,
599 754 734 799 Jacob
761 753 917 808 dilexi,
942 753 1056 797 Esaii
1080 762 1225 797 autem
1255 753 1357 798 odio
1378 753 1554 797 habui2.
1580 772 1600 795 «
1625 753 1863 798 Miserebor

484 843 502 864 »
538 824 654 867 enim
685 823 851 882 inquit,
875 822 945 866 cui
966 822 1164 867 misertus
1187 838 1275 867 ero.
1308 841 1328 864 »
1356 822 1501 867 Primo
1521 822 1639 866 enim
1660 822 1862 867 misertus

479 901 545 937 cst
565 893 700 936 nostri
722 895 836 936 Deus
853 925 865 946 ‚
889 907 990 936 cum
1012 901 1260 951 peccatores
1282 907 1470 937 essemus
1499 901 1550 936 ut
1569 901 1744 937 vocaret
1764 907 1860 937 nos.

483 981 503 1004 «
536 963 619 1007 Cui
641 977 744 1021 ergo
765 962 964 1006 misertus
981 977 1077 1017 ero,
1106 981 1126 1004 »
1147 963 1314 1022 inquit,
1340 971 1390 1007 ut
1411 977 1513 1007 eum
1535 976 1686 1007 vocem
1703 995 1715 1017 ‚
1747 980 1768 1004 «
1785 962 1865 1006 mi-

483 1050 503 1073 »
537 1032 709 1076 serebor
727 1050 746 1074 »
773 1032 916 1077 adhuc
937 1034 1026 1092 ejus
1062 1048 1163 1077 cum
1189 1032 1435 1077 crediderit.
1462 1032 1693 1086 Quomodo
1716 1035 1863 1076 autem

478 1102 644 1158 adhuc,
664 1103 744 1147 nisi
761 1112 811 1147 ut
832 1104 906 1148 det
935 1102 1129 1147 credenti
1147 1112 1191 1148 et
1211 1103 1377 1163 petenti
1401 1103 1610 1162 Spiritum
1627 1105 1863 1148 sanctum?

478 1175 575 1226 Quo
600 1173 703 1217 dato
730 1173 1065 1217 misericordiam
1090 1173 1312 1232 praestabit
1338 1173 1408 1217 cui
1436 1174 1676 1218 misericors
1698 1171 1859 1229 fuerit,

477 1242 520 1286 id
543 1252 630 1297 est,
662 1251 712 1285 ut
740 1242 869 1286 faciat
890 1257 990 1286 eum
1008 1242 1330 1287 misericordem
1348 1277 1358 1297 ,
1384 1258 1473 1302 quo
1495 1243 1612 1287 bona
1634 1244 1768 1302 possit
1787 1257 1863 1302 per

478 1310 758 1355 dilectionem
775 1312 958 1369 operari.
975 1314 1112 1356 Nemo
1133 1327 1236 1370 ergo
1258 1312 1339 1355 sibi
1357 1312 1515 1356 audeat
1537 1313 1727 1357 tribuere
1742 1312 1865 1372 quod

477 1381 810 1425 misericorditer
831 1391 1035 1440 operatur
1055 1382 1182 1441 :quia
1205 1385 1320 1426 Deus
1334 1382 1397 1425 illi
1420 1398 1498 1441 per
1522 1384 1730 1441 Spiritum
1745 1398 1863 1428 sanc-

481 1460 572 1494 tum
594 1450 715 1495 dedit
736 1466 812 1509 per
834 1450 1110 1494 dilectionem
1124 1485 1134 1505 ‚
1152 1451 1243 1494 sine
1257 1467 1342 1510 qua
1366 1466 1495 1495 nemo
1511 1461 1655 1509 potest
1673 1468 1762 1498 esse
1777 1453 1861 1497 mi-

477 1521 667 1564 sericors.
693 1522 791 1564 Non
824 1534 927 1578 ergo
952 1519 1080 1576 elegit
1101 1522 1216 1564 Deus
1238 1519 1350 1563 bene
1372 1530 1626 1579 operantes,
1662 1523 1738 1566 sed
1763 1538 1860 1567 cre-

479 1589 629 1634 dentes
661 1590 828 1649 pofius,
861 1598 910 1633 ut
932 1589 1022 1648 ipse
1043 1588 1139 1633 illos
1163 1588 1292 1633 iaciat
1313 1590 1423 1634 bene
1446 1592 1629 1650 operari.
1655 1595 1861 1638 Nostrum

478 1660 595 1705 enim
631 1669 694 1704 est
727 1659 901 1703 credere
921 1668 964 1702 et
984 1658 1095 1703 velle
1110 1693 1121 1713 ,
1147 1659 1262 1703 illius
1285 1669 1430 1703 autem
1458 1660 1561 1704 dare
1582 1661 1860 1708 credentibus

477 1739 521 1774 et
535 1729 782 1774 volentibus
798 1728 1048 1773 facultatem
1062 1729 1174 1772 bene
1189 1728 1396 1787 operandi
1412 1745 1489 1788 per
1507 1731 1715 1789 Spiritum
1732 1748 1856 1778 sanc⁰

478 1810 572 1845 tum
591 1835 602 1855 ,
628 1815 705 1859 per
720 1815 851 1859 quem
874 1799 1059 1844 charitas
1076 1800 1154 1842 Dei
1177 1799 1442 1844 diffunditur
1464 1801 1510 1845 in
1531 1802 1735 1848 cordibus
1756 1819 1861 1849 nos-

480 1872 577 1924 tris,
601 1880 651 1914 ut
674 1886 751 1915 nos
772 1868 1069 1914 misericordes
1090 1870 1250 1914 efficiat
1264 1872 1297 1913 ³.

539 1943 676 1985 LXII.
699 1939 827 1994 Quod
851 1949 995 1984 autem
1019 1939 1078 1983 ait
1103 1958 1112 1984 :
1142 1959 1162 1982 «
1194 1940 1333 1998 Igitur
1353 1955 1442 1984 non
1469 1941 1652 1987 volentis
1669 1977 1679 1997 ,
1716 1958 1859 2003 neque

482 2028 503 2051 »
538 2010 771 2064 currentis,
796 2009 871 2053 sed
889 2008 1127 2053 miserentis
1149 2018 1213 2053 est
1234 2009 1306 2052 Dei
1323 2010 1338 2034 4
1357 2044 1368 2064 ‚
1387 2028 1406 2051 »
1427 2025 1516 2055 non
1537 2010 1651 2055 tollit
1671 2010 1859 2056 liberum

479 2079 716 2124 voluntatis
737 2078 964 2123 arbitrium
980 2112 991 2133 ,
1033 2077 1108 2122 sed
1129 2093 1218 2122 non
1254 2079 1452 2123 sufficere
1485 2078 1589 2125 dicit
1622 2080 1733 2125 velle
1754 2097 1858 2126 nos-

483 2158 624 2204 trum,
655 2149 736 2193 nisi
758 2148 934 2207 adjuvet
969 2150 1108 2201 Deus,
1138 2147 1434 2192 misericordes
1458 2164 1536 2193 nos
1554 2150 1784 2196 efficiendo
1805 2150 1860 2196 ad

478 2219 591 2263 bene
618 2218 888 2279 operandum
911 2232 987 2277 per
1007 2217 1173 2262 donum
1197 2219 1380 2278 Spiritus
1405 2220 1572 2275 sancti,
1606 2221 1661 2265 ad
1683 2223 1766 2267 hoc
1787 2237 1858 2266 re—

479 2289 644 2344 ferens,
664 2289 784 2349 quod
800 2289 996 2348 superius
1017 2289 1148 2333 dixit:
1163 2308 1183 2330 «
1201 2290 1437 2334 Miserebor
1459 2291 1529 2335 cui
1551 2292 1748 2337 misertus
1765 2308 1855 2347 ero,

482 2377 503 2400 »
537 2368 581 2403 et
598 2360 931 2404 misericordiam
953 2360 1167 2418 praestabo
1184 2360 1254 2404 cui
1270 2361 1508 2405 misericors
1529 2361 1654 2407 fuero
1669 2365 1730 2405 ⁵.»
1747 2363 1858 2416 Quia

479 2445 622 2489 neque
650 2430 759 2474 velle
781 2445 1010 2489 possumus
1026 2464 1037 2485 ‚
1062 2430 1144 2474 nisi
1172 2445 1404 2489 vocemur3
1424 2440 1467 2476 et
1487 2447 1586 2476 cum
1610 2442 1707 2491 post
1726 2449 1858 2478 voca-

529 2532 537 2548 ¹
558 2529 648 2558 Rom.
667 2536 715 2566 rx,
739 2525 791 2566 15,
812 2530 845 2558 et
860 2526 965 2558 Exod.
991 2536 1103 2566 xuni,
1126 2535 1176 2567 19.
1198 2541 1239 2548 -
1260 2531 1272 2547 ²
1295 2524 1408 2559 Malac.
1432 2537 1455 2566 1,
1475 2536 1508 2567 2,
1523 2526 1554 2559 3.
1574 2542 1615 2550 -
1641 2525 1655 2550 3
1676 2538 1687 2561 ι
1715 2531 1857 2562 Retract.
1922 2520 1924 2560 ἶ

478 2592 565 2623 xxix,
582 2592 614 2616 n.
635 2582 668 2623 3,
690 2585 724 2614 et
740 2583 831 2615 Rom.
851 2592 885 2623 v,
907 2581 938 2614 5.
966 2598 999 2605 -
1016 2581 1037 2621 4
1051 2584 1142 2615 Rom.
1165 2592 1214 2623 ix,
1236 2582 1288 2615 16.
1318 2598 1358 2607 —
1375 2581 1390 2606 ⁵
1411 2583 1493 2617 lbid.
1518 2584 1569 2617 15.
