1867 3320
243 318 380 347 sssnmo
412 320 702 359 XXXV11[,·DE
736 320 883 350 vnaius
915 324 1221 354 ECCLESIASTICI.
1337 319 1417 358 503

106 385 162 427 X.
191 385 287 428 Hoc
308 384 383 438 fit,
403 384 436 427 si
458 384 699 440 credamus,
719 385 752 428 si
769 384 901 429 fidem
923 388 1168 434 excitemus.
1185 393 1292 435 Nam
1314 407 1422 437 vane

46 453 379 499 conturbamur.
405 455 551 506 Quare
565 469 674 498 vane
687 455 1030 500 conturbamur?
1052 459 1160 510 Quia
1182 459 1422 506 dormiente

47 524 222 571 Christo
243 524 290 567 in
311 523 431 579 navi,
457 539 568 583 pene
590 524 959 584 naufragaverunt
988 528 1205 587 Discipuli.
1230 534 1423 576 Dormie-

47 596 123 639 bat
159 596 299 649 Jesus,
325 604 370 638 et
404 594 696 638 turbabantur
732 596 978 655 Discipuli¹.
1004 599 1134 642 Venti
1167 600 1421 657 saeviebant,

47 665 206 709 fluctus
245 664 548 709 excitabantur
565 699 576 718 ,
618 666 737 710 navis
778 668 1064 725 mergebatur.
1108 670 1274 721 Quare?
1317 672 1426 723 Quia

46 738 171 781 Jesus
194 734 455 780 dormiebat.
484 736 553 780 Sic
575 745 619 780 et
645 746 692 780 tu
707 772 719 792 ,
743 739 919 797 quando
935 748 1207 798 tempestates
1222 742 1426 786 tentatio-

44 821 153 851 num
185 807 373 850 saeviunt
406 806 451 849 in
483 806 565 851 isto
598 806 778 863 saeculo,
812 809 1014 853 turbatur
1054 819 1294 865 cortuum,
1330 820 1427 854 tan-

43 892 178 937 quam
200 877 320 920 navis
350 885 440 920 tua.
468 881 628 932 Quare,
658 878 738 921 nisi
761 879 863 938 quia
892 879 1053 923 dormit
1087 879 1193 924 fides
1225 882 1326 924 tua?
1358 882 1425 926 Sic

45 947 163 991 enim
197 946 357 991 Paulus
391 947 612 1006 apostolus
649 947 780 1002 dicit,
817 950 917 1008 quia
947 949 1112 993 habitat
1137 950 1331 994 Christus
1350 966 1426 1010 per

46 1017 179 1062 fidem
204 1017 249 1061 in
266 1017 472 1062 cordibus
489 1018 644 1061 nostris
657 1021 689 1061 ².
711 1018 860 1062 Excita
879 1033 981 1077 ergo
998 1019 1219 1063 Christum
1232 1020 1277 1062 in
1298 1020 1427 1064 corde

48 1096 145 1143 tuo,
177 1087 325 1146 vigilet
353 1088 459 1131 fides
494 1097 590 1141 tua,
628 1087 933 1147 tranquilletur
965 1089 1226 1132 conscientia
1255 1098 1354 1143 tua,
1387 1100 1429 1134 ct

44 1156 255 1200 liberatur
272 1157 393 1201 navis
409 1167 496 1201 tua.
514 1158 650 1212 Senti,
669 1158 874 1217 quoniam
890 1158 965 1218 qui
982 1158 1193 1217 promisit,
1209 1174 1335 1202 verax
1347 1168 1424 1203 est.

45 1227 252 1273 Nondum
274 1228 488 1286 ostendit,
513 1229 614 1288 quia
638 1229 832 1273 nondum
864 1240 927 1274 est
948 1239 1117 1289 tempus
1138 1238 1185 1273 ut
1209 1231 1422 1274 ostendat.

10 1348 13 1350 ,
44 1298 184 1344 Multa
207 1299 295 1358 jam
330 1308 476 1342 tamen
505 1300 724 1342 ostendit:
750 1300 967 1343 Christum
994 1316 1118 1343 suum
1148 1301 1361 1358 promisit,
1386 1310 1427 1344 et

45 1367 167 1413 dedit
191 1386 202 1413 t
228 1370 586 1413 resurrectionem
622 1370 712 1428 ejus
738 1369 958 1428 promisit,
982 1378 1022 1412 et
1055 1369 1201 1413 dedit:
1222 1373 1422 1427 Evange-

44 1439 150 1484 lium
175 1455 303 1484 suum
321 1439 539 1498 promisit,
565 1447 608 1482 et
630 1438 750 1482 dedit
770 1459 778 1483 ι
805 1439 1038 1483 Ecclesiam
1061 1454 1179 1482 suam
1208 1448 1298 1482 toto
1321 1440 1424 1483 orbe

45 1508 382 1555 diffundendam
419 1509 640 1569 promisit,
673 1519 716 1553 et
742 1508 888 1553 dedit:
928 1507 1226 1552 tribulationes
1251 1509 1358 1567 ipsas
1381 1519 1423 1552 et

45 1596 222 1640 aggeres
243 1580 538 1625 calamitatum
556 1581 600 1623 in
626 1580 749 1623 rebus
764 1580 962 1623 humanis
976 1577 1196 1638 praedixit,
1222 1588 1263 1621 et
1281 1588 1423 1622 osten-

43 1651 124 1696 dit.
148 1654 321 1705 Quanta
347 1661 450 1695 sunt
471 1666 570 1710 quae
604 1652 790 1694 restant?
818 1650 1059 1709 Implentur
1089 1664 1186 1709 quae
1215 1650 1422 1708 promissa

43 1731 166 1777 sunt,
203 1720 443 1781 implentur
467 1736 567 1781 quae
598 1720 804 1780 praedicta
836 1729 936 1763 sunt
972 1738 980 1763 ι
1008 1728 1050 1762 et
1073 1720 1231 1762 titubas
1255 1734 1308 1761 nc
1333 1734 1421 1762 non

41 1791 188 1836 veniat
208 1790 329 1850 quod
347 1793 502 1835 restat?
526 1793 647 1834 Tunc
670 1790 821 1833 timere
838 1788 1036 1843 deberes,
1055 1790 1086 1832 si
1104 1787 1222 1847 quod
1240 1786 1423 1846 proedic-

42 1870 134 1906 tum
159 1870 223 1904 est
245 1876 333 1904 non
351 1858 533 1903 videres.
556 1859 674 1901 Bella
696 1868 819 1911 sunt,
839 1859 970 1900 sames
993 1869 1118 1910 sunt,
1143 1858 1421 1901 contritiones

41 1940 157 1976 sunt.
182 1934 383 1989 Regnum
399 1944 527 1988 super
550 1943 731 1986 regnum
755 1936 832 1981 cst,
857 1936 979 1970 terrae
1003 1937 1143 1970 motus
1164 1937 1280 1980 sunt,
1306 1928 1421 1970 cala-

0 2052 1 2055 *
41 2002 244 2046 mitatum
273 2010 375 2044 sunt
403 1998 773 2058 exaggerationeS,
800 1996 1062 2040 abundantia
1090 1996 1417 2050 scandalorum,

42 2071 178 2131 frigus
194 2071 435 2125 charitatis,
457 2070 580 2129 copia
600 2068 851 2129 iniquitatis.
881 2070 982 2111 Haec
1005 2068 1144 2110 omnia
1170 2066 1285 2124 lege,
1308 2082 1418 2125 prm-

41 2143 156 2188 dicta
174 2150 290 2187 sunt.
318 2145 454 2201 Lege,
478 2140 598 2195 vide,
624 2140 722 2197 quia
754 2140 895 2182 omnia
927 2155 1024 2198 quse
1067 2137 1182 2181 vidos
1212 2136 1414 2195 prmdicta

23 2224 174 2277 ⁵sunt:
200 2223 243 2258 et
263 2214 391 2258 crede
414 2221 456 2257 te
478 2213 669 2256 visurum
697 2226 786 2253 esse
808 2208 923 2270 quod
950 2207 1140 2252 nondum
1172 2208 1310 2259 venit,
1336 2222 1418 2251 nu-

42 2299 212 2328 merans
227 2291 390 2344 quanta
407 2290 635 2325 venerunt.
661 2282 725 2324 Tu
749 2288 889 2323 autem
908 2278 1095 2321 videndo
1120 2279 1252 2320 linum
1274 2287 1416 2320 osten—

41 2354 144 2399 dere
164 2370 264 2414 quae
286 2353 500 2414 praedixit,
527 2367 613 2396 non
644 2350 780 2395 credis
808 2350 1009 2392 daturum
1044 2363 1130 2390 esse
1165 2345 1281 2407 qnod
1313 2362 1413 2406 pro·

41 2426 188 2470 misit}>
206 2425 271 2469 lbi
288 2424 464 2469 credere
488 2422 642 2475 debes,
663 2421 736 2465 ubi
762 2419 920 2464 turbari
940 2418 1121 2476 cwpisii.

101 2497 180 2539 XI.
204 2495 245 2540 Si
269 2496 364 2538 finis
386 2492 536 2538 mundi
557 2502 646 2547 est,
674 2490 946 2549 migrandum
968 2498 1027 2530 cst
1051 2486 1104 2531 dv
1124 2487 1307 2539 ῐηιιιιιΙο,
1330 2501 1413 2530 non

44 2566 254 2610 amandus
275 2574 337 2608 est
367 2563 570 2608 mundus.
594 2565 705 2606 Ecce
731 2560 926 2605 turbatur
949 2558 1155 2604 mundns.
1184 2567 1221 2600 vt
1247 2564 1413 2600 amatur

91 2659 97 2673 ¹
121 2650 239 2682 Manli.
257 2650 369 2691 νιι,’)’.
411 2667 447 2671 —-
475 2656 484 2670 '¹
515 2648 614 2689 [plu-i
650 2659 696 2682 m,
718 2657 753 2686 ¹7
