1867 3320
4 181 13 347 l
344 286 482 316 sano
515 289 575 315 ιν.
612 288 666 315 DE
698 285 821 315 JAcon
854 287 905 314 ΕΤ
938 287 1058 314 Esau.
1311 278 1391 316 195

71 354 271 399 XXXIV.
303 355 448 413 Ergo,
477 352 628 398 fratres
648 389 658 409 ,
689 353 766 414 qui
796 368 839 397 se
857 351 1090 406 dividunt,
1118 352 1199 411 ipsi
1229 354 1394 399 habent

58 424 203 470 adium
221 423 441 468 divisionis
457 459 468 479 ,
486 433 529 468 et
551 424 597 468 in
622 422 767 483 gladio
781 438 859 468 suo
884 423 1154 478 moriuntur,
1176 431 1219 467 et
1241 423 1284 466 in
1302 423 1393 482 gla-

7 356 85 572 ke
114 511 192 540 suo
217 495 386 540 vivunt.
419 494 503 540 Sed
522 495 622 555 quia
647 510 799 539 verum
820 494 986 539 dixerat
1008 495 1243 539 Dominus:
1269 513 1288 536 «
1311 495 1393 547 Qui

10 574 39 652 ι»
72 565 214 626 gladio
243 566 456 626 percutit,
487 565 630 624 gladio
663 566 931 610 morietur1:
953 565 1134 610 »videte
1152 565 1248 610 illos
1266 601 1277 620 ,
1305 563 1394 610 fra-

36 637 99 682 res
125 636 232 691 mei,
261 640 338 696 qui
363 651 406 680 se
432 637 486 681 ab
512 637 678 681 unitate
703 636 1016 696 praeciderunt,
1046 636 1091 680 in
1123 645 1232 696 quot
1257 634 1396 680 frusta

65 707 177 752 aecisi
198 716 314 752 sunt.
331 708 472 752 Nostis
490 716 598 767 quot
617 716 757 767 partes
781 707 882 753 fecit
899 722 997 766 pars
1019 707 1203 763 Donati,
1222 722 1303 751 nec
1328 722 1398 751 ar-

45 778 150 823 itror
170 777 304 823 latere
324 779 604 823 Sanctitatem
621 780 822 823 Vestram
837 813 848 833 ,
868 779 971 838 quia
993 797 1012 820 «
1034 778 1110 839 qui
1132 777 1276 838 gladio
1295 793 1396 839 per-

0 890 2 894 ,
29 867 40 892 ›
66 849 203 904 cutit,
234 848 377 907 gladio
402 849 542 909 periit.
567 867 588 890 »
619 849 787 893 Dictum
822 858 885 893 est
904 849 966 893 illi
993 868 1002 894 2
1024 867 1044 890 «
1073 852 1124 893 In
1151 850 1295 908 gladio
1322 859 1398 895 tuo

71 921 203 966 vives.
231 939 251 962 »
279 921 347 966 Sic
373 930 416 965 et
442 921 504 964 illi
529 921 604 980 qui
628 936 717 965 non
746 929 1013 964 recesserunt
1032 921 1086 964 ab
1110 921 1328 976 Ecclesia,
1356 930 1399 965 et

0 980 120 1064 'iales
140 1000 242 1036 sunt
259 1025 269 1045 ‚
290 991 439 1051 quales
455 991 488 1034 si
505 991 606 1035 foris
626 1000 781 1035 essent.
802 991 887 1044 Qui
901 992 1017 1035 enim
1043 1001 1190 1036 amant
1213 993 1400 1037 honores

0 1097 2 1103 ,
68 1076 113 1106 os
127 1061 173 1105 in
183 1060 374 1106 Ecclesia
392 1096 403 1116 ,
422 1062 601 1106 omnino
616 1061 722 1106 tales
736 1071 839 1106 sunt
853 1097 864 1117 ,
882 1063 958 1122 qui
980 1072 1127 1107 amant
1145 1063 1192 1106 in
1207 1062 1400 1108 Ecclesia

3 1150 12 1152 >
43 1130 243 1176 ommoda
274 1147 350 1176 sua
382 1131 628 1186 saecularia,
653 1142 696 1176 et
720 1132 801 1192 ipsi
824 1131 948 1191 palea
971 1142 1101 1191 sunt3
1137 1133 1213 1178 sed
1246 1142 1400 1178 ventus

0 1220 5 1248 ÷
50 1212 137 1248 eest
155 1238 166 1259 ‚
190 1202 289 1248 ideo
308 1219 397 1248 non
421 1203 571 1248 volant
589 1203 644 1248 de
663 1219 760 1248 area
784 1224 791 1249 :
809 1205 892 1248 hoc
910 1214 973 1249 est
993 1204 1113 1264 quod
1133 1204 1232 1250 dico
1257 1205 1403 1250 brevi-

38 1288 84 1320 er
96 1310 107 1331 ,
124 1275 304 1319 tentatio
319 1273 458 1330 deest,
474 1290 575 1319 nam
595 1275 790 1320 volarent
807 1274 861 1319 de
878 1291 990 1320 area.
1013 1277 1208 1335 Denique
1223 1277 1401 1336 quando

70 1355 168 1390 ntra
197 1346 293 1391 illos
330 1345 494 1406 aliquid
527 1347 663 1405 egerit
695 1347 910 1400 Ecclesia,
952 1347 1174 1407 quomodo
1207 1348 1336 1393 facile
1361 1364 1405 1393 se

0 1436 9 1464 2
49 1417 289 1462 raecidunt?
307 1417 530 1478 quomodo
551 1416 674 1461 facile
691 1427 811 1461 extra
829 1417 1066 1477 colligunt,
1092 1428 1134 1463 et
1160 1419 1317 1464 nolunt
1333 1419 1402 1464 di-

0 1510 7 1533 e
62 1487 188 1533 ittere
211 1488 503 1548 principatum
526 1503 653 1533 suum
671 1523 681 1543 ,
703 1488 926 1549 quomodo
947 1504 1026 1548 pro
1042 1490 1134 1550 ipso
1155 1491 1404 1551 principatu

0 1559 10 1619 i
60 1559 127 1604 'ori
150 1557 335 1603 volunt?
361 1558 585 1618 quomodo
617 1568 763 1603 tenere
797 1558 953 1604 volunt
979 1561 1060 1605 sub
1088 1577 1132 1606 sc
1155 1561 1330 1621 plebes,
1362 1572 1406 1608 et

50 1642 107 1674 on
132 1628 349 1672 dimittere
366 1628 514 1688 plebes
535 1629 692 1672 unitati
711 1629 904 1673 Christi?
922 1632 1146 1689 quomodo
1163 1632 1319 1677 volunt
1341 1632 1404 1678 fa-

44 1699 114 1743 ere
138 1714 238 1743 oves
261 1713 356 1743 suas
372 1733 383 1753 ‚
412 1714 517 1758 quas
539 1714 617 1742 suo
644 1698 855 1757 sanguine
881 1714 970 1743 non
996 1711 1218 1757 emerunt,
1237 1712 1281 1747 et
1305 1704 1404 1749 ideo

49 1769 124 1816 iles
146 1769 333 1824 habent,
358 1769 460 1829 quia
483 1784 570 1813 non
594 1769 822 1812 emerunt?
844 1768 961 1822 Quid
978 1785 1087 1830 opus
1106 1781 1169 1816 est
1188 1772 1289 1817 hinc
1312 1773 1406 1818 diu-

40 1841 104 1886 ius
124 1840 375 1901 disputare?
402 1838 627 1884 Attendite
650 1839 745 1883 illos
769 1854 845 1898 per
868 1840 1111 1885 universam
1142 1843 1400 1900 Ecclesiam,

50 1910 162 1958 'dete
178 1910 298 1964 tales,
314 1919 358 1954 et
378 1924 450 1969 eos
471 1910 547 1969 qui
569 1910 685 1954 intus
702 1918 818 1964 sunt,
837 1919 880 1954 et
897 1925 968 1955 eos
986 1913 1061 1971 qui
1083 1914 1258 1960 inventa
1283 1932 1406 1961 occa·

0 1983 16 2043 ῥ
43 1982 139 2029 ‘one
157 1982 212 2027 de
233 1997 330 2026 area
348 1981 621 2034 volaverunt,
647 1989 689 2024 et
711 1981 867 2025 volunt
886 1996 1032 2026 secum
1057 1985 1228 2030 trahere
1245 2002 1401 2045 grana,

0 2072 13 2119 η
41 2053 94 2101 ed
124 2069 256 2114 grana
285 2068 384 2097 vera
414 2062 457 2096 et
479 2055 605 2111 plena
634 2051 821 2096 tolerant
853 2052 1045 2111 paleam,
1079 2064 1122 2099 et
1151 2067 1329 2102 manent
1357 2059 1403 2103 in

0 2155 10 2202 Ρ
48 2123 116 2171 Iba
134 2139 272 2185 usque
294 2124 336 2167 in
359 2124 507 2174 finem,
524 2137 754 2183 quousque
776 2123 920 2167 veniat
943 2123 1121 2169 ultimus
1141 2127 1374 2173 ventilator
1393 2149 1401 2174 :

0 2209 17 2258 p
42 2194 129 2243 ieut
148 2195 221 2240 ille
239 2209 337 2239 cum
357 2192 543 2253 pellibus
566 2192 749 2237 haedinis
772 2193 971 2238 toleravit
990 2194 1127 2252 aliena
1151 2207 1342 2256 peccata,
1361 2209 1403 2244 et

0 2291 17 2331 ς
67 2267 178 2312 eruit
194 2266 387 2325 accipere
406 2264 753 2309 benedictionem
776 2274 1016 2324 paternam.

0 2340 17 2393 ‚⁷
92 2338 272 2382 XXXV.
301 2339 445 2390 Quare
479 2343 624 2379 autem
657 2354 676 2376 «
702 2334 929 2394 sugillatus
954 2354 972 2376 »
1002 2338 1115 2380 Isaac
1148 2338 1405 2386 benedixit?

0 2395 14 2473 2
54 2414 118 2455 {m
139 2408 253 2452 enim
293 2407 564 2460 necessitate,
598 2407 686 2466 jam
711 2415 885 2450 coactus
916 2415 1035 2465 pater
1057 2409 1146 2466 ejus
1168 2407 1275 2455 dixit
1305 2410 1364 2455 illi
1394 2432 1401 2456 ;

80 2478 191 2525 Ecce
209 2480 263 2524 ab
284 2479 481 2523 ubertate
505 2486 629 2522 terrae
646 2478 727 2521 crit
750 2478 827 2521 tibi
844 2478 1054 2522 habitatio
1069 2496 1090 2523 a
1112 2495 1205 2524 rore
1223 2482 1323 2525 ‹foeli
1341 2486 1401 2525 ².»

63 2555 152 2598 tne
172 2550 271 2595 ideo
293 2559 335 2594 te
361 2558 483 2609 putes
507 2548 671 2593 bonum
690 2583 701 2603 ,
725 2568 744 2590 «
766 2552 812 2592 Ιιι
835 2546 980 2605 gladio
1005 2557 1079 2593 tuo
1105 2551 1235 2606 vives,
1261 2562 1303 2596 vt
1324 2552 1408 2597 sra-

0 2514 19 2545 »5

18 2637 21 2643 ⁴
74 2636 218 2669 indutu..
240 2646 327 2677 xxvn,
349 2635 400 2667 52.
419 2651 459 2658 -
475 2640 486 2657 ¹
506 2637 583 2666 (ivn.
602 2645 699 2673 xxvii,
720 2634 855 2673 321,·-=‹.

1135 2693 1144 2727 Ι
1172 2695 1177 2705 ι

1172 2712 1177 2724 Ι
