1924 3309
452 248 535 288 510
873 253 908 285 s.
943 254 1173 288 Auens-nm
1205 260 1387 288 EPISCOPI

450 323 594 367 animo
612 331 688 366 tuo
707 341 716 367 ε
734 325 878 367 Bonus
899 333 962 368 est
984 327 1098 368 Deus
1115 359 1126 378 ‚
1151 324 1391 368 misericors
1408 332 1471 367 est
1490 325 1604 367 Deus
1621 357 1632 378 ,
1652 323 1836 381 ignoscit

449 393 592 437 omnia
609 428 619 448 ,
654 408 745 438 non
774 394 919 438 reddit
942 394 1054 438 mala
1083 409 1162 453 pro
1184 393 1322 438 malis.
1347 393 1463 438 Audi
1483 391 1742 453 Apostolum
1769 392 1837 437 di-

448 473 620 509 centem
647 483 656 509 :
685 484 705 506 «
727 467 905 524 Ignoras
928 465 1029 525 quia
1062 464 1268 524 patientia
1291 465 1368 508 Dei
1392 465 1446 509 ad
1466 463 1770 525 poenitentiam
1793 472 1837 508 te

451 553 472 576 »
507 535 687 579 adducit
704 538 715 560 ¹
734 537 752 578 ῗ
771 554 791 578 ))
1714 588 1718 591 ἱ

508 609 590 650 ΙΙΙ.
617 606 730 660 Quid
752 621 853 664 ergo
888 613 1018 649 restat
1036 607 1053 648 Ρ
1075 605 1184 658 Quia
1206 605 1240 648 si
1260 605 1532 649 obtinuimus
1553 606 1671 664 apud
1691 613 1734 649 te
1755 603 1839 647 ali—⁴

448 675 578 736 quid,
604 676 639 720 si
659 676 838 721 intravit
864 676 911 719 in
931 690 1005 719 cor
1025 674 1147 735 quod
1181 675 1300 732 dixi3
1335 676 1465 720 video
1491 674 1598 734 quid
1620 675 1726 718 mihi
1747 689 1839 718 res-

448 745 655 805 pondeas.
678 749 840 790 Verum
858 754 944 800 est,
964 760 1044 789 nec
1066 744 1266 804 despero,
1286 754 1335 789 ut
1352 744 1623 805 desperando
1638 759 1836 804 peream3

450 832 528 861 nec
555 833 680 876 spero
702 816 840 871 male,
867 825 917 860 ut
953 815 1167 876 sperando
1202 832 1393 876 peream.
1429 819 1528 861 Non
1558 816 1668 860 mihi
1703 815 1803 860 dico
1826 833 1836 860 ε

450 887 660 947 iniquitas
678 903 773 931 mea
790 903 918 947 super
941 903 1010 931 me
1031 896 1110 942 est,
1125 888 1215 947 jam
1239 888 1406 932 nullam
1430 903 1550 947 spem
1573 888 1735 932 habeo.
1752 889 1838 932 Nec

449 959 556 1002 mihi
580 958 692 1002 illud
715 959 813 1003 dico
829 994 840 1013 ‚
866 962 1012 1003 Bonus
1032 968 1095 1002 est
1112 962 1243 1014 Deus,
1261 959 1426 1003 nemini
1440 958 1585 1003 reddit
1599 958 1729 1003 mala.
1750 960 1840 1003 Nec

448 1028 559 1075 illud
583 1029 681 1073 dico
701 1064 712 1084 ‚
754 1044 833 1073 nec
852 1029 965 1073 illud
982 1028 1081 1073 dico
1106 1048 1116 1074 :
1138 1031 1296 1088 premit
1319 1044 1388 1073 me
1410 1029 1628 1088 Propheta
1647 1063 1659 1084 ‚
1682 1028 1841 1089 premit

450 1115 518 1143 me
551 1099 800 1160 Apostolus.
827 1103 884 1144 Et
922 1099 1030 1159 quid
1066 1099 1202 1144 dicis?
1226 1099 1385 1144 Adhuc
1414 1099 1634 1144 modicum
1669 1108 1843 1158 tempus

450 1170 593 1214 vivam
617 1169 840 1230 quomodo
862 1169 978 1214 volo.
1002 1171 1077 1214 Isti
1097 1179 1199 1214 sunt
1220 1170 1297 1230 qui
1317 1185 1395 1214 nos
1422 1170 1606 1227 fatigant
1631 1188 1641 1214 ε
1665 1167 1842 1227 plurimi

449 1248 576 1294 sunt,
601 1238 774 1284 molesti
796 1249 913 1284 sunt.
940 1239 1098 1284 Adhuc
1117 1239 1341 1284 modicum
1368 1248 1540 1297 tempus
1563 1238 1706 1282 vivam
1726 1252 1841 1297 quo-

450 1310 581 1354 modo
603 1310 703 1354 volo
721 1345 731 1364 ‚
763 1319 913 1369 postea
937 1310 1116 1368 quando
1137 1325 1208 1353 me
1229 1323 1454 1352 correxero
1468 1343 1479 1363 ,
1511 1309 1663 1368 utique
1688 1322 1843 1352 verum

448 1388 512 1422 est
533 1379 656 1438 quod
671 1379 779 1421 dixit
794 1378 1035 1436 Propheta:
1061 1377 1208 1423 «Nolo
1221 1387 1406 1422 mortem
1422 1378 1561 1438 impii,
1579 1386 1750 1422 tantum
1771 1392 1842 1421 re-

451 1467 472 1490 »
493 1457 686 1493 vertatur
698 1448 856 1507 impius
868 1464 892 1492 a
907 1448 976 1493 via
988 1464 1065 1493 sua
1078 1448 1278 1507 pessima,
1297 1457 1341 1491 et
1357 1449 1518 1493 vivat.»
1535 1447 1721 1502 Quando
1733 1462 1843 1493 con-

449 1535 595 1565 versus
616 1518 741 1563 fuero
756 1554 767 1574 ‚
801 1518 965 1563 delebit
994 1519 1139 1564 omnia
1162 1518 1275 1563 mala
1295 1533 1392 1562 mea
1418 1538 1428 1564 :
1447 1534 1583 1579 quare
1615 1534 1706 1563 non
1727 1518 1842 1563 addo

451 1589 615 1650 aliquid
650 1589 950 1649 voluptatibus
980 1589 1113 1644 meis,
1139 1597 1183 1633 et
1214 1589 1313 1634 vivo
1335 1599 1551 1649 quantum
1573 1588 1696 1645 volo,
1726 1604 1842 1649 quo-

450 1660 583 1705 modo
606 1660 727 1714 volo,
750 1670 897 1720 postea
919 1675 989 1704 me
1010 1675 1297 1704 conversurus
1315 1659 1370 1703 ad
1389 1662 1557 1704 Deum?

510 1733 586 1775 IV.
622 1736 763 1785 Quare
806 1731 890 1775 hoc
923 1729 1029 1774 dicis
1049 1764 1059 1785 ,
1097 1728 1262 1774 irater?
1290 1732 1463 1783 Quare?
1501 1729 1611 1783 Quia
1643 1729 1842 1789 promisit

450 1804 564 1845 Deus
585 1800 904 1859 indulgentiam
920 1835 931 1855 ,
952 1800 985 1844 si
1001 1815 1070 1844 me
1093 1810 1335 1844 mutavero.
1364 1799 1524 1855 Video,
1546 1801 1649 1855 scio,
1672 1800 1841 1860 promi-

450 1872 504 1916 sit
528 1875 641 1916 Deus
653 1870 971 1930 indulgentiam
987 1892 998 1925 3
1017 1886 1095 1925 per
1112 1881 1314 1911 sanctum
1333 1872 1596 1926 Prophetam
1615 1869 1728 1913 hanc
1745 1884 1841 1928 pro-

450 1941 584 1984 mittit
603 1975 614 1996 ,
639 1949 682 1983 et
703 1955 779 1998 per
801 1954 868 1982 me
892 1938 1123 1982 minimum
1145 1953 1318 1983 servum
1340 1953 1469 1981 suum
1490 1940 1704 1998 promittit
1729 1958 1739 1984 ε
1762 1953 1841 1984 ve-

450 2027 548 2056 rum
566 2020 630 2056 est
647 2011 768 2070 quod
786 2010 1021 2069 promittit,
1040 2010 1153 2053 hanc
1170 2009 1367 2068 promisit
1389 2024 1465 2068 per
1482 2009 1662 2054 unicum
1681 2010 1841 2054 Fih'um

451 2096 594 2125 suum.
621 2080 706 2125 Sed
727 2079 831 2140 quid
850 2079 913 2124 vis
935 2078 1094 2123 addere
1115 2079 1205 2123 dies
1228 2079 1364 2123 malos
1387 2078 1542 2124 diebus
1565 2079 1717 2124 malis?
1738 2079 1842 2125 Suf-

450 2154 567 2198 ficiat
584 2153 669 2197 diei
692 2151 853 2196 malitia
864 2167 941 2196 sua
953 2155 985 2195 ².
1006 2151 1147 2196 Malus
1170 2151 1261 2194 dies
1283 2151 1509 2195 hesternus
1527 2151 1683 2206 ,malus
1702 2160 1747 2195 et
1761 2152 1842 2196 ho-

451 2224 626 2268 diernus
643 2258 654 2278 ‚
690 2222 830 2266 malus
864 2231 908 2266 et
934 2222 1160 2266 crastinuS.
1187 2224 1256 2264 An
1279 2229 1404 2280 putas
1432 2236 1523 2265 esse
1554 2221 1692 2266 bonos
1719 2220 1835 2277 dies,

452 2296 629 2355 quando
648 2294 753 2338 facis
776 2294 876 2338 satis
904 2292 1204 2352 voluptatibus
1235 2292 1320 2335 tuis
1337 2327 1348 2347 ‚
1375 2292 1554 2351 quando
1583 2293 1628 2336 in
1659 2292 1841 2337 luxuriis

454 2366 617 2410 enutris
642 2380 716 2409 cor
748 2373 875 2408 tuum
895 2398 907 2418 ‚
943 2362 1121 2423 quando
1155 2362 1368 2406 insidiaris
1402 2361 1554 2407 alienae
1586 2362 1806 2422 pudicitiae
1825 2397 1843 2424 ,-

455 2436 633 2496 quando
655 2434 808 2479 fraude
830 2435 1058 2479 contristas
1078 2434 1323 2494 proximum
1346 2441 1488 2488 tuum,
1518 2434 1696 2494 quando
1718 2448 1840 2478 com-

454 2505 659 2552 mendata
672 2520 817 2564 negas,
833 2505 1013 2565 quando
1026 2503 1183 2549 falsum
1199 2519 1277 2563 pro
1291 2518 1474 2549 nummo
1487 2505 1637 2564 juras?
1653 2503 1839 2558 Quando

502 2597 510 2613 ¹
534 2594 624 2624 Rom.
646 2601 679 2633 u,
699 2588 732 2632 4.
754 2606 795 2613 —-
818 2596 831 2613 ²
850 2590 971 2622 Matth.
993 2600 1038 2629 vx,
1056 2588 1109 2631 34.
