1867 3320
0 261 5 284 ι
245 242 383 269 senno
415 242 572 281 xxxm,
608 246 661 271 DE
693 246 824 274 mansu
857 249 1005 278 psum
1036 254 1176 281 cnm.
1321 247 1398 286 451

39 304 122 349 hoc
143 305 287 349 animo
309 304 427 362 facit,
442 316 493 351 ut
506 316 724 354 terrenum
741 312 1083 362 emolumentum
1100 333 1402 381 consequatur,

38 374 248 420 serviliter
278 375 384 420 facit
399 410 411 431 ‚
445 385 488 420 et
508 376 606 422 ideo
639 381 868 426 sabbatum
904 399 994 429 non
1028 387 1239 436 observat.
1271 394 1408 440 Gratis

20 445 156 495 ,enim
169 444 380 490 amandus
396 454 460 491 est
479 448 593 492 Deus
618 467 627 494 :
647 464 727 495 nec
743 452 886 498 anima
901 463 1042 513 potest
1056 458 1137 501 nisi
1159 460 1204 503 in
1225 475 1275 505 eo
1291 462 1411 522 quod

38 514 198 575 diligit,
209 516 492 576 requiescere.
502 519 683 563 AEterna
694 530 837 566 autem
847 524 1015 584 requies
1028 526 1068 570 ei
1079 542 1167 572 non
1178 528 1320 586 datur,
1333 533 1413 578 nisi

38 585 86 631 in
99 585 333 632 dilectione
344 587 437 643 Dei,
455 588 532 648 qui
548 587 662 633 solus
682 600 869 637 aeternus
880 603 958 650 est,
975 604 1019 640 et
1038 596 1129 656 ipsa
1146 607 1209 643 est
1224 601 1415 658 perfecta

10 696 13 699 .
38 657 343 714 sanctificatio,
369 667 413 702 et
425 657 615 718 spiritale
632 660 849 708 sabbatun
865 665 1162 713 sabbatorum.
1187 672 1416 731 Quaprop-

40 738 104 774 ter
120 729 328 790 quoniam
345 729 390 773 in
406 729 568 788 Spiritu
584 741 733 778 sancto
744 735 1077 794 sanctificamur,
1098 741 1193 799 quis
1210 750 1273 785 est
1284 757 1417 801 quem

37 814 130 848 non
160 808 334 845 moveat
368 797 424 843 ad
452 815 662 859 magnum
697 815 1011 851 sacramentum
1053 809 1411 868 intelligendum,

38 870 160 931 quod
174 870 222 914 in
242 869 382 914 tribus
404 872 628 929 praeceptis
655 873 711 916 ad
739 876 878 918 Deum
899 877 1214 934 pertinentibus
1239 881 1417 926 tertium

36 949 306 1000 praeceptum
322 949 386 985 est
397 941 452 985 de
472 940 680 986 sabbato?
699 945 757 986 Et
770 944 816 987 in
828 944 896 988 his
917 947 1119 991 omnibus
1147 965 1244 1008 quae
1269 952 1416 1009 Scrip-

15 1040 17 1042 ψ
37 1019 136 1056 tura
152 1010 200 1055 in
219 1010 334 1056 libro
355 1011 531 1055 Genesis
552 1014 693 1056 Deum
719 1011 867 1057 fecisse
889 1028 1199 1062 commemorat
1213 1053 1223 1072 ‚
1249 1035 1339 1063 non
1353 1021 1416 1064 ibi

38 1080 199 1126 dicitur
229 1081 513 1126 sanctificasse
537 1082 619 1126 nisi
640 1080 757 1126 diem
778 1084 1032 1142 septimum,
1066 1086 1186 1146 quod
1206 1087 1418 1147 significat

37 1151 287 1196 sabbatum.

0 1282 2 1287 Β
97 1224 175 1267 IV.
203 1223 378 1285 Septem
399 1236 503 1267 vero
535 1237 855 1282 praeceptorum
875 1239 974 1282 quae
996 1225 1215 1271 dilectioni
1235 1229 1420 1287 proximi

0 1291 12 1346 ἴ
37 1293 310 1349 tribuuntur,
334 1292 523 1353 primum
542 1302 621 1349 est,
647 1296 824 1338 Honora
841 1303 1007 1353 patrem
1029 1305 1154 1340 tuum
1174 1307 1217 1342 et
1238 1308 1419 1344 matrem

0 1352 17 1427 ji*
37 1372 172 1409 tuam.
200 1363 479 1419 Secundum,
508 1366 606 1410 Non
637 1363 820 1409 occides.
845 1366 1058 1421 Tertium,
1092 1369 1189 1412 Non
1220 1371 1416 1415 moecha-

2 1453 16 1501 ἶ
37 1434 164 1481 beris.
200 1438 428 1488 Quartum.
466 1437 564 1481 Non
590 1434 820 1479 furaberis.
858 1436 1091 1493 Quintum,
1129 1440 1225 1484 Non
1262 1438 1418 1485 falsum

37 1504 334 1551 testimonium
366 1504 498 1549 dices.
542 1506 742 1561 Sextum,
782 1507 880 1551 Non
917 1508 1194 1566 concupisces
1241 1526 1418 1556 uxorem

0 1564 217 1638 “proximi
248 1576 328 1621 tui.
368 1576 637 1636 Septimum,
663 1577 762 1620 Non
791 1577 1069 1636 concupisces
1100 1592 1190 1622 rem
1234 1580 1417 1638 proximi

33 1649 114 1694 tui.
132 1648 246 1694 Huic
263 1645 560 1691 distributioni
582 1644 807 1690 manifeste
824 1655 1050 1691 attestatur
1061 1649 1313 1707 Apostolus,
1338 1651 1416 1695 ubi

18 1719 140 1771 Jdicit
161 1738 171 1764 :
199 1737 220 1761 «
245 1721 422 1763 Honora
439 1726 607 1776 patrem
627 1724 754 1760 tuum
769 1725 813 1759 et
837 1725 1018 1760 matrem
1041 1726 1160 1761 tuam
1176 1720 1190 1744 1
1218 1738 1227 1763 :
1252 1737 1272 1760 »
1297 1720 1418 1779 quod

59 1800 98 1836 st
108 1789 364 1834 mandatum
375 1787 578 1847 primum.
591 1785 812 1839 Quaeritur
824 1785 955 1840 enim,
968 1794 1010 1829 et
1024 1801 1111 1830 non
1125 1786 1170 1830 in
1184 1796 1274 1832 toto
1287 1790 1417 1834 Deca-

14 1860 134 1920 „logo
148 1859 369 1904 invenitur
383 1857 573 1917 primum
595 1874 603 1899 :
625 1856 727 1915 quia
740 1854 889 1900 decem
908 1855 1211 1900 mandatorum
1225 1858 1334 1902 illud
1355 1870 1418 1906 cst

30 1931 221 1993 primum
243 1928 321 1973 ubi
340 1925 395 1971 de
416 1940 507 1970 uno
541 1928 630 1969 Deo
662 1923 847 1969 colendo
875 1925 1138 1985 praecipitur.
1160 1930 1214 1971 Et
1236 1926 1333 1973 ideo
1361 1929 1414 1975 de

21 1998 296 2048 'honorandis
318 1996 571 2058 parentibus
600 1994 809 2054 scriptum
835 1994 882 2038 in
904 1994 986 2039 alia
1006 1995 1175 2050 tabula,
1201 1998 1413 2056 primum-

26 2089 118 2135 que
133 2081 217 2126 est,
236 2069 338 2131 quia
359 2066 463 2112 inde
479 2065 695 2125 incipiunt
714 2073 932 2125 praecepta
948 2080 1047 2125 quae
1064 2066 1117 2110 ad
1139 2065 1410 2114 dilectionem

29 2142 215 2206 proximi
237 2139 502 2184 referuntur.

20 2239 33 2248 -
88 2216 142 2258 V.
167 2214 403 2258 Cantemus
423 2221 527 2266 ergo
556 2205 775 2250 canticum
808 2219 993 2258 novum,
1032 2204 1258 2263 psallentes
1290 2208 1403 2266 psal-

22 2275 137 2329 'terio
158 2281 309 2326 decem
327 2277 605 2324 chordarum.
629 2277 723 2319 Hoc
745 2282 808 2319 est
829 2275 1043 2318 canticum
1062 2290 1244 2329 novum,
1271 2279 1402 2335 gratia

28 2353 131 2401 hovi
160 2348 442 2402 Testamenti,
479 2345 599 2406 quod
637 2360 713 2388 nos
741 2360 764 2388 a
787 2353 945 2389 vetere
970 2344 1143 2388 homine
1175 2346 1402 2401 discernit,

28 2424 105 2487 qui
122 2422 285 2483 primus
304 2419 443 2464 factus
461 2426 524 2460 cst
542 2414 596 2459 de
619 2423 730 2457 terra
753 2423 960 2457 terrenus.
981 2416 1039 2455 De
1062 2413 1164 2458 limo
1183 2416 1294 2458 mim
1321 2416 1406 2459 tiu·-

0 2494 2 2542 ἱ
29 2502 98 2551 ωε
118 2502 181 2539 est
201 2528 211 2547 ,
238 2501 281 2536 ct
304 2490 455 2535 amissa
479 2485 747 2532 beatitudine
771 2485 813 2528 in
833 2484 1039 2527 miseriam
1064 2486 1161 2543 jure
1196 2489 1405 2544 projectus

78 2586 86 2604 ¹
109 2579 223 2622 Ephcs.
243 2587 292 2618 vr,
307 2585 339 2609 2.
1131 2625 1179 2659 2⁴)
