1924 3309
431 331 513 372 534
858 345 892 372 s.
927 342 1159 372 Aucusnm
1191 343 1372 372 Emscom

432 410 712 471 requiescunt
726 408 808 453 sub
821 409 949 453 ramis
968 410 1099 468 ejus&
1120 407 1246 453 Unde
1260 408 1356 453 haec
1375 417 1494 454 tanta
1513 409 1826 469 pulchritudo?

436 484 498 525 De
515 480 661 525 nescio
673 496 759 541 qua
773 480 916 525 radice
926 474 1113 524 surrexit
1129 498 1138 524 :
1153 479 1288 524 erista
1307 480 1590 539 pulchritudo
1606 481 1652 525 in
1668 496 1824 540 magna

434 552 569 612 gloria
591 560 670 597 est.
697 554 953 605 Quaeramus
972 549 1179 595 radicem.
1203 552 1452 611 Consputus
1466 561 1545 608 est,
1569 552 1823 598 humiliatus

436 631 522 678 est,
537 621 777 681 flagellatus
791 632 871 677 est,
887 621 1119 666 crucifixus
1132 631 1212 677 est,
1227 620 1481 667 vulneratus
1498 631 1578 679 est,
1598 632 1826 684 contemp-

430 702 500 738 tus
523 703 601 738 est.
638 696 751 738 Ecce
772 694 844 738 hic
872 692 1035 752 species
1058 707 1149 737 non
1176 701 1241 737 est
1266 712 1275 738 :
1303 692 1376 737 sed
1398 693 1446 737 in
1476 693 1667 738 Ecclesia
1690 694 1825 752 gloria

432 763 587 809 radicis
609 764 761 824 pollet.
787 766 904 823 Ergo
927 763 1070 822 ipsum
1089 761 1296 807 describit
1312 779 1518 823 sponsum
1535 799 1546 819 ‚
1571 763 1696 808 illum
1719 780 1825 809 con-

432 844 667 894 temptum,
685 835 1014 889 inhonoratum,
1032 833 1268 894 abjectum.
1286 833 1370 878 Sed
1383 833 1514 879 modo
1531 834 1677 878 videre
1694 835 1825 879 habe-

431 905 484 950 tis
507 906 706 950 arborem
724 940 735 960 ,
762 920 862 964 quae
884 904 1069 949 surrexit
1091 904 1146 948 de
1180 905 1259 948 ista
1281 904 1424 949 radice
1440 940 1451 960 ,
1471 914 1515 949 et
1534 905 1731 965 implevit
1754 921 1825 950 or-

431 978 533 1021 bem
554 986 783 1020 terrarum.
810 994 830 1017 «
853 975 993 1019 Radix
1008 975 1054 1019 in
1076 984 1188 1020 terra
1213 976 1388 1020 sitienti.
1418 994 1437 1016 »

490 1050 574 1092 III.
605 1065 626 1089 «
649 1048 749 1091 Non
779 1054 843 1090 est
872 1046 1034 1106 species
1064 1044 1153 1102 illi,
1186 1061 1329 1105 neque
1362 1046 1503 1090 honor
1529 1065 1538 1091 :
1564 1054 1608 1090 et
1636 1044 1824 1090 vidimus

434 1136 455 1160 »
490 1115 615 1160 illum
630 1152 641 1172 ‚
658 1126 702 1160 et
717 1132 807 1160 non
829 1117 984 1160 habuit
1006 1115 1194 1176 speciem
1226 1131 1369 1176 neque
1399 1115 1601 1160 decorem
1616 1117 1648 1160 ².
1670 1118 1824 1161 Nonne

435 1206 456 1229 »
491 1187 562 1231 hic
585 1196 649 1230 est
660 1186 775 1230 fabri
787 1186 902 1231 filius
918 1187 959 1227 ³?
976 1204 996 1226 »
1017 1190 1158 1238 Quam
1181 1202 1270 1230 non
1288 1186 1444 1229 habuit
1457 1187 1676 1242 decorem,
1694 1196 1745 1230 ut
1758 1186 1825 1231 di-

434 1266 623 1302 ceretur:
641 1275 661 1298 «
674 1259 830 1302 Nonne
847 1271 998 1300 verum
1011 1255 1196 1299 dicimus
1212 1255 1313 1316 quia
1327 1254 1594 1300 daemonium
1609 1256 1743 1300 habes
1752 1257 1788 1299 ⁴?
1801 1275 1822 1298 »

434 1331 487 1373 In
515 1327 692 1372 nomine
724 1327 857 1386 ipsius
890 1325 1106 1370 daemonia
1139 1324 1388 1384 fugiebant3
1423 1335 1465 1370 et
1500 1325 1564 1370 illi
1596 1327 1824 1387 objicitur,

436 1398 539 1458 quia
561 1396 830 1442 daemonium
851 1396 1057 1441 habebat.
1079 1396 1162 1441 Sed
1175 1412 1309 1456 quare
1322 1396 1434 1441 hoc?
1455 1395 1686 1441 «Vidimus
1702 1412 1824 1452 eum,

437 1488 459 1512 »
495 1478 538 1513 et
560 1485 650 1513 non
665 1469 858 1513 habebat
875 1469 1063 1528 speciem
1081 1483 1225 1528 neque
1246 1467 1463 1513 decorem.
1484 1487 1504 1510 »
1527 1471 1635 1522 Quae
1653 1478 1715 1513 est
1736 1483 1828 1529 spe-

437 1541 521 1586 cies
542 1539 658 1584 illius
685 1540 831 1595 intus,
863 1539 941 1583 ubi
961 1554 1052 1583 non
1082 1538 1344 1584 videbatur?
1375 1558 1392 1581 «
1422 1542 1472 1584 In
1502 1539 1715 1599 principio
1737 1549 1830 1584 erat

441 1630 461 1653 »
497 1611 720 1666 Verbum,
760 1619 803 1654 et
822 1610 1019 1654 Verbum
1048 1618 1141 1653 erat
1174 1610 1293 1669 apud
1321 1612 1483 1664 Deum,
1523 1618 1565 1654 et
1600 1612 1714 1654 Deus
1739 1619 1831 1654 erat
1893 1664 1898 1669 ,

441 1700 462 1724 »
498 1681 737 1726 Verbum⁵.
767 1698 787 1722 »
814 1685 919 1734 Quae
936 1690 999 1724 est
1017 1680 1183 1740 species
1204 1679 1349 1724 illius?
1366 1698 1385 1721 »
1404 1681 1605 1733 Quicum
1628 1680 1673 1723 in
1692 1680 1830 1725 forma

442 1772 463 1795 »
489 1753 568 1798 Dei
586 1761 711 1807 esset,
728 1767 818 1795 non
833 1753 1028 1810 rapinam
1041 1751 1275 1795 arbitratus
1293 1760 1458 1795 estesse
1473 1749 1650 1811 aequalis
1668 1751 1826 1795 Deo⁶.»

499 1825 576 1867 IV.
598 1825 655 1866 Et
673 1821 752 1865 ubi
773 1821 889 1865 visus
911 1829 975 1864 est
997 1835 1087 1864 non
1119 1820 1276 1864 habere
1308 1820 1495 1879 speciem
1531 1836 1674 1880 neque
1701 1819 1831 1865 deco-

440 1894 560 1938 rem?
579 1912 599 1935 «
624 1895 681 1936 Et
703 1907 792 1936 non
813 1891 969 1935 habuit
989 1892 1177 1950 speciem
1202 1910 1210 1935 :
1236 1891 1313 1935 scd
1333 1891 1480 1935 vultus
1503 1892 1594 1952 ejus
1617 1891 1827 1951 abjectus,

443 1983 464 2006 »
500 1973 543 2007 et
560 1961 767 2006 deformis
789 1961 945 2021 positio
968 1963 1060 2021 ejus
1093 1961 1147 2005 ab
1177 1961 1382 2006 omnibus
1400 1961 1668 2006 hominibus.
1689 1963 1832 2007 Homo

449 2053 466 2075 ι)
501 2033 548 2076 in
574 2032 744 2092 plag-21⁷.
769 2049 789 2072 »
818 2034 869 2075 In
890 2030 1017 2091 plaga
1045 2031 1198 2087 homo,
1235 2040 1335 2075 ante
1359 2030 1531 2091 plagam
1563 2034 1701 2085 Deus,
1735 2040 1832 2091 post

441 2103 616 2164 plagam
641 2102 773 2147 homo
798 2104 912 2145 Deus
927 2137 938 2156 ‚
971 2120 993 2143 ι(
1015 2103 1158 2146 Homo
1179 2102 1222 2145 in
1240 2102 1394 2162 plaga,
1418 2111 1463 2145 et
1495 2102 1572 2163 qui
1593 2103 1699 2147 sciat
1720 2100 1832 2147 serre

446 2194 466 2216 >›
501 2174 788 2218 infirmitates.
814 2191 834 2214 ,η
859 2173 1137 2216 Infirmitates
1160 2175 1382 2233 quorum?
1408 2175 1605 2233 Ipsorum
1624 2188 1648 2217 a
1670 2173 1831 2234 quibus

439 2246 703 2306 patiebatur.
730 2243 926 2290 Medicus
955 2242 1125 2288 ferebat
1146 2243 1419 2289 infirmitates
1445 2244 1828 2304 phreneticorum3

441 2326 485 2361 et
504 2332 606 2360 cum
632 2317 723 2375 ipse
756 2315 1105 2374 crucifigeretur,
1150 2314 1299 2359 orabat
1324 2323 1367 2358 et
1388 2315 1563 2359 dicebat
1595 2334 1603 2360 :
1637 2333 1658 2357 «
1687 2318 1827 2370 Pater,

446 2406 466 2429 »
501 2386 674 2445 ignosce
693 2386 801 2442 illis,
820 2386 922 2446 quia
945 2385 1146 2430 nesciunt
1166 2384 1274 2445 quid
1291 2384 1498 2429 faciuntss.
1528 2405 1547 2427 »
1573 2384 1830 2442 Attendite;

444 2471 636 2500 amemus
668 2471 891 2515 sponsum.
929 2458 1104 2508 Quanto
1142 2455 1278 2513 magis
1314 2453 1520 2499 deformis
1553 2454 1678 2499 nobis
1706 2470 1829 2500 com-

446 2526 692 2581 mendatur,
715 2535 837 2570 tanto
859 2526 1044 2580 charior,
1071 2534 1191 2569 tanto
1214 2524 1382 2569 dulcior
1405 2534 1467 2567 cst
1491 2522 1630 2568 factus
1643 2540 1826 2584 sponsae.

495 2630 503 2643 ¹
530 2625 607 2655 Luc.
627 2634 681 2654 xm
696 2648 703 2660 ‚
739 2634 788 2664 ις).
811 2640 850 2645 —-
871 2630 883 2644 ²
905 2624 975 2654 Isa'i.
995 2634 1062 2653 mu.
1087 2631 1119 2653 2.
1146 2638 1174 2643 —
1199 2621 1211 2643 3
1233 2623 1334 2652 Marc.
1365 2633 1405 2659 vr,
1436 2625 1447 2651 -3
1486 2639 1526 2643 —
1545 2621 1559 2650 l,
1578 2624 1669 2652 Joan.
1693 2632 1758 2663 υιιι,
1774 2620 1828 2662 48.

449 2695 488 2699 —
505 2676 518 2699 5
540 2680 624 2715 1d.1‚
649 2691 674 2709 1.
697 2696 735 2700 —-
754 2677 768 2700 ‘³'
788 2678 900 2719 Philip.
923 2690 956 2712 ιι,
981 2680 1013 2709 6.
1036 2694 1077 2699 -
1095 2685 1107 2710 7
1127 2679 1201 2710 lsai.
1218 2688 1283 2718 Lm,
1307 2680 1337 2709 3.
1355 2694 1394 2699 —-
1413 2676 1427 2698 ⁸
1445 2679 1520 2708 Luc.
1545 2688 1635 2717 xxm,
1658 2676 1713 2718 34.
