1924 3309
446 239 528 279 464
867 248 901 278 S.
936 249 1166 280 AUGUS'MNI
1199 253 1379 282 muscom

443 317 498 361 ris
531 330 710 376 pauper.
742 320 898 360 Latens
932 320 1046 361 Deus
1073 317 1119 359 in
1151 315 1337 372 divitiis,
1375 332 1585 377 apparens
1621 319 1751 362 homo
1779 320 1825 362 in

442 396 711 447 paupertate.
738 386 849 431 Vide
878 387 1047 431 divitias
1070 388 1160 446 ejus
1185 406 1194 431 ε
1224 406 1245 429 «
1280 391 1332 431 In
1357 389 1569 448 principio
1598 399 1690 434 erat
1716 392 1826 433 Ver-

442 477 464 500 »
501 460 607 503 bum
627 494 637 514 ,
663 468 707 503 et
727 459 923 503 Verbum
953 467 1044 502 erat
1073 456 1189 516 apud
1212 461 1351 502 Deum
1371 494 1381 512 ,
1407 468 1449 502 et
1469 463 1582 503 Deus
1607 469 1697 504 erat
1716 462 1826 503 Ver-

444 547 465 571 »
501 530 609 574 bum
640 549 647 574 :
684 530 767 574 hoc
804 538 894 572 erat
929 529 975 571 in
1006 527 1219 586 principio
1254 528 1372 587 apud
1395 531 1547 573 Deum.
1573 530 1728 574 Omnia
1749 545 1828 589 per

443 619 464 642 »
499 601 642 661 ipsum
670 599 785 645 facta
813 601 959 643 sunt1.
992 616 1012 639 »
1038 597 1155 651 Quid
1187 599 1318 643 ditius
1340 615 1392 644 eo
1413 634 1424 655 ,
1449 615 1526 659 per
1553 616 1686 660 quem
1713 600 1829 645 facta

441 682 544 716 sunt
566 673 747 717 omnia?
765 674 933 715 Aurum
955 670 1118 713 habere
1139 669 1257 715 dives
1277 679 1442 730 potest,
1468 686 1612 715 creare
1634 687 1722 716 non
1744 687 1828 731 po-

445 753 538 787 test.
570 746 682 788 Cum
706 743 853 802 itaque
888 742 981 785 istae
1002 742 1094 802 ejus
1126 741 1289 787 divitiae
1320 743 1641 788 commendatae
1659 753 1826 799 essent,

439 816 539 861 vide
561 822 862 875 paupertatem
886 814 992 873 ejus.
1020 832 1040 854 «
1059 815 1117 858 Et
1138 814 1333 858 Verbum
1354 830 1455 860 caro
1482 813 1649 859 factum
1671 824 1761 870 est,
1787 824 1830 859 et

443 905 464 928 »
498 884 715 930 habitavit
737 885 782 928 in
804 884 930 928 nobis
946 887 978 927 ².
1007 901 1028 924 »
1061 886 1153 928 Hac
1176 885 1266 944 ejus
1291 901 1438 930 sumus
1472 894 1729 945 paupertate
1760 885 1830 929 di-

441 957 541 1002 tati:
564 956 667 1016 quia
689 955 896 1013 sanguine
917 955 1025 1014 ejus,
1045 954 1122 1014 qui
1142 956 1336 999 manavit
1357 954 1412 999 de
1433 971 1563 1000 carne
1585 957 1694 1015 ejus,
1709 955 1831 1016 quod

440 1028 635 1071 Verbum
657 1041 757 1071 caro
778 1024 948 1070 factum
971 1033 1060 1079 est,
1082 1033 1133 1068 ut
1152 1025 1371 1070 habitaret
1394 1026 1441 1069 in
1465 1026 1613 1081 nobis,
1639 1026 1830 1071 conscis-

439 1113 510 1143 sus
543 1106 607 1142 est
649 1111 798 1141 saccus
837 1104 1116 1154 peecatorum
1151 1104 1416 1140 nostrorum.
1456 1099 1537 1140 Per
1573 1097 1831 1156 sanguinem

439 1168 563 1212 illum
587 1168 821 1226 abjecimus
847 1180 1016 1225 pannos
1046 1165 1287 1225 iniquitatis
1303 1201 1314 1221 ,
1339 1175 1390 1210 ut
1417 1165 1702 1210 indueremur
1721 1166 1831 1211 stola

440 1237 791 1282 immortalitatis.

500 1310 575 1352 IV.
601 1309 763 1351 Omnes
785 1320 889 1364 ergo
917 1305 1072 1349 divites
1098 1304 1204 1349 boni
1226 1304 1391 1348 fideles.
1417 1307 1556 1350 Nemo
1577 1321 1621 1350 se
1639 1315 1831 1351 contem-

439 1388 541 1433 nat,
566 1393 731 1438 pauper
753 1377 798 1420 in
824 1376 955 1430 cella,
980 1375 1100 1420 dives
1133 1376 1179 1419 in
1201 1376 1478 1421 conscientia.
1507 1377 1634 1421 Dives
1665 1377 1830 1437 quippe

438 1450 484 1494 in
507 1448 770 1494 conscientia
786 1463 884 1491 secu
892 1447 978 1490 rior
993 1446 1156 1490 dormit
1172 1447 1216 1490 in
1232 1456 1361 1502 terra,
1383 1462 1515 1508 quam
1530 1447 1648 1492 dives
1671 1448 1717 1491 in
1733 1463 1832 1507 pur-

438 1536 564 1581 pura.
602 1520 670 1564 Ibi
705 1535 793 1564 non
829 1518 989 1562 excitat
1026 1517 1275 1562 sollicitudo
1312 1518 1502 1575 maligna
1518 1553 1529 1573 ,
1565 1528 1832 1578 compuncto

439 1592 570 1636 corde
601 1590 656 1634 de
689 1588 864 1634 scelere.
902 1590 1032 1633 Serva
1054 1587 1225 1631 divitias
1259 1588 1304 1632 in
1324 1587 1455 1633 corde
1480 1598 1584 1644 tuo,
1609 1605 1716 1648 quas
1753 1590 1831 1633 tibi

438 1661 626 1708 contulit
645 1669 874 1721 paupertas
894 1658 1066 1703 Domini
1084 1658 1161 1702 Dei
1184 1659 1262 1703 tui.
1286 1662 1381 1704 Imo
1405 1660 1546 1720 ipsum
1571 1660 1732 1704 adhibe
1753 1660 1832 1704 tihi

438 1733 666 1779 custodem
694 1752 703 1776 :
728 1747 784 1775 ne
816 1739 965 1790 pereat
996 1730 1051 1773 de
1079 1730 1212 1773 corde
1246 1730 1368 1789 quod
1402 1730 1550 1786 dedit,
1576 1740 1718 1776 servet
1740 1731 1831 1790 ipse

438 1806 515 1865 qui
533 1803 669 1849 dedit.
695 1805 858 1847 Omnes
875 1816 978 1860 ergo
1001 1799 1155 1844 divites
1177 1800 1281 1844 boni
1302 1800 1451 1845 fideles
1469 1836 1480 1855 ,
1506 1800 1582 1846 sed
1604 1817 1694 1846 non
1716 1801 1831 1845 divi-

438 1886 501 1921 tes
524 1877 653 1935 hujus
675 1872 842 1917 mundi.
871 1871 1070 1930 Denique
1092 1870 1261 1914 divitias
1281 1886 1377 1914 suas
1399 1887 1477 1915 nec
1506 1872 1587 1930 ipsi
1608 1872 1829 1930 sentiunt,

437 1946 625 1991 sentient
647 1953 811 2003 postea.
842 1941 962 1986 Vivit
983 1940 1130 1995 radix,
1162 1939 1238 1984 sed
1270 1941 1439 1998 hyemis
1473 1950 1669 2002 tempore
1702 1943 1830 1986 etiam

437 2016 586 2061 viridis
609 2015 739 2059 arbor
761 2012 894 2058 aridae
924 2012 1071 2057 similis
1094 2011 1204 2055 est-³.
1235 2014 1448 2071 Tempore
1475 2012 1639 2072 quippe
1662 2013 1832 2070 hyemis

438 2097 482 2133 et
505 2088 635 2132 arbor
652 2102 752 2146 quae
775 2093 891 2139 aret,
922 2093 966 2128 et
988 2083 1117 2127 arbor
1134 2098 1234 2143 quae
1253 2083 1395 2141 viget,
1423 2092 1608 2142 utraque
1630 2083 1748 2127 nuda
1769 2093 1833 2128 est

438 2160 605 2203 honore
632 2155 839 2202 foliorum
856 2189 866 2209 ,
903 2162 1090 2214 utraque
1115 2168 1251 2197 vacua
1281 2153 1448 2198 honore
1475 2153 1731 2198 fruetuum:
1758 2169 1833 2197 ve—

440 2230 532 2273 niet
553 2237 677 2272 aestas
691 2262 702 2283 ,
724 2235 768 2271 et
789 2225 1007 2269 discernet
1034 2224 1209 2268 arbores
1229 2242 1237 2269 :
1262 2224 1361 2268 viva
1389 2222 1511 2267 radix
1540 2223 1644 2268 folia
1665 2223 1832 2283 produ-

439 2301 514 2354 cit,
535 2298 741 2358 impletur
759 2296 976 2341 fructibus
995 2316 1007 2352 3
1031 2293 1150 2338 arida
1174 2294 1313 2339 inanis
1338 2304 1501 2350 aestate,
1520 2295 1630 2339 sieut
1646 2295 1828 2353 hyeme,

440 2370 697 2416 remanebit.
722 2372 876 2428 Itaque
899 2366 963 2410 illi
984 2367 1191 2410 horreum
1222 2375 1492 2425 praeparatur
1511 2401 1522 2421 ,
1548 2366 1650 2410 huic
1672 2366 1831 2410 securis

441 2442 691 2495 adhibetur,
714 2448 765 2483 ut
783 2446 1006 2497 amputata
1030 2437 1074 2480 in
1095 2436 1240 2493 ignem
1258 2436 1473 2480 mittatur.
1497 2437 1565 2481 Sic
1588 2446 1710 2482 aestas
1734 2454 1833 2483 nos-

443 2523 521 2566 tra,
547 2512 744 2557 Christus
767 2518 830 2554 est
853 2507 1066 2552 adventus
1088 2525 1096 2551 :
1123 2506 1275 2563 hyems
1300 2515 1445 2551 nostra
1462 2541 1473 2561 ‚
1498 2507 1658 2553 Christi
1680 2508 1830 2554 occul-

490 2605 496 2620 ¹
519 2600 611 2629 Joan.
635 2606 658 2636 1,
681 2607 710 2637 1,
733 2599 785 2628 etc
813 2610 852 2616 —-
873 2599 884 2614 ²
907 2593 985 2624 lhid.
1014 2590 1062 2631 14.
1089 2607 1128 2614 —-
1149 2588 1162 2612 3
1182 2590 1286 2622 Florus
1307 2591 1345 2622 ad
1365 2590 1482 2623 (Zoloss.
1499 2602 1540 2623 111.
