1924 3309
462 282 516 323 24
897 293 930 322 s.
966 293 1196 324 Atreus-nm
1228 295 1409 322 Emscom

463 358 544 403 tuti
561 367 688 413 sunt,
713 358 992 417 congemiscit
1014 368 1056 404 et
1079 359 1222 404 dolet:
1243 359 1319 402 sed
1341 359 1471 402 etiam
1491 356 1742 415 nosmetipsi
1764 356 1840 415 qui

460 429 697 485 credimus,
723 439 766 474 et
788 430 962 489 spiritus
979 431 1189 490 primitias
1206 431 1440 485 habemus,
1462 429 1563 488 quia
1577 430 1667 488 jam
1687 428 1841 486 spiritu

461 498 731 543 adhaeremus
754 502 844 543 Deo
866 515 942 558 per
959 499 1114 554 fidem,
1140 508 1183 543 et
1199 499 1297 543 ideo
1319 515 1409 543 non
1421 500 1510 558 jam
1528 506 1747 551 creatura,
1767 497 1843 540 sed

458 569 535 612 filii
557 569 633 613 Dei
654 568 923 627 appellamur
942 590 952 626 3
980 579 1126 613 tamen
1155 588 1174 610 «
1200 578 1243 612 et
1264 569 1345 627 ipsi
1366 569 1413 611 in
1435 566 1752 625 nobismetipsis
1771 566 1841 609 in-

461 656 481 679 »
519 639 792 696 gemiscimus
810 674 822 693 ,
865 639 1145 698 adoptionem
1180 647 1457 697 expectantes
1497 637 1844 696 redemptionem

460 724 481 748 >›
517 708 707 766 corporis
729 708 915 752 nostri.»
940 710 1043 751 Haec
1061 709 1176 752 enim
1201 707 1377 766 adoptio
1393 741 1403 761 ,
1429 722 1528 765 quae
1541 707 1629 766 jam
1649 705 1762 749 facta
1783 714 1846 749 est

458 778 503 820 in
520 777 569 821 iis
591 778 667 836 qui
689 776 980 833 crediderunt,
1007 779 1175 837 spiritu,
1197 793 1288 822 non
1310 792 1490 835 corpore
1507 777 1622 820 facta
1639 778 1846 821 est.Non-

459 845 564 889 dum
590 848 705 890 enim
729 847 858 890 etiam
881 862 1036 906 corpus
1068 847 1304 892 formatum
1327 855 1390 890 est
1416 847 1463 889 in
1484 846 1704 890 coelestem
1726 844 1845 889 illam

457 916 808 959 immutationem
823 950 834 970 ,
859 918 969 960 sicut
990 918 1163 975 spiritus
1178 919 1268 976 jam
1291 925 1485 960 mutatus
1506 925 1570 959 est
1590 914 1845 959 reconcilia-

457 986 575 1028 tione
597 984 699 1028 fidei
728 986 781 1029 ab
804 987 1022 1031 erroribus
1044 1003 1277 1032 conversus
1311 987 1367 1030 ad
1391 990 1544 1031 Deum.
1579 989 1694 1043 Ergo
1716 986 1846 1029 etiam

456 1055 502 1098 in
523 1055 572 1098 iis
593 1056 669 1114 qui
691 1055 972 1100 crediderunt
993 1067 1244 1116 expectatur
1267 1056 1411 1101 adhuc
1429 1057 1503 1100 illa
1525 1056 1815 1100 manifestatio
1831 1090 1842 1110 ‚

457 1124 618 1183 quaein
640 1126 832 1183 corporis
855 1127 1168 1170 resurrectione
1189 1126 1438 1186 proveniet:
1457 1141 1555 1185 quae
1577 1126 1768 1184 pertinet
1789 1125 1846 1169 ad

459 1203 665 1252 quartum
687 1193 812 1237 illum
836 1194 1041 1252 gradum,
1067 1196 1144 1239 ubi
1172 1210 1223 1239 ex
1245 1204 1338 1239 toto
1355 1194 1547 1254 perfecta
1563 1210 1647 1254 pax
1668 1195 1775 1250 erit,
1802 1203 1846 1238 et

458 1263 579 1320 quies
600 1271 790 1319 aeterna,
808 1263 930 1306 nulla
950 1264 1075 1307 nobis
1097 1279 1147 1307 ex
1169 1264 1313 1323 aliqua
1334 1273 1456 1322 parte
1477 1265 1757 1322 corruptione
1780 1278 1846 1307 re-

460 1331 658 1385 sistente,
682 1340 758 1374 aut
779 1331 1038 1376 sollicitante
1056 1333 1267 1376 molestia.

515 1402 627 1443 LIV.
654 1400 784 1452 Quod
811 1409 957 1444 autem
982 1398 1074 1446 ait:
1103 1421 1124 1444 «
1151 1402 1354 1446 Similiter
1381 1411 1424 1446 et
1454 1403 1637 1461 Spiritus
1670 1403 1848 1462 adjuvat

460 1487 481 1510 »
516 1469 813 1513 infirmitatem
835 1479 1028 1514 nostram
1046 1472 1178 1530 :quid
1197 1473 1312 1515 enim
1329 1487 1502 1516 oremus
1525 1473 1636 1517 sicut
1653 1483 1843 1532 oportet,

462 1556 482 1579 »
517 1538 730 1582 nescimus
748 1541 762 1564 1
790 1558 799 1583 ε
835 1558 851 1579 »
877 1538 1157 1583 manifestum
1194 1549 1257 1584 est
1289 1556 1390 1584 eum
1419 1542 1473 1585 de
1508 1543 1673 1601 Spiritu
1700 1553 1848 1588 sancto

459 1607 616 1662 dicere,
633 1609 754 1667 quod
770 1608 816 1651 in
839 1610 1209 1668 consequentibus
1227 1609 1395 1653 clarum
1412 1620 1490 1666 est,
1508 1612 1586 1655 ubi
1607 1612 1688 1657 ait:
1705 1613 1848 1666 «Quia

461 1694 481 1717 »
516 1677 758 1721 secundum
787 1680 928 1721 Deum
955 1678 1206 1736 interpellat
1234 1694 1312 1736 pro
1347 1680 1544 1724 sanctis2.
1573 1698 1593 1721 »
1628 1683 1714 1726 Nos
1747 1697 1848 1740 ergo

463 1763 483 1786 «
518 1744 626 1803 quid
659 1747 830 1789 oremus
865 1745 976 1790 sicut
1003 1755 1199 1804 oportet,
1235 1748 1473 1804 nescimus,
1496 1767 1516 1790 »
1541 1748 1648 1793 duas
1671 1751 1728 1795 ob
1751 1767 1844 1810 res,

459 1813 579 1872 quod
600 1822 643 1858 et
663 1814 775 1857 illud
796 1815 917 1872 quod
939 1814 1139 1859 futurum
1157 1831 1378 1875 speramus
1397 1852 1408 1872 ,
1429 1827 1473 1862 et
1489 1834 1577 1877 quo
1599 1819 1842 1876 tendimus,

459 1881 656 1927 nondum
679 1892 856 1941 apparet
878 1902 886 1926 ε
913 1892 955 1927 et
977 1884 1023 1927 in
1038 1884 1119 1929 hac
1142 1886 1232 1943 ipsa
1254 1886 1342 1930 vita
1366 1886 1503 1931 multa
1521 1898 1704 1946 possunt
1719 1890 1844 1935 nobis

459 1967 661 2010 prospera
689 1951 827 1997 videri
847 1968 946 2012 quae
973 1952 1149 1998 adversa
1172 1964 1300 2010 sunt,
1331 1965 1374 1999 et
1397 1955 1573 2000 adversa
1600 1972 1700 2017 quae
1723 1974 1845 2018 pros-

458 2036 576 2079 pera.
603 2023 712 2065 Nam
735 2030 778 2065 et
800 2021 1024 2066 tribulatio
1041 2023 1217 2082 quando
1247 2025 1405 2068 accidit
1422 2040 1546 2069 servo
1564 2028 1641 2070 Dei
1664 2027 1719 2071 ad
1739 2044 1843 2087 pro-

459 2091 681 2135 bationem
695 2091 764 2136 vel
782 2093 1149 2149 emendationem,
1167 2094 1343 2138 videtur
1364 2110 1684 2156 nonnunquam
1701 2100 1844 2144 minus

461 2159 806 2218 intelligentibus
829 2160 993 2205 inutilis
1016 2181 1024 2205 2
1042 2162 1117 2205 sed
1134 2163 1167 2206 si
1190 2162 1402 2207 referatur
1419 2164 1475 2208 ad
1489 2164 1599 2209 illud
1621 2168 1744 2225 quod
1757 2167 1844 2212 dic-

466 2238 557 2273 tum
588 2240 677 2275 est:
707 2249 728 2273 ‹<
752 2235 814 2275 Da
836 2232 960 2276 nobis
1000 2232 1209 2276 auxilium
1245 2234 1299 2277 de
1327 2235 1632 2292 tribulatione,
1670 2246 1713 2281 et
1736 2253 1843 2283 vana

465 2315 485 2338 »
522 2298 632 2341 salus
654 2300 870 2344 hominis³
897 2319 906 2344 :
938 2318 957 2342 »
983 2301 1263 2359 intelligitur,
1288 2304 1391 2362 quia
1413 2304 1671 2365 plerumque
1690 2307 1745 2351 de
1766 2309 1844 2352 tri-

462 2365 686 2410 bulatione
700 2383 778 2411 nos
796 2369 971 2427 adjuvat
988 2372 1126 2428 Deus-3
1151 2380 1193 2414 et
1214 2371 1373 2416 frustra
1390 2373 1503 2417 salus
1521 2383 1718 2433 optatur,
1743 2392 1843 2436 quae

460 2434 694 2494 aliquando
721 2435 897 2481 adversa
927 2447 1010 2494 est,
1039 2453 1139 2482 cum
1165 2439 1454 2486 delectatione
1480 2452 1522 2486 et
1546 2458 1690 2487 amore
1709 2445 1841 2504 hujus

460 2505 559 2547 vitae
580 2504 771 2563 implicat
788 2507 990 2552 animam.
1017 2508 1125 2552 Inde
1147 2518 1269 2555 estet
1292 2510 1426 2556 illud:
1449 2531 1469 2555 ι(
1498 2513 1839 2560 Tribulationem

515 2596 521 2610 ¹
545 2592 632 2620 Rom,
658 2602 727 2629 vni,
744 2591 795 2622 QG.
819 2609 858 2613 ——
884 2593 995 2623 ²11›i‹1.
1017 2602 1070 2633 27.
1097 2611 1138 2617 —
1159 2593 1171 2616 3
1192 2595 1268 2626 psal.
1291 2607 1356 2631 ut.
1382 2598 1431 2628 13.
