1924 3309
443 233 528 272 330
883 245 917 273 s.
953 243 1183 274 Aususnm
1215 245 1397 273 Bmscol’l

442 308 633 354 »caustis
647 323 738 353 non
752 307 1081 354 delectaberis.»
1096 311 1299 369 Sequere,
1316 318 1359 353 et
1374 308 1493 365 audi,
1505 319 1549 355 et
1561 311 1630 355 dic
1643 330 1652 357 ε
1663 330 1683 354 «
1690 314 1825 358 Sacri-

443 399 462 421 »
489 379 638 424 ficium
647 382 738 424 Deo
747 380 921 440 spiritus
937 378 1273 435 contribulatus,
1287 380 1606 425 corcontritum
1619 390 1663 426 et
1675 382 1824 427 humi-

440 469 461 491 »
499 449 653 495 liatum
675 453 788 494 Deus
811 466 900 495 non
922 451 1127 509 spernis¹.
1147 467 1167 489 »
1187 449 1378 510 Abjectis
1391 466 1489 510 quae
1505 451 1734 508 offerebas,
1753 453 1827 497 in-

438 522 593 566 venisti
610 521 731 581 quod
751 521 919 566 offeras.
960 520 1184 564 Offerebas
1202 521 1319 565 enim
1338 520 1456 581 apud
1473 524 1619 566 Patres
1630 523 1827 568 victimas

437 607 672 652 pecorum,
699 602 742 636 et
773 591 979 636 sacrificia
994 590 1278 635 vocabantur.
1321 611 1342 634 «
1371 592 1413 636 Si
1440 591 1647 637 voluisses
1667 595 1827 639 sacrifi-

438 663 573 717 cium,
601 661 813 706 dedissem
847 662 1014 721 utique.
1036 679 1057 702 »
1076 661 1155 706 Illa
1182 677 1285 721 ergo
1307 677 1397 706 non
1419 663 1593 723 quaeriS,
1618 672 1661 708 et
1682 673 1828 708 tamen

438 734 699 778 sacrificium
722 733 892 793 quaeris.
907 731 1100 791 Populus
1123 741 1224 777 tuus
1246 731 1353 777 dicit
1366 733 1467 777 tibi:
1486 733 1604 788 Quid
1625 734 1823 791 offeram,
1889 753 1892 760 ·

441 805 515 864 qui
545 805 664 864 quod
693 803 931 847 offerebam
950 818 1041 847 non
1061 803 1226 848 offero?
1249 806 1345 863 Ipse
1359 804 1474 848 enim
1490 803 1696 864 populuS,
1738 805 1830 850 aliis

439 874 772 929 decedentibus,
810 873 990 934 aliisque
1024 875 1319 930 nascentibus,
1363 874 1477 919 idem
1514 885 1578 920 est
1621 875 1827 935 populuS.

441 947 716 990 Sacramenta
740 954 842 990 sunt
867 953 1060 999 mutata,
1098 960 1188 989 non
1208 945 1331 989 fides.
1371 946 1500 1004 Signa
1531 955 1699 991 mutata
1729 956 1829 991 sunt

438 1016 598 1076 quibus
624 1014 789 1074 aliquid
806 1015 1146 1074 significabatur,
1171 1031 1260 1060 non
1283 1031 1348 1060 res
1371 1032 1470 1075 quae
1484 1017 1825 1074 significabatur.
1858 1039 1860 1041 >

441 1090 524 1130 Pro
547 1087 720 1130 Christo
735 1086 858 1139 aries,
882 1101 961 1145 pro
983 1087 1155 1131 Christo
1176 1102 1328 1145 agnus,
1354 1102 1433 1145 pro
1455 1087 1627 1131 Christo
1649 1087 1826 1141 vitulus,

439 1171 518 1215 pro
540 1156 715 1200 Christo
736 1156 897 1210 hircus,
924 1165 1068 1200 totum
1086 1157 1297 1200 Christus.
1314 1157 1452 1211 Aries,
1472 1157 1575 1216 quia
1597 1157 1718 1201 ducit
1734 1172 1831 1216 gre-

439 1241 536 1285 gem
563 1245 572 1269 :
596 1225 687 1284 ipse
698 1234 761 1269 est
775 1225 979 1269 inventus
999 1226 1043 1269 in
1055 1226 1598 1286 vepribus,quandopater
1610 1227 1830 1271 Abraham
1884 1258 1888 1287 ;

438 1295 530 1340 filio
550 1297 695 1356 jussus
717 1305 780 1340 est
803 1311 995 1356 parcere,
1037 1311 1117 1340 nec
1149 1306 1295 1341 tamen
1333 1297 1424 1341 sine
1447 1297 1596 1341 oblato
1624 1298 1832 1343 sacrificio

438 1366 541 1410 inde
559 1365 780 1411 discedere
795 1370 827 1410 ².
855 1369 910 1411 Et
932 1369 1050 1411 Isaac
1071 1367 1270 1411 Christus
1292 1377 1383 1412 erat
1398 1402 1408 1422 ‚
1443 1376 1487 1411 et
1506 1367 1614 1412 aries
1634 1368 1832 1413 Christus

438 1447 544 1482 erat.
574 1441 691 1481 Isaac
706 1437 788 1481 sibi
804 1437 923 1497 ligna
944 1437 1147 1497 portabat
1168 1456 1176 1481 ε
1203 1438 1400 1482 Christus
1418 1453 1592 1482 crucem
1613 1439 1832 1498 propriam

438 1508 678 1568 bajulabat.
692 1511 776 1553 Pro
790 1511 908 1552 Isaac
923 1508 1047 1563 aries,
1074 1523 1163 1552 non
1181 1516 1326 1552 tamen
1341 1523 1419 1568 pro
1434 1508 1828 1554 ChristoChristus.
1882 1513 1886 1519 ’

440 1580 525 1625 Sed
546 1581 591 1624 in
612 1582 731 1624 Isaac
754 1589 796 1624 et
818 1579 925 1624 aries
954 1589 997 1624 et
1019 1580 1232 1625 Christus.
1272 1579 1520 1624 Tenebatur
1550 1580 1758 1625 cornibus
1786 1581 1832 1624 in

437 1665 570 1710 vepre
594 1651 703 1695 aries
725 1670 734 1695 ε
757 1651 976 1709 interroga
989 1649 1181 1701 Judaeos,
1202 1648 1320 1693 unde
1337 1658 1444 1694 tunc
1458 1649 1694 1694 Dominum
1714 1665 1834 1695 coro-

439 1722 653 1766 naverint.
690 1723 843 1779 Agnus
876 1729 941 1764 est
972 1738 981 1764 ε
1011 1739 1032 1761 «
1058 1722 1170 1763 Ecce
1189 1734 1326 1778 agnus
1348 1720 1448 1774 Dei,
1491 1734 1592 1764 ecce
1619 1721 1697 1781 qui
1719 1720 1831 1766 tollit

441 1811 461 1833 »
497 1800 676 1851 peccata
694 1789 892 1835 mundiss.
923 1808 943 1831 »
967 1791 1132 1833 Taurus
1150 1798 1213 1833 est
1239 1809 1248 1834 ε
1274 1788 1450 1834 attende
1474 1804 1653 1834 cornua
1670 1792 1826 1835 crucis.

439 1863 593 1907 Hircus
613 1870 704 1916 est,
749 1869 928 1920 propter
950 1858 1280 1904 similitudinem
1300 1860 1440 1904 carnis
1470 1861 1652 1919 peccati.
1678 1861 1829 1906 Velata

437 1943 539 1978 sunt
558 1934 652 1987 ista,
674 1931 813 1977 donec
832 1931 1038 1991 aspiraret
1061 1930 1166 1986 dies,
1203 1940 1246 1975 et
1267 1939 1594 1975 removerentur
1615 1931 1828 1977 umbrae&

440 2007 490 2048 In
512 2001 716 2047 eumdem
739 2016 840 2061 ergo
862 2002 1097 2046 Dominum
1120 2001 1365 2056 Christum,
1405 2016 1495 2045 non
1529 2000 1672 2046 solum
1709 2002 1830 2062 quod

439 2076 657 2130 Verbum,
695 2074 771 2119 sed
799 2074 928 2118 etiam
959 2072 1082 2134 quod
1110 2071 1324 2117 mediator
1346 2081 1409 2117 est
1430 2072 1508 2116 Dei
1537 2081 1580 2117 et
1599 2072 1830 2118 hominum

440 2148 573 2191 homo
595 2145 792 2192 Christus
807 2147 831 2189 J
835 2160 930 2189 esus
942 2146 973 2199 ⁵,
988 2153 1030 2188 et
1052 2152 1195 2203 patres
1212 2143 1379 2202 antiqui
1404 2141 1699 2199 crediderunt,
1717 2153 1760 2188 et
1775 2143 1829 2188 ad

441 2233 520 2262 nos
542 2216 739 2261 eamdem
752 2214 886 2260 fidem
907 2213 1186 2275 praedicando
1199 2223 1241 2258 et
1252 2212 1559 2274 prophetando
1580 2215 1831 2258 transmise-

443 2298 560 2333 runt.
588 2287 714 2332 Unde
739 2287 844 2332 dicit
874 2285 1105 2347 Apostolus
1128 2304 1136 2330 :
1168 2304 1188 2327 «
1212 2286 1432 2330 Habentes
1465 2285 1670 2329 eumdem
1704 2285 1829 2345 spiri-

445 2377 467 2400 »
505 2368 596 2403 tum
616 2358 718 2402 fidei
732 2394 742 2413 ‚
768 2366 947 2418 propter
968 2356 1089 2417 quod
1111 2356 1320 2415 scriptum
1343 2365 1428 2411 est,
1454 2354 1631 2401 Credidi
1653 2365 1831 2415 propter

446 2448 465 2471 »
501 2428 621 2490 quod
639 2428 810 2473 locutus
828 2429 965 2474 sumss.
990 2446 1010 2469 »
1031 2425 1248 2471 Eumdem
1268 2426 1497 2481 habentes,
1522 2440 1652 2486 quem
1667 2426 1830 2470 habue-
1873 2426 1876 2440 ³

492 2534 498 2549 ¹
519 2526 598 2558 Psal.
619 2536 649 2566 L,
672 2537 724 2568 19.
744 2541 784 2548 —
805 2532 818 2547 ²
839 2527 916 2558 Gen.
939 2535 1021 2566 xxii,
1051 2533 1103 2565 12,
1121 2528 1187 2557 etc.
1211 2540 1252 2548 -
1270 2522 1282 2547 3
1298 2526 1392 2557 Joan.
1414 2535 1436 2563 1,
1453 2532 1507 2565 29.
1525 2539 1564 2547 —
1580 2522 1594 2553 4
1611 2524 1705 2556 Cant.
1720 2533 1755 2564 ιι,
1782 2533 1834 2565 ¹7-
1885 2551 1889 2566 ,-

446 2598 486 2606 -
505 2580 520 2604 ⁵
538 2593 548 2613 1
575 2581 655 2614 Tim.
678 2581 762 2624 11‚;5.
780 2597 820 2604 —
839 2578 854 2601 s*
873 2588 892 2612 2
914 2578 1123 2619 Cor.1v,13.
1872 2585 1874 2593 ⁸
