1867 3320
229 273 367 300 senno
399 272 570 309 xxxvu,
606 273 660 301 ne
692 272 936 302 »novemus
967 272 1215 305 SALOMOMS.
1323 267 1406 307 ⁴89

36 358 54 381 «ι
92 340 147 383 Et
168 337 310 382 laetata
340 347 402 381 est
432 337 477 380 in
509 338 662 382 diebus
694 339 947 383 novissimis.
980 344 1140 386 Laetata
1168 352 1258 389 cst:
1293 363 1313 385 »
1338 346 1407 389 hic

31 424 135 468 ergo
154 408 230 452 diu
274 406 494 452 tribulata.
527 410 633 453 Nam
657 407 776 453 unde
806 408 988 454 haberet
1022 425 1237 471 purpurea
1277 416 1406 460 vesti-

32 488 177 524 menta
195 479 287 522 sine
308 476 620 522 tribulatione?

89 550 258 594 XXIII.
283 567 303 590 «
326 549 384 593 Os
403 563 530 593 suum
550 547 718 607 aperuit
748 557 911 593 attente
925 550 956 593 ¹.
985 566 1006 591 »
1029 552 1205 596 Praestet
1226 554 1348 598 nobis
1365 555 1407 598 in

30 619 105 664 illa
122 619 381 673 constitutis,
397 619 536 678 ipsam
556 617 852 674 laudantibus,
873 617 935 663 illi
959 619 1289 676 cohaerentibus,
1309 639 1409 668 cum

31 688 103 734 illa
126 698 169 734 et
187 689 232 733 in
249 688 319 733 illa
337 689 479 732 virum
500 690 592 749 ejus
621 689 948 748 expectantibus
968 725 978 745 ‚
1003 699 1054 734 ut
1075 699 1118 734 et
1138 706 1216 735 nos
1244 694 1408 751 aperia—

31 774 127 803 mus
149 768 314 803 attente
337 773 384 803 os
396 768 617 817 nostrum,
638 774 726 804 non
749 768 925 815 temere,
951 759 1026 804 sed
1055 769 1203 815 caute,
1228 771 1406 818 attente,

31 830 228 875 sollicite.
262 831 373 875 Cum
409 830 566 874 timore
600 840 643 874 et
664 840 848 875 tremore
871 830 1011 876 multo
1043 831 1107 876 fui
1141 832 1254 892 apud
1280 839 1406 889 vos'2,

31 899 264 960 Apostolus
301 898 443 945 dixit:
478 909 687 960 tanquam
722 900 867 945 dicens
895 921 903 946 :
935 921 953 943 «
990 903 1046 946 Os
1082 918 1227 947 meum
1262 905 1408 962 aperui

35 989 55 1011 »
90 979 268 1014 attente.
301 971 360 1014 Os
395 979 590 1014 nostrum
626 980 742 1028 patet
781 971 835 1015 ad
868 987 966 1026 VOS,
997 987 1022 1016 o
1066 973 1316 1017 Corinthii-³.
1351 975 1409 1018 Os

33 1061 54 1083 »
90 1057 216 1086 suum
240 1041 410 1101 aperuit
431 1051 610 1086 attente.
628 1044 686 1086 Et
698 1039 895 1086 ordinem
917 1044 1061 1102 posuit
1077 1043 1237 1101 linguae
1254 1060 1341 1087 suae
1358 1064 1366 1088 z
1386 1064 1406 1085 n

30 1112 211 1157 laudans
244 1121 485 1158 creaturam
507 1122 717 1173 tanquam
748 1121 1015 1169 creaturam,
1042 1115 1288 1159 Creatorem
1313 1124 1409 1159 tan-

29 1199 162 1244 quam
194 1185 461 1240 Creatorem,
496 1183 686 1244 Angelos
722 1193 930 1245 tanquam
970 1185 1184 1244 Angelos,
1220 1185 1409 1230 coelestia

30 1265 239 1316 tanquam
261 1255 452 1300 coelestia
465 1291 476 1311 ,
493 1256 710 1300 terrestria
731 1265 940 1317 tanquam
961 1258 1190 1311 terrestria,
1214 1258 1408 1301 homines

30 1336 238 1387 tanquam
259 1327 456 1372 homines
470 1362 481 1382 ‚
505 1342 662 1387 pecora
681 1336 890 1387 tanquam
916 1343 1083 1387 pecora.
1104 1328 1217 1372 Nihil
1238 1338 1409 1386 pertur-

26 1397 182 1442 batum
200 1432 212 1452 ,
235 1396 344 1441 nihil
366 1397 678 1442 inordinatum.
704 1399 800 1443 Non
823 1399 1034 1457 accipiens
1062 1399 1106 1441 in
1138 1413 1291 1441 vanum
1329 1414 1408 1442 no-

31 1482 131 1512 men
149 1467 322 1512 Domini
342 1467 420 1511 Dei
442 1468 504 1515 sui
524 1502 535 1523 ,
556 1483 646 1512 non
667 1468 949 1512 substantiam
985 1477 1192 1512 creaturae
1222 1468 1408 1513 sentiens

29 1537 85 1583 de
107 1539 312 1583 Creatore
331 1556 342 1583 ε
366 1538 425 1582 ita
443 1537 640 1583 ordinate
658 1548 797 1583 totum
814 1538 996 1598 loquens
1012 1574 1022 1593 ‚
1045 1548 1094 1582 ut
1123 1554 1210 1583 non
1236 1554 1409 1598 praepo-

30 1618 106 1653 nat
123 1607 331 1653 inferiora
354 1609 619 1668 potioribus,
644 1624 724 1654 nec
746 1608 903 1653 subdat
925 1609 1092 1668 potiora
1116 1608 1406 1654 inferioribus.

35 1699 55 1722 α
91 1680 309 1739 Disposuit
324 1680 520 1724 ordinem
539 1680 701 1739 linguae
713 1697 816 1724 suae.
833 1699 852 1721 »
869 1680 983 1725 Nihil
1003 1680 1224 1739 pulchrius
1242 1681 1324 1725 hoc
1340 1697 1411 1725 or-

30 1751 148 1796 dine.
170 1751 296 1796 Unde
317 1761 361 1796 et
383 1752 472 1811 ipsa
495 1750 627 1796 dicit:
656 1770 676 1793 «
700 1750 910 1795 Ordinate
931 1752 974 1794 in
987 1766 1056 1794 me
1072 1751 1326 1795 charitatem
1342 1755 1372 1795 ⁴.
1388 1771 1407 1792 »

29 1821 174 1867 Nolite
192 1831 457 1881 praepostere
476 1836 619 1880 agere,
645 1821 782 1866 nolite
806 1821 1058 1880 perturbare
1076 1831 1120 1865 et
1144 1821 1412 1866 confundere

30 1907 130 1951 quae
147 1894 264 1935 Deus
285 1891 518 1935 ordinavit.
550 1890 760 1935 Ordinate
788 1892 833 1934 in
860 1906 929 1934 me
963 1891 1234 1935 charitatem.
1260 1896 1414 1936 Amate

29 1978 100 2007 me
115 1972 323 2022 tanquam
342 1976 434 2016 me,
462 1971 601 2005 amate
622 1963 761 2005 Deum
784 1970 991 2021 tanquam
1015 1964 1151 2005 Deum
1174 1982 1182 2006 r
1204 1977 1258 2005 ne
1278 1966 1411 2006 Deum

30 2032 269 2079 offendatis
299 2041 478 2091 propter
500 2047 570 2076 me
586 2067 596 2087 ,
623 2046 703 2076 nec
735 2046 804 2075 me
826 2031 1056 2076 offendatis
1083 2042 1257 2092 propter
1280 2033 1410 2075 alium

30 2102 297 2165 quemlibet,
323 2117 402 2146 nec
421 2101 551 2146 alium
569 2101 810 2163 quemlibet
830 2111 1008 2162 propter
1029 2117 1112 2146 me.
1136 2101 1343 2145 Ordinato
1370 2103 1410 2146 in

29 2189 102 2219 me
122 2173 394 2219 charitatem.
421 2175 551 2217 Beata
574 2171 661 2216 filia
683 2173 774 2232 ejus
795 2173 839 2217 in
872 2173 955 2217 hoc
976 2171 1126 2216 ordine
1159 2173 1406 2225 constituta,

30 2245 155 2305 cujus
176 2244 288 2289 inter
308 2252 484 2289 caeteras
512 2243 781 2288 celebramus
813 2242 942 2288 hodie
980 2243 1241 2302 passionem,
1281 2242 1410 2301 paulo

58 2324 132 2360 nte
152 2313 396 2360 audivimus
428 2313 740 2359 confessionem
757 2350 769 2370 ,
809 2315 1012 2358 ordinans
1034 2313 1221 2370 linguam
1260 2327 1378 2355 suam
1397 2348 1407 2363 ,

75 2400 253 2431 onorem
272 2420 283 2441 ‚
308 2385 477 2446 inquit,
502 2385 661 2431 Caesari
682 2386 805 2447 quasi
834 2385 1010 2438 Caesari,
1038 2384 1235 2428 timorem
1265 2393 1407 2427 autem

98 2499 106 2515 ¹
141 2495 230 2526 Ptov,
264 2504 361 2535 xxxi,
387 2493 441 2525 26.
472 2510 510 2516 --
537 2501 549 2515 ²
581 2495 686 2526 icor.
719 2505 753 2532 ιι,
775 2493 804 2524 3.
827 2509 866 2514 -
889 2490 899 2514 ³
924 2500 943 2523 ἰ
964 2494 1034 2522 Cor.
1056 2502 1107 2530 vi,
1145 2502 1191 2522 ιι.
1221 2506 1259 2512 —-
1281 2488 1293 2517 -ἲ
1314 2493 1406 2521 cant.

39 2548 139 2590 η,4,

56 2615 69 2626 .
