<?xml version="1.0" encoding="UTF-8"?>
<!DOCTYPE html PUBLIC "-//W3C//DTD XHTML 1.0 Transitional//EN"
    "http://www.w3.org/TR/xhtml1/DTD/xhtml1-transitional.dtd">
<html xmlns="http://www.w3.org/1999/xhtml" xml:lang="en" lang="en">
 <head>
  <title>
</title>
<meta http-equiv="Content-Type" content="text/html;charset=utf-8" />
  <meta name='ocr-system' content='tesseract 3.04.00' />
  <meta name='ocr-capabilities' content='ocr_page ocr_carea ocr_par ocr_line ocrx_word'/>
</head>
<body>
  <div class='ocr_page' id='page_1' title='image "./operaomniaaccura17auguuoft_0126.png"; bbox 0 0 1924 3309; ppageno 0'>
   <div class='ocr_carea' id='block_1_1' title="bbox 495 243 1912 358">
    <p class='ocr_par' dir='ltr' id='par_1_1' title="bbox 495 243 1912 358">
     <span class='ocr_line' id='line_1_1' title="bbox 1883 243 1886 266; baseline 0 0"><span class='ocrx_word' id='word_1_1' title='bbox 1883 243 1886 266; x_wconf 86' lang='grc' dir='ltr'>Ι</span> 
     </span>
     <span class='ocr_line' id='line_1_2' title="bbox 495 247 1912 358; baseline 0.004 -44"><span class='ocrx_word' id='word_1_2' title='bbox 495 278 575 315; x_wconf 79' lang='grc'>’116</span> <span class='ocrx_word' id='word_1_3' title='bbox 932 291 964 316; x_wconf 82' lang='lat' dir='ltr'>s.</span> <span class='ocrx_word' id='word_1_4' title='bbox 1003 287 1230 317; x_wconf 68' lang='lat' dir='ltr'>Aucusawl</span> <span class='ocrx_word' id='word_1_5' title='bbox 1263 290 1442 319; x_wconf 78' lang='lat' dir='ltr'>El’lscoPl</span> <span class='ocrx_word' id='word_1_6' title='bbox 1884 247 1912 358; x_wconf 68' lang='grc'>11</span> 
     </span>
     <span class='ocr_line' id='line_1_3' title="bbox 1884 332 1887 345; baseline 0 0"><span class='ocrx_word' id='word_1_7' title='bbox 1884 332 1887 345; x_wconf 61' lang='grc'><strong><em>,</em></strong></span> 
     </span>
    </p>
   </div>
   <div class='ocr_carea' id='block_1_2' title="bbox 1895 394 1922 1844">
    <p class='ocr_par' dir='ltr' id='par_1_2' title="bbox 1895 394 1922 1844">
     <span class='ocr_line' id='line_1_4' title="bbox 1899 394 1922 867; baseline 1.391 -228"><span class='ocrx_word' id='word_1_8' title='bbox 1899 394 1922 867; x_wconf 95' lang='lat' dir='ltr'>    </span> 
     </span>
     <span class='ocr_line' id='line_1_5' title="bbox 1895 871 1920 1515; baseline 5.52 -104"><span class='ocrx_word' id='word_1_9' title='bbox 1895 871 1920 1515; x_wconf 95' lang='lat' dir='ltr'>  </span> 
     </span>
     <span class='ocr_line' id='line_1_6' title="bbox 1896 1651 1921 1844; baseline 0 -182"><span class='ocrx_word' id='word_1_10' title='bbox 1896 1651 1921 1844; x_wconf 95' lang='lat' dir='ltr'>    </span> 
     </span>
    </p>
   </div>
   <div class='ocr_carea' id='block_1_3' title="bbox 483 353 1924 2111">
    <p class='ocr_par' dir='ltr' id='par_1_3' title="bbox 483 353 1924 2111">
     <span class='ocr_line' id='line_1_7' title="bbox 487 353 1888 417; baseline 0.001 -19"><span class='ocrx_word' id='word_1_11' title='bbox 487 363 696 417; x_wconf 80' lang='lat' dir='ltr'>creaturae</span> <span class='ocrx_word' id='word_1_12' title='bbox 732 369 820 398; x_wconf 82' lang='lat' dir='ltr'>suae</span> <span class='ocrx_word' id='word_1_13' title='bbox 845 357 956 399; x_wconf 89' lang='lat' dir='ltr'>Deus</span> <span class='ocrx_word' id='word_1_14' title='bbox 993 356 1194 414; x_wconf 78' lang='lat' dir='ltr'>negavit3</span> <span class='ocrx_word' id='word_1_15' title='bbox 1219 365 1261 400; x_wconf 90' lang='lat' dir='ltr'>et</span> <span class='ocrx_word' id='word_1_16' title='bbox 1294 365 1440 401; x_wconf 88' lang='lat' dir='ltr'>tamen</span> <span class='ocrx_word' id='word_1_17' title='bbox 1464 363 1747 416; x_wconf 83' lang='lat' dir='ltr'>potestatem,</span> <span class='ocrx_word' id='word_1_18' title='bbox 1782 353 1888 415; x_wconf 67' lang='lat' dir='ltr'>qua}</span> 
     </span>
     <span class='ocr_line' id='line_1_8' title="bbox 487 424 1899 484; baseline 0 -15"><span class='ocrx_word' id='word_1_19' title='bbox 487 425 615 469; x_wconf 89' lang='lat' dir='ltr'>etiam</span> <span class='ocrx_word' id='word_1_20' title='bbox 650 425 832 484; x_wconf 83' lang='lat' dir='ltr'>injustos</span> <span class='ocrx_word' id='word_1_21' title='bbox 860 426 975 484; x_wconf 84' lang='lat' dir='ltr'>juste</span> <span class='ocrx_word' id='word_1_22' title='bbox 1003 424 1201 482; x_wconf 81' lang='lat' dir='ltr'>ordinat,</span> <span class='ocrx_word' id='word_1_23' title='bbox 1224 426 1305 470; x_wconf 92' lang='lat' dir='ltr'>sibi</span> <span class='ocrx_word' id='word_1_24' title='bbox 1327 427 1520 471; x_wconf 73' lang='lat' dir='ltr'>retinuit.</span> <span class='ocrx_word' id='word_1_25' title='bbox 1547 429 1687 480; x_wconf 84' lang='lat' dir='ltr'>Quem</span> <span class='ocrx_word' id='word_1_26' title='bbox 1723 424 1899 470; x_wconf 60' lang='lat' dir='ltr'>locum!</span> 
     </span>
     <span class='ocr_line' id='line_1_9' title="bbox 485 495 1869 557; baseline 0.001 -18"><span class='ocrx_word' id='word_1_27' title='bbox 485 495 614 540; x_wconf 87' lang='lat' dir='ltr'>latius</span> <span class='ocrx_word' id='word_1_28' title='bbox 632 504 676 539; x_wconf 85' lang='lat' dir='ltr'>et</span> <span class='ocrx_word' id='word_1_29' title='bbox 697 495 873 539; x_wconf 88' lang='lat' dir='ltr'>uberius</span> <span class='ocrx_word' id='word_1_30' title='bbox 890 496 935 539; x_wconf 92' lang='lat' dir='ltr'>in</span> <span class='ocrx_word' id='word_1_31' title='bbox 952 495 1072 539; x_wconf 89' lang='lat' dir='ltr'>libris</span> <span class='ocrx_word' id='word_1_32' title='bbox 1100 496 1191 540; x_wconf 89' lang='lat' dir='ltr'>aliis</span> <span class='ocrx_word' id='word_1_33' title='bbox 1213 511 1326 556; x_wconf 84' lang='lat' dir='ltr'>saepe</span> <span class='ocrx_word' id='word_1_34' title='bbox 1348 497 1641 557; x_wconf 73' lang='lat' dir='ltr'><strong>tractavimus.</strong></span> <span class='ocrx_word' id='word_1_35' title='bbox 1657 496 1754 541; x_wconf 91' lang='lat' dir='ltr'>Sive</span> <span class='ocrx_word' id='word_1_36' title='bbox 1767 511 1869 555; x_wconf 86' lang='lat' dir='ltr'>ergo</span> 
     </span>
     <span class='ocr_line' id='line_1_10' title="bbox 485 561 1868 624; baseline -0.001 -13"><span class='ocrx_word' id='word_1_37' title='bbox 485 566 620 611; x_wconf 86' lang='lat' dir='ltr'>solem</span> <span class='ocrx_word' id='word_1_38' title='bbox 633 601 648 622; x_wconf 86' lang='lat'><em>,</em></span> <span class='ocrx_word' id='word_1_39' title='bbox 670 575 713 610; x_wconf 89' lang='lat' dir='ltr'>et</span> <span class='ocrx_word' id='word_1_40' title='bbox 733 564 885 610; x_wconf 87' lang='lat' dir='ltr'>lunam</span> <span class='ocrx_word' id='word_1_41' title='bbox 901 601 912 621; x_wconf 86' lang='lat'>‚</span> <span class='ocrx_word' id='word_1_42' title='bbox 938 575 981 610; x_wconf 89' lang='lat' dir='ltr'>et</span> <span class='ocrx_word' id='word_1_43' title='bbox 1001 565 1139 610; x_wconf 88' lang='lat' dir='ltr'>sidera</span> <span class='ocrx_word' id='word_1_44' title='bbox 1154 601 1165 621; x_wconf 90' lang='lat'>‚</span> <span class='ocrx_word' id='word_1_45' title='bbox 1186 575 1229 611; x_wconf 91' lang='lat' dir='ltr'>et</span> <span class='ocrx_word' id='word_1_46' title='bbox 1251 567 1436 624; x_wconf 83' lang='lat' dir='ltr'>coelum,</span> <span class='ocrx_word' id='word_1_47' title='bbox 1460 578 1503 613; x_wconf 92' lang='lat' dir='ltr'>et</span> <span class='ocrx_word' id='word_1_48' title='bbox 1524 578 1682 613; x_wconf 88' lang='lat' dir='ltr'>terram</span> <span class='ocrx_word' id='word_1_49' title='bbox 1701 601 1712 620; x_wconf 84' lang='lat'>,</span> <span class='ocrx_word' id='word_1_50' title='bbox 1737 561 1868 611; x_wconf 85' lang='lat' dir='ltr'>caete-</span> 
     </span>
     <span class='ocr_line' id='line_1_11' title="bbox 483 636 1870 698; baseline 0 -16"><span class='ocrx_word' id='word_1_51' title='bbox 483 653 618 698; x_wconf 87' lang='lat' dir='ltr'>raque</span> <span class='ocrx_word' id='word_1_52' title='bbox 640 636 892 697; x_wconf 84' lang='lat' dir='ltr'>hujusmodi</span> <span class='ocrx_word' id='word_1_53' title='bbox 926 638 1086 681; x_wconf 83' lang='lat' dir='ltr'><strong>Gentes</strong></span> <span class='ocrx_word' id='word_1_54' title='bbox 1123 637 1353 694; x_wconf 90' lang='lat' dir='ltr'>colebant,</span> <span class='ocrx_word' id='word_1_55' title='bbox 1378 639 1467 684; x_wconf 88' lang='lat' dir='ltr'>sive</span> <span class='ocrx_word' id='word_1_56' title='bbox 1489 638 1703 684; x_wconf 87' lang='lat' dir='ltr'>daemonia</span> <span class='ocrx_word' id='word_1_57' title='bbox 1718 672 1730 693; x_wconf 88' lang='lat'>,</span> <span class='ocrx_word' id='word_1_58' title='bbox 1755 638 1870 682; x_wconf 85' lang='lat' dir='ltr'>recte</span> 
     </span>
     <span class='ocr_line' id='line_1_12' title="bbox 485 703 1826 769; baseline -0.001 -15"><span class='ocrx_word' id='word_1_59' title='bbox 485 710 566 755; x_wconf 90' lang='lat' dir='ltr'>sub</span> <span class='ocrx_word' id='word_1_60' title='bbox 590 708 940 769; x_wconf 82' lang='lat' dir='ltr'>procuratoribus</span> <span class='ocrx_word' id='word_1_61' title='bbox 963 717 1007 752; x_wconf 92' lang='lat' dir='ltr'>et</span> <span class='ocrx_word' id='word_1_62' title='bbox 1023 708 1242 753; x_wconf 89' lang='lat' dir='ltr'>actoribus</span> <span class='ocrx_word' id='word_1_63' title='bbox 1258 708 1391 754; x_wconf 84' lang='lat' dir='ltr'>fuisse</span> <span class='ocrx_word' id='word_1_64' title='bbox 1412 708 1729 769; x_wconf 86' lang='lat' dir='ltr'>intelliguntur.</span> <span class='ocrx_word' id='word_1_65' title='bbox 1820 703 1826 707; x_wconf 63' lang='grc'><strong>’</strong></span> 
     </span>
     <span class='ocr_line' id='line_1_13' title="bbox 553 778 1870 839; baseline 0 -16"><span class='ocrx_word' id='word_1_66' title='bbox 553 781 765 823; x_wconf 86' lang='lat' dir='ltr'>XXXIII.</span> <span class='ocrx_word' id='word_1_67' title='bbox 800 780 1113 823; x_wconf 85' lang='lat' dir='ltr'>Verumtamen</span> <span class='ocrx_word' id='word_1_68' title='bbox 1143 794 1191 823; x_wconf 90' lang='lat' dir='ltr'>ea</span> <span class='ocrx_word' id='word_1_69' title='bbox 1213 795 1312 839; x_wconf 86' lang='lat' dir='ltr'>quae</span> <span class='ocrx_word' id='word_1_70' title='bbox 1334 788 1604 839; x_wconf 85' lang='lat' dir='ltr'>sequuntur,</span> <span class='ocrx_word' id='word_1_71' title='bbox 1637 780 1727 839; x_wconf 90' lang='lat' dir='ltr'>jam</span> <span class='ocrx_word' id='word_1_72' title='bbox 1748 778 1870 839; x_wconf 84' lang='lat' dir='ltr'>quasi</span> 
     </span>
     <span class='ocr_line' id='line_1_14' title="bbox 484 849 1870 911; baseline -0.002 -15"><span class='ocrx_word' id='word_1_73' title='bbox 484 851 738 911; x_wconf 78' lang='lat' dir='ltr'>explicatam</span> <span class='ocrx_word' id='word_1_74' title='bbox 763 849 1048 910; x_wconf 83' lang='lat' dir='ltr'>quaestionem</span> <span class='ocrx_word' id='word_1_75' title='bbox 1077 866 1224 895; x_wconf 87' lang='lat' dir='ltr'>rursus</span> <span class='ocrx_word' id='word_1_76' title='bbox 1252 850 1490 910; x_wconf 89' lang='lat' dir='ltr'>implicant.</span> <span class='ocrx_word' id='word_1_77' title='bbox 1522 852 1635 896; x_wconf 92' lang='lat' dir='ltr'>Cum</span> <span class='ocrx_word' id='word_1_78' title='bbox 1657 850 1772 894; x_wconf 91' lang='lat' dir='ltr'>enim</span> <span class='ocrx_word' id='word_1_79' title='bbox 1795 864 1870 909; x_wconf 89' lang='lat' dir='ltr'>per</span> 
     </span>
     <span class='ocr_line' id='line_1_15' title="bbox 483 901 1924 983; baseline -0.001 -17"><span class='ocrx_word' id='word_1_80' title='bbox 483 931 618 967; x_wconf 88' lang='lat' dir='ltr'>totam</span> <span class='ocrx_word' id='word_1_81' title='bbox 641 920 866 982; x_wconf 86' lang='lat' dir='ltr'>epistolam</span> <span class='ocrx_word' id='word_1_82' title='bbox 890 937 980 967; x_wconf 91' lang='lat' dir='ltr'>non</span> <span class='ocrx_word' id='word_1_83' title='bbox 1003 922 1058 966; x_wconf 88' lang='lat' dir='ltr'>ab</span> <span class='ocrx_word' id='word_1_84' title='bbox 1087 922 1179 966; x_wconf 90' lang='lat' dir='ltr'>aliis</span> <span class='ocrx_word' id='word_1_85' title='bbox 1201 921 1401 966; x_wconf 89' lang='lat' dir='ltr'>ostendat</span> <span class='ocrx_word' id='word_1_86' title='bbox 1433 920 1705 967; x_wconf 85' lang='lat' dir='ltr'>sollicitatam</span> <span class='ocrx_word' id='word_1_87' title='bbox 1740 901 1892 983; x_wconf 63' lang='lat' dir='ltr'>fuisse}</span> <span class='ocrx_word' id='word_1_88' title='bbox 1923 940 1924 945; x_wconf 48' lang='lat'>¹</span> 
     </span>
     <span class='ocr_line' id='line_1_16' title="bbox 484 986 1924 1052; baseline -0.001 -16"><span class='ocrx_word' id='word_1_89' title='bbox 484 992 733 1037; x_wconf 82' lang='lat' dir='ltr'>Galatarum</span> <span class='ocrx_word' id='word_1_90' title='bbox 752 992 883 1036; x_wconf 88' lang='lat' dir='ltr'>fidem</span> <span class='ocrx_word' id='word_1_91' title='bbox 900 1027 914 1047; x_wconf 86' lang='grc'>,</span> <span class='ocrx_word' id='word_1_92' title='bbox 938 991 1018 1036; x_wconf 90' lang='lat' dir='ltr'>nisi</span> <span class='ocrx_word' id='word_1_93' title='bbox 1036 992 1091 1036; x_wconf 90' lang='lat' dir='ltr'>ab</span> <span class='ocrx_word' id='word_1_94' title='bbox 1114 995 1172 1036; x_wconf 92' lang='lat' dir='ltr'>eis</span> <span class='ocrx_word' id='word_1_95' title='bbox 1195 992 1271 1052; x_wconf 88' lang='lat' dir='ltr'>qui</span> <span class='ocrx_word' id='word_1_96' title='bbox 1293 1008 1346 1036; x_wconf 85' lang='lat' dir='ltr'>ex</span> <span class='ocrx_word' id='word_1_97' title='bbox 1367 992 1694 1036; x_wconf 87' lang='lat' dir='ltr'>circumcisione</span> <span class='ocrx_word' id='word_1_98' title='bbox 1717 999 1840 1035; x_wconf 88' lang='lat' dir='ltr'>erant</span> <span class='ocrx_word' id='word_1_99' title='bbox 1855 1025 1867 1046; x_wconf 94' lang='lat'>‚</span> <span class='ocrx_word' id='word_1_100' title='bbox 1888 986 1893 1042; x_wconf 87' lang='grc'>1</span> <span class='ocrx_word' id='word_1_101' title='bbox 1923 988 1924 1014; x_wconf 72' lang='lat'>³</span> 
     </span>
     <span class='ocr_line' id='line_1_17' title="bbox 484 1059 1924 1123; baseline -0.001 -16"><span class='ocrx_word' id='word_1_102' title='bbox 484 1073 527 1107; x_wconf 90' lang='lat' dir='ltr'>et</span> <span class='ocrx_word' id='word_1_103' title='bbox 550 1062 606 1107; x_wconf 89' lang='lat' dir='ltr'>ad</span> <span class='ocrx_word' id='word_1_104' title='bbox 628 1061 821 1108; x_wconf 88' lang='lat' dir='ltr'>carnales</span> <span class='ocrx_word' id='word_1_105' title='bbox 844 1062 1165 1107; x_wconf 82' lang='lat' dir='ltr'>observationes</span> <span class='ocrx_word' id='word_1_106' title='bbox 1190 1063 1314 1122; x_wconf 86' lang='lat' dir='ltr'>Legis</span> <span class='ocrx_word' id='word_1_107' title='bbox 1329 1098 1340 1118; x_wconf 87' lang='lat'>‚</span> <span class='ocrx_word' id='word_1_108' title='bbox 1365 1072 1574 1123; x_wconf 86' lang='lat' dir='ltr'>tanquam</span> <span class='ocrx_word' id='word_1_109' title='bbox 1602 1063 1648 1106; x_wconf 91' lang='lat' dir='ltr'>in</span> <span class='ocrx_word' id='word_1_110' title='bbox 1670 1062 1728 1106; x_wconf 90' lang='lat' dir='ltr'>eis</span> <span class='ocrx_word' id='word_1_111' title='bbox 1758 1059 1892 1106; x_wconf 79' lang='lat' dir='ltr'>salus¹</span> <span class='ocrx_word' id='word_1_112' title='bbox 1923 1060 1924 1085; x_wconf 67' lang='lat'><em>³</em></span> 
     </span>
     <span class='ocr_line' id='line_1_18' title="bbox 483 1131 1893 1195; baseline -0.001 -18"><span class='ocrx_word' id='word_1_113' title='bbox 483 1143 617 1189; x_wconf 87' lang='lat' dir='ltr'>esset,</span> <span class='ocrx_word' id='word_1_114' title='bbox 644 1133 860 1178; x_wconf 87' lang='lat' dir='ltr'>adducere</span> <span class='ocrx_word' id='word_1_115' title='bbox 878 1134 1114 1192; x_wconf 86' lang='lat' dir='ltr'>cupiebant</span> <span class='ocrx_word' id='word_1_116' title='bbox 1133 1153 1141 1178; x_wconf 92' lang='lat'><strong>:</strong></span> <span class='ocrx_word' id='word_1_117' title='bbox 1166 1133 1250 1178; x_wconf 93' lang='lat' dir='ltr'>hoc</span> <span class='ocrx_word' id='word_1_118' title='bbox 1269 1142 1440 1177; x_wconf 83' lang='lat' dir='ltr'>tantum</span> <span class='ocrx_word' id='word_1_119' title='bbox 1460 1132 1558 1178; x_wconf 88' lang='lat' dir='ltr'>loco</span> <span class='ocrx_word' id='word_1_120' title='bbox 1581 1131 1635 1177; x_wconf 87' lang='lat' dir='ltr'>ad</span> <span class='ocrx_word' id='word_1_121' title='bbox 1657 1147 1729 1177; x_wconf 85' lang='lat' dir='ltr'>eos</span> <span class='ocrx_word' id='word_1_122' title='bbox 1750 1131 1871 1192; x_wconf 89' lang='lat' dir='ltr'>loqui</span> <span class='ocrx_word' id='word_1_123' title='bbox 1891 1182 1893 1195; x_wconf 30' lang='grc'>1</span> 
     </span>
     <span class='ocr_line' id='line_1_19' title="bbox 484 1202 1924 1264; baseline -0.001 -17"><span class='ocrx_word' id='word_1_124' title='bbox 484 1204 682 1259; x_wconf 79' lang='lat' dir='ltr'>videtur,</span> <span class='ocrx_word' id='word_1_125' title='bbox 704 1204 780 1264; x_wconf 89' lang='lat' dir='ltr'>qui</span> <span class='ocrx_word' id='word_1_126' title='bbox 804 1204 858 1248; x_wconf 83' lang='lat' dir='ltr'>ad</span> <span class='ocrx_word' id='word_1_127' title='bbox 880 1203 1117 1248; x_wconf 89' lang='lat' dir='ltr'>Gentilium</span> <span class='ocrx_word' id='word_1_128' title='bbox 1134 1204 1458 1263; x_wconf 81' lang='lat' dir='ltr'>superstitiones</span> <span class='ocrx_word' id='word_1_129' title='bbox 1476 1203 1615 1248; x_wconf 87' lang='lat' dir='ltr'>redire</span> <span class='ocrx_word' id='word_1_130' title='bbox 1633 1211 1866 1247; x_wconf 88' lang='lat' dir='ltr'>tentarent.</span> <span class='ocrx_word' id='word_1_131' title='bbox 1889 1202 1899 1260; x_wconf 68' lang='grc'>1</span> <span class='ocrx_word' id='word_1_132' title='bbox 1923 1202 1924 1227; x_wconf 88' lang='grc'>1</span> 
     </span>
     <span class='ocr_line' id='line_1_20' title="bbox 485 1262 1899 1339; baseline 0 -21"><span class='ocrx_word' id='word_1_133' title='bbox 485 1275 559 1319; x_wconf 85' lang='lat' dir='ltr'>Ait</span> <span class='ocrx_word' id='word_1_134' title='bbox 581 1275 696 1318; x_wconf 91' lang='lat' dir='ltr'>enim</span> <span class='ocrx_word' id='word_1_135' title='bbox 723 1294 732 1318; x_wconf 81' lang='lat'>2</span> <span class='ocrx_word' id='word_1_136' title='bbox 763 1293 783 1317; x_wconf 89' lang='lat'>«</span> <span class='ocrx_word' id='word_1_137' title='bbox 806 1277 932 1320; x_wconf 93' lang='lat' dir='ltr'>Nunc</span> <span class='ocrx_word' id='word_1_138' title='bbox 962 1284 1108 1319; x_wconf 87' lang='lat' dir='ltr'>autem</span> <span class='ocrx_word' id='word_1_139' title='bbox 1131 1283 1441 1333; x_wconf 81' lang='lat' dir='ltr'>cognoscentes</span> <span class='ocrx_word' id='word_1_140' title='bbox 1463 1277 1601 1318; x_wconf 89' lang='lat' dir='ltr'>Deum</span> <span class='ocrx_word' id='word_1_141' title='bbox 1618 1309 1629 1329; x_wconf 79' lang='grc'><strong><em>,</em></strong></span> <span class='ocrx_word' id='word_1_142' title='bbox 1654 1273 1742 1318; x_wconf 91' lang='lat' dir='ltr'>imo</span> <span class='ocrx_word' id='word_1_143' title='bbox 1769 1288 1872 1333; x_wconf 84' lang='lat' dir='ltr'>cog·</span> <span class='ocrx_word' id='word_1_144' title='bbox 1889 1262 1899 1339; x_wconf 95' lang='grc'>1</span> 
     </span>
     <span class='ocr_line' id='line_1_21' title="bbox 489 1338 1910 1404; baseline 0.001 -18"><span class='ocrx_word' id='word_1_145' title='bbox 489 1363 508 1386; x_wconf 89' lang='lat'>»</span> <span class='ocrx_word' id='word_1_146' title='bbox 544 1345 622 1388; x_wconf 91' lang='lat' dir='ltr'>niti</span> <span class='ocrx_word' id='word_1_147' title='bbox 645 1360 668 1388; x_wconf 86' lang='lat' dir='ltr'>a</span> <span class='ocrx_word' id='word_1_148' title='bbox 691 1347 781 1388; x_wconf 92' lang='lat' dir='ltr'>Deo</span> <span class='ocrx_word' id='word_1_149' title='bbox 800 1379 810 1399; x_wconf 90' lang='lat'>,</span> <span class='ocrx_word' id='word_1_150' title='bbox 842 1343 1065 1404; x_wconf 88' lang='lat' dir='ltr'>quomodo</span> <span class='ocrx_word' id='word_1_151' title='bbox 1087 1344 1353 1390; x_wconf 90' lang='lat' dir='ltr'>revertimini</span> <span class='ocrx_word' id='word_1_152' title='bbox 1379 1344 1538 1388; x_wconf 88' lang='lat' dir='ltr'>iterum</span> <span class='ocrx_word' id='word_1_153' title='bbox 1560 1343 1616 1388; x_wconf 89' lang='lat' dir='ltr'>ad</span> <span class='ocrx_word' id='word_1_154' title='bbox 1638 1344 1808 1388; x_wconf 89' lang='lat' dir='ltr'>infirma</span> <span class='ocrx_word' id='word_1_155' title='bbox 1829 1351 1872 1388; x_wconf 86' lang='lat' dir='ltr'>et</span> <span class='ocrx_word' id='word_1_156' title='bbox 1889 1338 1910 1381; x_wconf 65' lang='grc' dir='ltr'><strong>Γ</strong></span> 
     </span>
     <span class='ocr_line' id='line_1_22' title="bbox 488 1414 1924 1477; baseline 0.001 -19"><span class='ocrx_word' id='word_1_157' title='bbox 488 1434 507 1457; x_wconf 93' lang='lat'>»</span> <span class='ocrx_word' id='word_1_158' title='bbox 543 1430 680 1474; x_wconf 84' lang='lat' dir='ltr'>egena</span> <span class='ocrx_word' id='word_1_159' title='bbox 708 1415 922 1460; x_wconf 88' lang='lat' dir='ltr'>elementa</span> <span class='ocrx_word' id='word_1_160' title='bbox 942 1451 952 1470; x_wconf 89' lang='lat'>‚</span> <span class='ocrx_word' id='word_1_161' title='bbox 987 1416 1146 1475; x_wconf 90' lang='lat' dir='ltr'>quibus</span> <span class='ocrx_word' id='word_1_162' title='bbox 1177 1431 1324 1460; x_wconf 90' lang='lat' dir='ltr'>rursus</span> <span class='ocrx_word' id='word_1_163' title='bbox 1358 1425 1408 1460; x_wconf 89' lang='lat' dir='ltr'>ut</span> <span class='ocrx_word' id='word_1_164' title='bbox 1441 1425 1568 1460; x_wconf 89' lang='lat' dir='ltr'>antea</span> <span class='ocrx_word' id='word_1_165' title='bbox 1595 1416 1752 1461; x_wconf 87' lang='lat' dir='ltr'>servire</span> <span class='ocrx_word' id='word_1_166' title='bbox 1774 1414 1894 1477; x_wconf 26' lang='lat' dir='ltr'>vul-v</span> <span class='ocrx_word' id='word_1_167' title='bbox 1922 1415 1924 1440; x_wconf 80' lang='lat'><em>³</em></span> 
     </span>
     <span class='ocr_line' id='line_1_23' title="bbox 486 1479 1924 1546; baseline 0.003 -17"><span class='ocrx_word' id='word_1_168' title='bbox 486 1505 506 1529; x_wconf 89' lang='lat'>»</span> <span class='ocrx_word' id='word_1_169' title='bbox 543 1487 596 1531; x_wconf 91' lang='lat' dir='ltr'>tis</span> <span class='ocrx_word' id='word_1_170' title='bbox 613 1488 659 1528; x_wconf 79' lang='lat'>¹?</span> <span class='ocrx_word' id='word_1_171' title='bbox 682 1505 701 1528; x_wconf 88' lang='lat'>»</span> <span class='ocrx_word' id='word_1_172' title='bbox 727 1489 778 1530; x_wconf 92' lang='lat' dir='ltr'>In</span> <span class='ocrx_word' id='word_1_173' title='bbox 801 1502 852 1531; x_wconf 89' lang='lat' dir='ltr'>eo</span> <span class='ocrx_word' id='word_1_174' title='bbox 870 1487 986 1530; x_wconf 92' lang='lat' dir='ltr'>enim</span> <span class='ocrx_word' id='word_1_175' title='bbox 1004 1485 1124 1546; x_wconf 90' lang='lat' dir='ltr'>quod</span> <span class='ocrx_word' id='word_1_176' title='bbox 1147 1486 1253 1531; x_wconf 91' lang='lat' dir='ltr'>dicit</span> <span class='ocrx_word' id='word_1_177' title='bbox 1268 1522 1279 1542; x_wconf 82' lang='lat'>,</span> <span class='ocrx_word' id='word_1_178' title='bbox 1304 1505 1324 1528; x_wconf 66' lang='grc' dir='ltr'><strong>α</strong></span> <span class='ocrx_word' id='word_1_179' title='bbox 1340 1486 1604 1532; x_wconf 85' lang='lat' dir='ltr'>revertimini</span> <span class='ocrx_word' id='word_1_180' title='bbox 1623 1522 1634 1542; x_wconf 85' lang='lat'>‚</span> <span class='ocrx_word' id='word_1_181' title='bbox 1653 1504 1674 1528; x_wconf 86' lang='lat'>»</span> <span class='ocrx_word' id='word_1_182' title='bbox 1694 1485 1871 1546; x_wconf 87' lang='lat' dir='ltr'>quando</span> <span class='ocrx_word' id='word_1_183' title='bbox 1890 1479 1902 1533; x_wconf 71' lang='grc'>1</span> <span class='ocrx_word' id='word_1_184' title='bbox 1922 1487 1924 1512; x_wconf 80' lang='lat'>³</span> 
     </span>
     <span class='ocr_line' id='line_1_24' title="bbox 485 1549 1924 1617; baseline -0.001 -15"><span class='ocrx_word' id='word_1_185' title='bbox 485 1572 575 1602; x_wconf 91' lang='lat' dir='ltr'>non</span> <span class='ocrx_word' id='word_1_186' title='bbox 598 1556 878 1612; x_wconf 82' lang='lat' dir='ltr'>circumcisis,</span> <span class='ocrx_word' id='word_1_187' title='bbox 895 1556 971 1601; x_wconf 92' lang='lat' dir='ltr'>sed</span> <span class='ocrx_word' id='word_1_188' title='bbox 993 1556 1207 1601; x_wconf 85' lang='lat' dir='ltr'>Gentibus</span> <span class='ocrx_word' id='word_1_189' title='bbox 1225 1556 1438 1617; x_wconf 84' lang='lat' dir='ltr'>loquitur,</span> <span class='ocrx_word' id='word_1_190' title='bbox 1458 1557 1571 1602; x_wconf 90' lang='lat' dir='ltr'>sicut</span> <span class='ocrx_word' id='word_1_191' title='bbox 1591 1558 1635 1600; x_wconf 92' lang='lat' dir='ltr'>in</span> <span class='ocrx_word' id='word_1_192' title='bbox 1657 1566 1748 1602; x_wconf 91' lang='lat' dir='ltr'>tota</span> <span class='ocrx_word' id='word_1_193' title='bbox 1762 1557 1872 1617; x_wconf 83' lang='lat' dir='ltr'>epis·</span> <span class='ocrx_word' id='word_1_194' title='bbox 1891 1549 1924 1591; x_wconf 96' lang='grc'>11</span> 
     </span>
     <span class='ocr_line' id='line_1_25' title="bbox 486 1612 1924 1688; baseline 0.001 -16"><span class='ocrx_word' id='word_1_195' title='bbox 486 1627 573 1674; x_wconf 86' lang='lat' dir='ltr'>tola</span> <span class='ocrx_word' id='word_1_196' title='bbox 595 1637 802 1688; x_wconf 77' lang='lat' dir='ltr'>apparet3</span> <span class='ocrx_word' id='word_1_197' title='bbox 831 1643 920 1672; x_wconf 93' lang='lat' dir='ltr'>non</span> <span class='ocrx_word' id='word_1_198' title='bbox 941 1627 1094 1687; x_wconf 86' lang='lat' dir='ltr'>utique</span> <span class='ocrx_word' id='word_1_199' title='bbox 1124 1628 1179 1671; x_wconf 92' lang='lat' dir='ltr'>ad</span> <span class='ocrx_word' id='word_1_200' title='bbox 1200 1628 1572 1673; x_wconf 89' lang='lat' dir='ltr'>circumcisionem</span> <span class='ocrx_word' id='word_1_201' title='bbox 1589 1627 1695 1673; x_wconf 87' lang='lat' dir='ltr'>dicit</span> <span class='ocrx_word' id='word_1_202' title='bbox 1711 1643 1782 1673; x_wconf 93' lang='lat' dir='ltr'>eos</span> <span class='ocrx_word' id='word_1_203' title='bbox 1801 1644 1871 1672; x_wconf 88' lang='lat' dir='ltr'>re·</span> <span class='ocrx_word' id='word_1_204' title='bbox 1891 1612 1895 1679; x_wconf 90' lang='grc'>1</span> <span class='ocrx_word' id='word_1_205' title='bbox 1922 1625 1924 1654; x_wconf 91' lang='grc'>1</span> 
     </span>
     <span class='ocr_line' id='line_1_26' title="bbox 485 1696 1924 1764; baseline 0 -21"><span class='ocrx_word' id='word_1_206' title='bbox 485 1700 616 1754; x_wconf 86' lang='lat' dir='ltr'>verti,</span> <span class='ocrx_word' id='word_1_207' title='bbox 641 1699 687 1742; x_wconf 94' lang='lat' dir='ltr'>in</span> <span class='ocrx_word' id='word_1_208' title='bbox 709 1714 795 1758; x_wconf 89' lang='lat' dir='ltr'>qua</span> <span class='ocrx_word' id='word_1_209' title='bbox 817 1712 1045 1758; x_wconf 90' lang='lat' dir='ltr'>nunquam</span> <span class='ocrx_word' id='word_1_210' title='bbox 1069 1707 1219 1753; x_wconf 88' lang='lat' dir='ltr'>erant,</span> <span class='ocrx_word' id='word_1_211' title='bbox 1255 1699 1331 1742; x_wconf 92' lang='lat' dir='ltr'>sed</span> <span class='ocrx_word' id='word_1_212' title='bbox 1356 1718 1376 1740; x_wconf 93' lang='lat'>«</span> <span class='ocrx_word' id='word_1_213' title='bbox 1401 1698 1456 1743; x_wconf 90' lang='lat' dir='ltr'>ad</span> <span class='ocrx_word' id='word_1_214' title='bbox 1479 1699 1650 1743; x_wconf 89' lang='lat' dir='ltr'>infirma</span> <span class='ocrx_word' id='word_1_215' title='bbox 1667 1733 1678 1754; x_wconf 90' lang='lat'>,</span> <span class='ocrx_word' id='word_1_216' title='bbox 1703 1699 1868 1759; x_wconf 90' lang='lat' dir='ltr'>inquit,</span> <span class='ocrx_word' id='word_1_217' title='bbox 1891 1696 1901 1764; x_wconf 97' lang='grc'>1</span> <span class='ocrx_word' id='word_1_218' title='bbox 1921 1696 1924 1724; x_wconf 73' lang='lat'>³</span> 
     </span>
     <span class='ocr_line' id='line_1_27' title="bbox 488 1765 1924 1832; baseline 0.002 -21"><span class='ocrx_word' id='word_1_219' title='bbox 488 1789 507 1812; x_wconf 68' lang='grc' dir='ltr'><strong>η</strong></span> <span class='ocrx_word' id='word_1_220' title='bbox 543 1779 586 1814; x_wconf 91' lang='lat' dir='ltr'>et</span> <span class='ocrx_word' id='word_1_221' title='bbox 607 1784 743 1828; x_wconf 86' lang='lat' dir='ltr'>egena</span> <span class='ocrx_word' id='word_1_222' title='bbox 762 1768 998 1824; x_wconf 84' lang='lat' dir='ltr'>elementa,</span> <span class='ocrx_word' id='word_1_223' title='bbox 1023 1768 1182 1828; x_wconf 91' lang='lat' dir='ltr'>quibus</span> <span class='ocrx_word' id='word_1_224' title='bbox 1208 1784 1354 1813; x_wconf 82' lang='lat' dir='ltr'>rursus</span> <span class='ocrx_word' id='word_1_225' title='bbox 1376 1778 1426 1813; x_wconf 92' lang='lat' dir='ltr'>ut</span> <span class='ocrx_word' id='word_1_226' title='bbox 1448 1778 1574 1813; x_wconf 89' lang='lat' dir='ltr'>antea</span> <span class='ocrx_word' id='word_1_227' title='bbox 1593 1769 1751 1814; x_wconf 89' lang='lat' dir='ltr'>servire</span> <span class='ocrx_word' id='word_1_228' title='bbox 1770 1769 1870 1814; x_wconf 91' lang='lat' dir='ltr'>vul-</span> <span class='ocrx_word' id='word_1_229' title='bbox 1891 1765 1902 1832; x_wconf 97' lang='grc'>1</span> <span class='ocrx_word' id='word_1_230' title='bbox 1920 1767 1924 1794; x_wconf 72' lang='lat'>³</span> 
     </span>
     <span class='ocr_line' id='line_1_28' title="bbox 487 1837 1924 1911; baseline 0.002 -29"><span class='ocrx_word' id='word_1_231' title='bbox 487 1860 506 1883; x_wconf 87' lang='lat'>»</span> <span class='ocrx_word' id='word_1_232' title='bbox 546 1841 611 1885; x_wconf 91' lang='lat' dir='ltr'>tis.</span> <span class='ocrx_word' id='word_1_233' title='bbox 637 1859 656 1881; x_wconf 84' lang='lat'>»</span> <span class='ocrx_word' id='word_1_234' title='bbox 690 1838 818 1893; x_wconf 90' lang='lat' dir='ltr'>Quod</span> <span class='ocrx_word' id='word_1_235' title='bbox 841 1838 895 1883; x_wconf 90' lang='lat' dir='ltr'>de</span> <span class='ocrx_word' id='word_1_236' title='bbox 918 1839 1131 1884; x_wconf 90' lang='lat' dir='ltr'>Gentibus</span> <span class='ocrx_word' id='word_1_237' title='bbox 1152 1838 1394 1899; x_wconf 86' lang='lat' dir='ltr'>intelligere</span> <span class='ocrx_word' id='word_1_238' title='bbox 1416 1839 1638 1898; x_wconf 83' lang='lat' dir='ltr'>cogimur3</span> <span class='ocrx_word' id='word_1_239' title='bbox 1666 1840 1733 1884; x_wconf 91' lang='lat' dir='ltr'>his</span> <span class='ocrx_word' id='word_1_240' title='bbox 1754 1841 1869 1885; x_wconf 92' lang='lat' dir='ltr'>enim</span> <span class='ocrx_word' id='word_1_241' title='bbox 1892 1837 1924 1911; x_wconf 55' lang='grc'>111</span> 
     </span>
     <span class='ocr_line' id='line_1_29' title="bbox 483 1897 1924 1971; baseline -0.002 -15"><span class='ocrx_word' id='word_1_242' title='bbox 483 1927 613 1971; x_wconf 88' lang='lat' dir='ltr'>supra</span> <span class='ocrx_word' id='word_1_243' title='bbox 635 1910 801 1954; x_wconf 84' lang='lat' dir='ltr'>dixerat</span> <span class='ocrx_word' id='word_1_244' title='bbox 823 1928 832 1953; x_wconf 75' lang='grc' dir='ltr'>ε</span> <span class='ocrx_word' id='word_1_245' title='bbox 862 1928 881 1950; x_wconf 92' lang='lat'>«</span> <span class='ocrx_word' id='word_1_246' title='bbox 905 1909 987 1953; x_wconf 91' lang='lat' dir='ltr'>Sed</span> <span class='ocrx_word' id='word_1_247' title='bbox 1012 1917 1118 1954; x_wconf 85' lang='lat' dir='ltr'>tunc</span> <span class='ocrx_word' id='word_1_248' title='bbox 1141 1909 1319 1969; x_wconf 90' lang='lat' dir='ltr'>quidem</span> <span class='ocrx_word' id='word_1_249' title='bbox 1342 1909 1587 1968; x_wconf 85' lang='lat' dir='ltr'>ignorantes</span> <span class='ocrx_word' id='word_1_250' title='bbox 1608 1913 1748 1955; x_wconf 92' lang='lat' dir='ltr'>Deum</span> <span class='ocrx_word' id='word_1_251' title='bbox 1765 1945 1777 1966; x_wconf 87' lang='lat'>,</span> <span class='ocrx_word' id='word_1_252' title='bbox 1804 1910 1870 1955; x_wconf 91' lang='lat' dir='ltr'>his</span> <span class='ocrx_word' id='word_1_253' title='bbox 1891 1897 1924 1954; x_wconf 56' lang='lat' dir='ltr'>til*-</span> 
     </span>
     <span class='ocr_line' id='line_1_30' title="bbox 486 1967 1924 2042; baseline 0.001 -19"><span class='ocrx_word' id='word_1_254' title='bbox 486 2001 506 2024; x_wconf 85' lang='lat'>»</span> <span class='ocrx_word' id='word_1_255' title='bbox 542 1982 618 2042; x_wconf 87' lang='lat' dir='ltr'>qui</span> <span class='ocrx_word' id='word_1_256' title='bbox 641 1991 796 2025; x_wconf 87' lang='lat' dir='ltr'>natura</span> <span class='ocrx_word' id='word_1_257' title='bbox 816 1996 903 2025; x_wconf 91' lang='lat' dir='ltr'>non</span> <span class='ocrx_word' id='word_1_258' title='bbox 919 1988 1020 2024; x_wconf 87' lang='lat' dir='ltr'>sunt</span> <span class='ocrx_word' id='word_1_259' title='bbox 1041 1979 1126 2024; x_wconf 77' lang='lat' dir='ltr'>dii2</span> <span class='ocrx_word' id='word_1_260' title='bbox 1148 1999 1157 2024; x_wconf 87' lang='lat'>:</span> <span class='ocrx_word' id='word_1_261' title='bbox 1182 1998 1201 2021; x_wconf 91' lang='lat'>»</span> <span class='ocrx_word' id='word_1_262' title='bbox 1222 1980 1277 2024; x_wconf 88' lang='lat' dir='ltr'>ad</span> <span class='ocrx_word' id='word_1_263' title='bbox 1294 1996 1426 2040; x_wconf 85' lang='lat' dir='ltr'>quam</span> <span class='ocrx_word' id='word_1_264' title='bbox 1449 1982 1700 2025; x_wconf 90' lang='lat' dir='ltr'>servitutem</span> <span class='ocrx_word' id='word_1_265' title='bbox 1715 1981 1870 2026; x_wconf 85' lang='lat' dir='ltr'>reverti</span> <span class='ocrx_word' id='word_1_266' title='bbox 1892 1967 1924 2041; x_wconf 60' lang='lat'>{³35</span> 
     </span>
     <span class='ocr_line' id='line_1_31' title="bbox 486 2030 1924 2111; baseline 0.001 -14"><span class='ocrx_word' id='word_1_267' title='bbox 486 2069 557 2098; x_wconf 92' lang='lat' dir='ltr'>eos</span> <span class='ocrx_word' id='word_1_268' title='bbox 580 2051 690 2097; x_wconf 90' lang='lat' dir='ltr'>velle</span> <span class='ocrx_word' id='word_1_269' title='bbox 718 2052 932 2111; x_wconf 82' lang='lat' dir='ltr'>significat</span> <span class='ocrx_word' id='word_1_270' title='bbox 947 2086 958 2106; x_wconf 85' lang='lat'>‚</span> <span class='ocrx_word' id='word_1_271' title='bbox 983 2066 1084 2095; x_wconf 90' lang='lat' dir='ltr'>cum</span> <span class='ocrx_word' id='word_1_272' title='bbox 1114 2052 1172 2095; x_wconf 88' lang='lat' dir='ltr'>ait</span> <span class='ocrx_word' id='word_1_273' title='bbox 1194 2071 1202 2096; x_wconf 73' lang='grc' dir='ltr'><strong>ε</strong></span> <span class='ocrx_word' id='word_1_274' title='bbox 1229 2071 1250 2095; x_wconf 92' lang='lat'>«</span> <span class='ocrx_word' id='word_1_275' title='bbox 1274 2052 1506 2105; x_wconf 89' lang='lat' dir='ltr'>Quomodo</span> <span class='ocrx_word' id='word_1_276' title='bbox 1530 2053 1794 2098; x_wconf 84' lang='lat' dir='ltr'>revertimini</span> <span class='ocrx_word' id='word_1_277' title='bbox 1816 2052 1870 2097; x_wconf 94' lang='lat' dir='ltr'>ad</span> <span class='ocrx_word' id='word_1_278' title='bbox 1891 2030 1924 2111; x_wconf 79' lang='grc'>11</span> 
     </span>
    </p>
   </div>
   <div class='ocr_carea' id='block_1_4' title="bbox 486 2120 1924 2675">
    <p class='ocr_par' dir='ltr' id='par_1_4' title="bbox 486 2120 1924 2610">
     <span class='ocr_line' id='line_1_32' title="bbox 488 2120 1897 2181; baseline 0 -16"><span class='ocrx_word' id='word_1_279' title='bbox 488 2142 508 2165; x_wconf 90' lang='lat'>»</span> <span class='ocrx_word' id='word_1_280' title='bbox 543 2123 714 2167; x_wconf 87' lang='lat' dir='ltr'>infirma</span> <span class='ocrx_word' id='word_1_281' title='bbox 733 2131 777 2166; x_wconf 91' lang='lat' dir='ltr'>et</span> <span class='ocrx_word' id='word_1_282' title='bbox 807 2136 942 2181; x_wconf 87' lang='lat' dir='ltr'>egena</span> <span class='ocrx_word' id='word_1_283' title='bbox 965 2120 1179 2166; x_wconf 85' lang='lat' dir='ltr'>elementa</span> <span class='ocrx_word' id='word_1_284' title='bbox 1197 2156 1207 2177; x_wconf 86' lang='lat'>,</span> <span class='ocrx_word' id='word_1_285' title='bbox 1228 2121 1386 2181; x_wconf 89' lang='lat' dir='ltr'>quibus</span> <span class='ocrx_word' id='word_1_286' title='bbox 1404 2138 1551 2167; x_wconf 84' lang='lat' dir='ltr'>rursus</span> <span class='ocrx_word' id='word_1_287' title='bbox 1573 2131 1623 2168; x_wconf 92' lang='lat' dir='ltr'>ut</span> <span class='ocrx_word' id='word_1_288' title='bbox 1640 2132 1766 2168; x_wconf 88' lang='lat' dir='ltr'>antea</span> <span class='ocrx_word' id='word_1_289' title='bbox 1785 2138 1870 2169; x_wconf 87' lang='lat' dir='ltr'>ser·</span> <span class='ocrx_word' id='word_1_290' title='bbox 1893 2149 1897 2165; x_wconf 88' lang='lat'>.-</span> 
     </span>
     <span class='ocr_line' id='line_1_33' title="bbox 486 2173 1924 2241; baseline -0.006 0"><span class='ocrx_word' id='word_1_291' title='bbox 486 2195 576 2241; x_wconf 87' lang='lat' dir='ltr'>vire</span> <span class='ocrx_word' id='word_1_292' title='bbox 597 2193 757 2239; x_wconf 80' lang='lat' dir='ltr'>vultis?</span> <span class='ocrx_word' id='word_1_293' title='bbox 1892 2173 1897 2215; x_wconf 95' lang='grc'>1</span> <span class='ocrx_word' id='word_1_294' title='bbox 1922 2211 1924 2215; x_wconf 94' lang='grc'><em>·</em></span> 
     </span>
     <span class='ocr_line' id='line_1_34' title="bbox 544 2251 1897 2325; baseline 0 -16"><span class='ocrx_word' id='word_1_295' title='bbox 544 2265 751 2309; x_wconf 85' lang='lat' dir='ltr'>XXXIV.</span> <span class='ocrx_word' id='word_1_296' title='bbox 787 2262 916 2316; x_wconf 89' lang='lat' dir='ltr'>Quod</span> <span class='ocrx_word' id='word_1_297' title='bbox 938 2270 1083 2306; x_wconf 86' lang='lat' dir='ltr'>autem</span> <span class='ocrx_word' id='word_1_298' title='bbox 1117 2261 1315 2322; x_wconf 85' lang='lat' dir='ltr'>adjungit</span> <span class='ocrx_word' id='word_1_299' title='bbox 1342 2282 1351 2307; x_wconf 74' lang='grc' dir='ltr'><strong>ι</strong></span> <span class='ocrx_word' id='word_1_300' title='bbox 1377 2282 1396 2305; x_wconf 91' lang='lat'>«</span> <span class='ocrx_word' id='word_1_301' title='bbox 1418 2264 1514 2308; x_wconf 86' lang='lat' dir='ltr'>Dies</span> <span class='ocrx_word' id='word_1_302' title='bbox 1536 2265 1772 2310; x_wconf 90' lang='lat' dir='ltr'>observatis</span> <span class='ocrx_word' id='word_1_303' title='bbox 1790 2299 1801 2320; x_wconf 89' lang='lat'>,</span> <span class='ocrx_word' id='word_1_304' title='bbox 1826 2272 1868 2309; x_wconf 79' lang='lat' dir='ltr'>et</span> <span class='ocrx_word' id='word_1_305' title='bbox 1893 2251 1897 2325; x_wconf 94' lang='grc'>1</span> 
     </span>
     <span class='ocr_line' id='line_1_35' title="bbox 490 2334 1868 2391; baseline 0.001 -15"><span class='ocrx_word' id='word_1_306' title='bbox 490 2353 510 2376; x_wconf 88' lang='lat'>»</span> <span class='ocrx_word' id='word_1_307' title='bbox 546 2350 735 2389; x_wconf 77' lang='lat' dir='ltr'>menses,</span> <span class='ocrx_word' id='word_1_308' title='bbox 762 2342 805 2378; x_wconf 90' lang='lat' dir='ltr'>et</span> <span class='ocrx_word' id='word_1_309' title='bbox 827 2348 961 2378; x_wconf 86' lang='lat' dir='ltr'>annos</span> <span class='ocrx_word' id='word_1_310' title='bbox 976 2367 987 2387; x_wconf 87' lang='lat'>‚</span> <span class='ocrx_word' id='word_1_311' title='bbox 1012 2341 1055 2377; x_wconf 88' lang='lat' dir='ltr'>et</span> <span class='ocrx_word' id='word_1_312' title='bbox 1076 2341 1272 2391; x_wconf 88' lang='lat' dir='ltr'>tempora</span> <span class='ocrx_word' id='word_1_313' title='bbox 1290 2352 1298 2377; x_wconf 77' lang='grc' dir='ltr'><strong><em>ι</em></strong></span> <span class='ocrx_word' id='word_1_314' title='bbox 1323 2334 1453 2379; x_wconf 91' lang='lat' dir='ltr'>timeo</span> <span class='ocrx_word' id='word_1_315' title='bbox 1476 2349 1550 2379; x_wconf 91' lang='lat' dir='ltr'>vos</span> <span class='ocrx_word' id='word_1_316' title='bbox 1572 2349 1628 2378; x_wconf 84' lang='lat' dir='ltr'>ne</span> <span class='ocrx_word' id='word_1_317' title='bbox 1649 2334 1761 2379; x_wconf 80' lang='lat' dir='ltr'>forte</span> <span class='ocrx_word' id='word_1_318' title='bbox 1779 2334 1868 2378; x_wconf 90' lang='lat' dir='ltr'>sine</span> 
     </span>
     <span class='ocr_line' id='line_1_36' title="bbox 491 2391 1898 2462; baseline 0.003 -16"><span class='ocrx_word' id='word_1_319' title='bbox 491 2423 512 2447; x_wconf 87' lang='lat'>»</span> <span class='ocrx_word' id='word_1_320' title='bbox 548 2420 675 2450; x_wconf 85' lang='lat' dir='ltr'>causa</span> <span class='ocrx_word' id='word_1_321' title='bbox 709 2404 997 2449; x_wconf 84' lang='lat' dir='ltr'>laboraverim</span> <span class='ocrx_word' id='word_1_322' title='bbox 1024 2404 1070 2447; x_wconf 92' lang='lat' dir='ltr'>in</span> <span class='ocrx_word' id='word_1_323' title='bbox 1104 2404 1206 2447; x_wconf 83' lang='lat' dir='ltr'>vos³</span> <span class='ocrx_word' id='word_1_324' title='bbox 1224 2437 1235 2459; x_wconf 90' lang='lat'>,</span> <span class='ocrx_word' id='word_1_325' title='bbox 1263 2421 1282 2444; x_wconf 90' lang='lat'>»</span> <span class='ocrx_word' id='word_1_326' title='bbox 1306 2404 1439 2462; x_wconf 83' lang='lat' dir='ltr'>magis</span> <span class='ocrx_word' id='word_1_327' title='bbox 1476 2405 1589 2449; x_wconf 89' lang='lat' dir='ltr'>hanc</span> <span class='ocrx_word' id='word_1_328' title='bbox 1611 2405 1867 2450; x_wconf 88' lang='lat' dir='ltr'>sententiam</span> <span class='ocrx_word' id='word_1_329' title='bbox 1893 2391 1898 2459; x_wconf 86' lang='grc'>1</span> 
     </span>
     <span class='ocr_line' id='line_1_37' title="bbox 487 2463 1897 2537; baseline 0 -16"><span class='ocrx_word' id='word_1_330' title='bbox 487 2478 742 2521; x_wconf 86' lang='lat' dir='ltr'>confirmare</span> <span class='ocrx_word' id='word_1_331' title='bbox 754 2476 890 2519; x_wconf 89' lang='lat' dir='ltr'>videri</span> <span class='ocrx_word' id='word_1_332' title='bbox 906 2483 1061 2535; x_wconf 85' lang='lat' dir='ltr'>potest.</span> <span class='ocrx_word' id='word_1_333' title='bbox 1075 2474 1401 2532; x_wconf 84' lang='lat' dir='ltr'>Vulgatissimus</span> <span class='ocrx_word' id='word_1_334' title='bbox 1415 2485 1478 2521; x_wconf 86' lang='lat' dir='ltr'>est</span> <span class='ocrx_word' id='word_1_335' title='bbox 1495 2477 1611 2521; x_wconf 90' lang='lat' dir='ltr'>enim</span> <span class='ocrx_word' id='word_1_336' title='bbox 1624 2491 1741 2521; x_wconf 89' lang='lat' dir='ltr'>error</span> <span class='ocrx_word' id='word_1_337' title='bbox 1758 2478 1869 2521; x_wconf 86' lang='lat' dir='ltr'>Gen·</span> <span class='ocrx_word' id='word_1_338' title='bbox 1893 2463 1897 2537; x_wconf 85' lang='grc'>1</span> 
     </span>
     <span class='ocr_line' id='line_1_38' title="bbox 490 2542 1908 2610; baseline -0.001 -19"><span class='ocrx_word' id='word_1_339' title='bbox 490 2547 630 2591; x_wconf 84' lang='lat' dir='ltr'>tilium</span> <span class='ocrx_word' id='word_1_340' title='bbox 666 2547 744 2591; x_wconf 89' lang='lat' dir='ltr'>iste</span> <span class='ocrx_word' id='word_1_341' title='bbox 761 2581 771 2601; x_wconf 81' lang='lat'><strong>‚</strong></span> <span class='ocrx_word' id='word_1_342' title='bbox 798 2556 846 2590; x_wconf 91' lang='lat' dir='ltr'>ut</span> <span class='ocrx_word' id='word_1_343' title='bbox 866 2546 936 2591; x_wconf 91' lang='lat' dir='ltr'>vel</span> <span class='ocrx_word' id='word_1_344' title='bbox 958 2547 1003 2590; x_wconf 92' lang='lat' dir='ltr'>in</span> <span class='ocrx_word' id='word_1_345' title='bbox 1026 2544 1202 2606; x_wconf 80' lang='lat' dir='ltr'>agendis</span> <span class='ocrx_word' id='word_1_346' title='bbox 1233 2547 1386 2602; x_wconf 66' lang='lat' dir='ltr'>mlum,</span> <span class='ocrx_word' id='word_1_347' title='bbox 1423 2548 1492 2593; x_wconf 89' lang='lat' dir='ltr'>vel</span> <span class='ocrx_word' id='word_1_348' title='bbox 1523 2549 1567 2592; x_wconf 88' lang='lat' dir='ltr'>in</span> <span class='ocrx_word' id='word_1_349' title='bbox 1591 2547 1867 2607; x_wconf 80' lang='lat' dir='ltr'>expectandis</span> <span class='ocrx_word' id='word_1_350' title='bbox 1893 2542 1908 2610; x_wconf 79' lang='grc'>1</span> 
     </span>
    </p>

    <p class='ocr_par' dir='ltr' id='par_1_5' title="bbox 535 2620 1897 2675">
     <span class='ocr_line' id='line_1_39' title="bbox 535 2620 1897 2675; baseline 0 -10"><span class='ocrx_word' id='word_1_351' title='bbox 535 2640 543 2655; x_wconf 66' lang='grc' dir='ltr'>ι</span> <span class='ocrx_word' id='word_1_352' title='bbox 566 2633 842 2675; x_wconf 70' lang='lat' dir='ltr'>Galat.1v‚9.--</span> <span class='ocrx_word' id='word_1_353' title='bbox 865 2633 1030 2665; x_wconf 58' lang='lat' dir='ltr'>umas.</span> <span class='ocrx_word' id='word_1_354' title='bbox 1054 2630 1221 2665; x_wconf 63' lang='lat' dir='ltr'>—mmr</span> <span class='ocrx_word' id='word_1_355' title='bbox 1244 2644 1295 2674; x_wconf 86' lang='lat'>10,</span> <span class='ocrx_word' id='word_1_356' title='bbox 1325 2643 1374 2665; x_wconf 73' lang='grc' dir='ltr'>ιι.</span> <span class='ocrx_word' id='word_1_357' title='bbox 1895 2620 1897 2622; x_wconf 77' lang='grc'><strong>’</strong></span> 
     </span>
    </p>
   </div>
   <div class='ocr_carea' id='block_1_5' title="bbox 1885 557 1890 738">
    <p class='ocr_par' dir='ltr' id='par_1_6' title="bbox 1885 557 1890 738">
     <span class='ocr_line' id='line_1_40' title="bbox 1885 557 1890 738; baseline 0 2571"><span class='ocrx_word' id='word_1_358' title='bbox 1885 557 1890 738; x_wconf 95' lang='lat' dir='ltr'> </span> 
     </span>
    </p>
   </div>
   <div class='ocr_carea' id='block_1_6' title="bbox 1887 748 1892 895">
    <p class='ocr_par' dir='ltr' id='par_1_7' title="bbox 1887 748 1892 895">
     <span class='ocr_line' id='line_1_41' title="bbox 1887 748 1892 895; baseline 0 2414"><span class='ocrx_word' id='word_1_359' title='bbox 1887 748 1892 895; x_wconf 95' lang='lat' dir='ltr'> </span> 
     </span>
    </p>
   </div>
  </div>
 </body>
</html>
