1924 3309
446 244 501 282 72
880 257 912 282 s.
951 254 1179 282 AUGUSTINI
1211 256 1390 283 EPISCOPI

446 319 600 364 melius
620 327 972 377 commutentur·⁷
998 321 1194 380 quamvis
1216 321 1529 365 Christianitati
1560 330 1602 364 et
1628 321 1831 364 Ecclesiae

447 390 526 434 Dei
548 389 820 435 adversantes
844 401 1076 450 antequam
1100 392 1342 436 christianis
1366 392 1643 436 sacramentis
1674 390 1834 435 ablue-

447 469 623 515 rentur,
661 460 789 504 etiam
816 461 993 520 Spiritui
1015 470 1163 505 sancto
1199 471 1362 521 quanta
1386 471 1624 521 potuerunt
1650 461 1834 506 infesta-

449 532 565 575 tione
587 531 821 575 restiterint
841 550 849 574 :
867 531 900 574 si
918 531 1048 574 etiam
1072 531 1336 586 hominihus,
1362 532 1438 591 qui
1460 547 1599 592 usque
1617 532 1671 575 ad
1694 547 1836 576 sacra-

446 611 695 646 mentorum
714 603 1036 661 perceptionem
1057 602 1248 646 veritatis
1269 603 1494 645 scientiam
1512 612 1803 661 perceperunt
1821 637 1832 657 ,

447 682 486 716 et
505 681 604 731 post
624 672 718 716 haec
738 671 846 731 lapsi
871 671 1047 730 Spiritui
1070 681 1218 715 sancto
1239 672 1507 727 restiterunt,
1529 671 1585 716 ad
1606 673 1835 716 sanitatem

445 742 748 797 redeuntibus,
774 752 817 786 et
837 757 988 801 pacem
1006 742 1083 785 Dei
1101 741 1357 800 poenitendo
1374 742 1690 802 quaerentibus,
1711 742 1834 787 auxi-

446 814 557 858 lium
571 812 883 858 misericordiae
907 828 997 857 non
1017 821 1201 870 negatur
1223 831 1231 856 :
1254 812 1287 856 si
1310 811 1500 872 denique
1522 812 1577 856 de
1594 812 1678 856 illis
1696 813 1798 872 ipsis
1820 847 1832 868 ,

447 883 608 943 quibus
631 884 946 944 blasphemiam
976 883 1021 926 in
1046 883 1252 942 Spiritum
1289 893 1489 928 sanctum
1520 883 1574 927 ab
1610 884 1669 927 eis
1691 882 1836 942 prola-

448 962 535 997 tam
558 955 768 998 Dominus
790 954 950 1013 objecit
964 989 974 1008 ,
1000 953 1034 997 si
1056 954 1132 1013 qui
1159 953 1455 1013 resipiscentes
1481 953 1536 997 ad
1559 954 1636 997 Dei
1655 954 1835 1011 gratiam

447 1023 759 1083 confugerunt,
776 1025 866 1068 sine
881 1023 971 1068 ulla
983 1024 1258 1068 dubitatione
1275 1024 1412 1068 sanati
1427 1026 1549 1067 sunt¹
1569 1043 1578 1069 :
1597 1023 1705 1084 quid
1717 1023 1836 1067 aliud

448 1096 655 1150 restabat,
676 1096 757 1140 nisi
771 1105 821 1139 ut
842 1104 1071 1154 peccatum
1093 1096 1139 1139 in
1161 1096 1365 1155 Spiritum
1383 1104 1598 1149 sanctum,
1615 1094 1735 1154 quod
1759 1110 1837 1138 ne-

447 1181 534 1226 que
563 1167 607 1210 in
629 1167 713 1210 hoc
736 1165 915 1220 saeculo,
942 1180 1085 1225 neque
1110 1167 1156 1209 in
1187 1165 1339 1209 futuro
1360 1165 1520 1210 dimitti
1538 1165 1748 1209 Dominus
1770 1164 1838 1208 di-

448 1237 508 1280 cit
529 1271 540 1290 ,
565 1236 735 1280 nullum
759 1236 1028 1294 intelligatur
1062 1237 1142 1280 nisi
1170 1237 1488 1295 perseverantia
1511 1237 1555 1279 in
1578 1236 1773 1296 nequitia
1794 1245 1838 1279 et

448 1307 492 1349 in
516 1304 807 1363 malignitate,
833 1322 934 1350 cum
970 1307 1271 1365 desperatione
1302 1306 1588 1365 indulgentiae
1613 1307 1722 1351 Dei?
1744 1309 1837 1350 Hoc

449 1386 512 1420 est
545 1376 661 1419 enim
696 1377 842 1434 gratiae
866 1376 979 1419 illius
1012 1387 1054 1420 et
1092 1378 1187 1436 paci
1209 1378 1426 1432 resistere,
1453 1376 1508 1420 de
1531 1376 1692 1436 quibus
1713 1377 1839 1421 nobis

450 1462 591 1491 sermo
626 1462 744 1490 nunc
772 1456 891 1491 ortus
927 1457 1004 1491 est.
1031 1450 1140 1491 Nam
1166 1448 1270 1491 hinc
1292 1448 1394 1492 licet
1419 1447 1642 1491 advertere
1661 1483 1673 1502 ,
1707 1448 1838 1492 etiam

449 1518 549 1577 ipsis
572 1518 757 1572 Judaeis,
777 1533 966 1577 quorum
991 1517 1302 1577 blasphemiam
1326 1519 1536 1562 Dominus
1555 1519 1696 1576 arguit
1713 1553 1723 1573 ,
1748 1533 1839 1562 non

452 1588 581 1632 fuisse
615 1588 811 1632 clausum
840 1588 1082 1647 corrigendi
1118 1604 1161 1632 se
1181 1599 1224 1632 et
1245 1589 1488 1648 poenitendi
1522 1593 1689 1642 locum,
1718 1588 1839 1647 quod

450 1658 566 1701 idem
583 1659 792 1701 Dominus
814 1659 859 1699 in
881 1674 929 1699 ea
950 1659 1042 1713 ipsa
1058 1656 1392 1714 reprehensione
1417 1656 1476 1699 ait
1492 1655 1575 1700 illis
1593 1676 1602 1701 :
1626 1676 1647 1698 (ι
1667 1659 1756 1701 Aut
1773 1656 1840 1702 fa—

452 1746 472 1769 »
509 1727 592 1771 cite
623 1725 821 1768 arborem
844 1725 1005 1768 bonam
1022 1760 1032 1778 ,
1059 1734 1101 1768 et
1120 1724 1313 1768 fructum
1335 1726 1427 1785 ejus
1450 1726 1616 1770 bonurn
1640 1746 1648 1771 :
1674 1736 1750 1770 aut
1779 1726 1840 1771 fa-

453 1818 473 1839 »
511 1798 594 1841 cite
614 1797 811 1840 arborem
837 1796 995 1839 malam
1014 1831 1024 1850 ,
1049 1805 1091 1840 et
1110 1795 1303 1840 fructum
1325 1797 1415 1856 ejus
1436 1797 1600 1840 malum
1617 1800 1650 1840 2.
1672 1815 1692 1839 »
1713 1797 1841 1850 Quod

452 1869 605 1927 utique
627 1867 747 1912 nulla
773 1866 939 1910 ratione
961 1866 1178 1910 diceretur
1200 1867 1280 1921 eis,
1314 1867 1348 1909 si
1381 1876 1558 1926 propter
1579 1866 1697 1911 illam
1720 1867 1838 1912 blas-

452 1938 670 1998 phemiam
683 1938 774 1996 jam
796 1944 1062 1980 commutare
1085 1937 1279 1980 animum
1297 1936 1342 1980 in
1360 1936 1532 1992 melius,
1551 1946 1595 1981 et
1611 1947 1727 1982 recte
1748 1936 1839 1982 fac-

454 2019 599 2054 torum
638 2008 804 2051 fruetus
833 2022 1036 2064 generare
1063 2022 1152 2050 non
1184 2016 1380 2065 possent,
1415 2017 1488 2051 aut
1516 2007 1675 2052 frustra
1709 2009 1838 2052 etiam

453 2081 543 2122 sine
564 2078 730 2136 peccati
752 2078 817 2121 sui
834 2076 1082 2120 dimissione
1106 2086 1377 2134 generarent.

514 2151 680 2192 XXIII.
708 2150 821 2205 Ergo
844 2147 944 2206 quia
983 2146 1193 2190 Dominus
1222 2147 1266 2189 in
1301 2146 1461 2205 Spiritu
1496 2148 1573 2191 Dei
1598 2147 1842 2207 expellebat

456 2219 687 2273 daemonia,
707 2227 974 2277 caeterosque
991 2218 1284 2261 humanorum
1301 2232 1533 2276 corporum
1552 2219 1728 2263 morbos
1746 2218 1843 2263 lan-

458 2304 699 2347 guoresque
735 2288 914 2332 sanabat
933 2323 943 2341 ,
976 2303 1064 2331 non
1100 2288 1157 2331 ob
1181 2287 1299 2331 aliud
1321 2288 1401 2331 nisi
1422 2297 1470 2331 ut
1492 2289 1742 2333 crederetur
1773 2289 1842 2333 di-

458 2359 571 2402 centi
609 2358 688 2401 sibi
717 2377 724 2401 ;
754 2376 770 2398 «
802 2358 925 2416 Agite
957 2356 1286 2416 poenitentiam,
1327 2359 1691 2418 appropinquavit
1727 2360 1843 2403 enim

462 2448 482 2469 »
520 2443 702 2486 regnum
721 2428 973 2472 coelorumss.
998 2447 1018 2469 ι)
1041 2427 1318 2472 Invisibiliter
1355 2430 1469 2472 enim
1500 2440 1673 2489 peccata
1695 2429 1846 2474 dimit-

459 2507 634 2553 tuntur,
653 2499 723 2542 cui
743 2498 979 2542 dimissioni
999 2497 1129 2542 fidem
1152 2498 1368 2543 miraculis
1389 2500 1670 2558 comparabat
1689 2520 1697 2546 :
1723 2501 1845 2560 quod

508 2589 517 2605 ¹
536 2582 651 2613 Maltli.
676 2593 734 2623 xii,
756 2582 807 2614 31.
829 2600 869 2606 -
890 2590 902 2604 2
923 2583 1001 2613 Ibid.
1025 2582 1079 2614 33.
1101 2598 1140 2604 -—-
1162 2581 1238 2615 3111.
1264 2594 1309 2624 ιιι,
1333 2592 1363 2616 2.
