1924 3309
424 240 504 278 472).
872 250 901 278 3.
941 251 1167 278 AUGUS'le
1204 253 1378 278 Ertscovl

425 338 441 358 ι)
469 318 525 362 do
545 318 741 361 omnium
769 333 869 377 (111ae
887 317 1355 377 possideo¹.»Jactavit
1377 317 1535 361 soz-sod
1561 318 1727 362 inflatio
1745 329 1808 362 est

425 391 516 444 ista,
538 404 628 433 non
645 387 888 448 plenitudo.
918 388 1103 432 Divitem
1115 402 1160 430 se
1172 388 1342 446 putavit
1363 387 1471 431 nihil
1489 388 1652 433 habens
1670 407 1679 433 :
1699 405 1809 448 pau—

422 475 567 519 perem
591 475 635 503 se
658 459 731 503 ille
752 459 957 519 cognovit
985 459 1077 517 jam
1100 456 1266 517 aliquid
1279 457 1456 502 habens.
1483 461 1540 503 Ut
1560 457 1671 503 nihil
1689 458 1808 504 aliud

420 530 584 585 dicam,
621 529 812 574 habebat
828 530 963 589 ipsam
982 526 1263 572 confessionis
1284 528 1506 587 pietatem.
1537 532 1594 574 Et
1626 528 1808 574 descen-

419 601 580 645 derunt
618 602 766 645 ambo.
801 600 885 645 Sed
919 619 939 641 «
958 599 1242 654 Justificatus‚
1266 599 1426 659 inquit,
1453 598 1715 645 Pu'blicanus
1737 601 1809 645 ille

421 691 441 713 n
478 673 613 731 magis
636 688 766 733 quam
786 670 1041 715 Pharisaeus.
1068 670 1179 723 Quia
1201 671 1341 714 omnis
1353 671 1430 730 qui
1462 685 1505 714 se
1527 669 1700 728 exaltat,
1719 673 1807 716 hu-

426 762 444 783 »
484 743 753 801 miliabitur3
778 742 914 803 etqui
932 758 976 787 se
999 741 1222 797 humiliat,
1245 742 1544 787 exaltabitur‘2.
1573 762 1594 784 »

840 1052 1070 1098 SERMO
1115 1052 1335 1098 XXXVII
1352 1059 1382 1096 ¹.

423 1219 483 1260 De
507 1216 691 1260 lectione
712 1215 1046 1259 Proverbiorum
1073 1215 1315 1259 Salomonis
1331 1250 1342 1270 ‚
1363 1215 1416 1258 ab
1433 1230 1484 1257 co
1506 1215 1604 1259 loco
1625 1215 1812 1261 ubidic-

483 1297 572 1331 tum
599 1296 663 1330 est
682 1306 690 1330 :
713 1285 964 1330 [Mulierem
976 1340 982 1347 ⁸
985 1285 1168 1346 fortem
1183 1287 1288 1344 quis
1311 1282 1555 1330 inveniet?
1572 1302 1723 1347 usque,
1742 1286 1792 1331 E
1796 1297 1813 1332 t

483 1356 715 1403 laudetur
736 1358 781 1402 in
800 1359 953 1417 portis
976 1359 1051 1400 vir
1066 1356 1182 1418 eju-s.

483 1522 514 1561 Ι.
545 1521 787 1562 PRAESTABIT
820 1517 968 1570 nobis,
1002 1516 1079 1576 qui
1116 1515 1232 1559 diem
1270 1516 1401 1559 istum
1423 1515 1745 1561 commendavit
1769 1517 1816 1561 in

418 1589 574 1632 sanctis
607 1589 714 1643 suis,
755 1596 805 1631 ut
842 1586 1070 1630 infirmitas
1103 1585 1220 1630 vocis
1255 1594 1414 1629 nostrae
1449 1586 1635 1631 sufficiat
1668 1586 1816 1630 inten-

424 1660 529 1703 tioni
548 1668 716 1703 vestrae.
753 1661 843 1702 Hoc
874 1658 972 1701 ideo
996 1657 1321 1709 commendavi,
1353 1666 1403 1700 ut
1430 1671 1499 1700 me
1530 1656 1700 1702 silentio
1719 1673 1816 1702 ves—

423 1740 488 1774 tro
523 1729 727 1788 adjuvare
759 1728 999 1786 dignemini
1035 1748 1042 1772 :
1075 1728 1244 1771 animus
1276 1728 1390 1770 enim
1424 1737 1651 1787 promptus
1677 1737 1741 1773 est
1762 1728 1816 1773 ad

423 1818 520 1857 voe,
564 1801 640 1845 sed
682 1816 782 1845 caro
829 1799 1016 1842 infirma.
1058 1801 1115 1842 Et
1150 1799 1240 1857 ipse
1285 1800 1453 1843 animus
1471 1835 1481 1853 ‚
1526 1815 1818 1860 quaecumque

425 1872 533 1916 forte
566 1870 722 1929 gaudia
760 1870 813 1913 de
850 1869 1071 1928 Scriptura
1102 1869 1176 1911 Dei
1211 1870 1439 1927 concepit,
1460 1869 1647 1928 parturit
1674 1880 1717 1913 et
1737 1886 1817 1929 pa-

423 1957 514 1985 rere
542 1941 700 2001 quaerit
730 1940 774 1982 in
797 1939 974 1982 auribus
1004 1948 1047 1982 et
1076 1937 1296 1982 mentibus
1331 1939 1481 1982 vestris
1508 1958 1517 1983 z
1543 1948 1744 1998 praestate
1772 1941 1816 1984 in

422 2013 544 2057 vobis
567 2011 723 2055 nidum
745 2010 949 2053 sermoni.
971 2008 1318 2053 Commendatur
1336 2010 1452 2053 enim
1470 2019 1513 2053 et
1535 2010 1578 2053 in
1597 2011 1817 2070 Scriptura

423 2094 566 2128 turtur
586 2118 597 2138 ‚
623 2097 817 2143 quaerere
849 2082 1002 2125 nidum
1025 2081 1106 2124 sibi
1122 2117 1132 2135 ‚
1158 2082 1236 2124 ubi
1256 2090 1391 2140 ponat
1415 2080 1556 2140 pullos
1584 2097 1683 2126 suos
1701 2085 1734 2125 ².
1761 2085 1818 2127 Et

423 2157 503 2199 hoc
527 2153 648 2215 quod
671 2161 885 2211 gestamus
908 2152 952 2195 in
987 2151 1190 2195 manibus
1210 2187 1220 2207 ,
1257 2152 1479 2211 Scriptura
1502 2152 1665 2196 scilicet
1684 2168 1817 2212 quam

423 2225 607 2279 videtis,
651 2222 930 2269 commendat
973 2222 1099 2267 nobis
1136 2223 1443 2283 inquirendam
1474 2232 1516 2266 et
1553 2222 1818 2268 laudandam

428 2298 653 2350 mulierem
679 2294 930 2355 quamdam,
967 2294 1021 2338 de
1044 2311 1130 2354 qua
1152 2294 1284 2354 paulo
1307 2303 1407 2338 ante
1423 2331 1432 2349 ,
1464 2311 1562 2339 cum
1586 2294 1816 2353 legeretur,

427 2368 605 2413 audistis
619 2404 629 2423 ,
652 2382 872 2426 magnam,
898 2366 1133 2411 habentem
1151 2382 1353 2423 magnum
1370 2367 1537 2422 virum,
1559 2382 1658 2411 eum
1678 2368 1820 2413 virum

426 2440 501 2499 qui
520 2438 688 2484 invenit
703 2437 935 2498 perditam,
960 2438 1129 2482 ornavit
1144 2437 1380 2481 inventam.
1400 2440 1460 2481 De
1477 2438 1558 2481 hac
1576 2437 1814 2482 secundum

425 2511 622 2555 lectionis
656 2519 879 2564 tenorem,
906 2524 1037 2569 quam
1071 2524 1139 2552 ine
1171 2517 1343 2567 portare
1371 2509 1640 2568 conspicitis,
1672 2524 1810 2568 pauca

476 2610 574 2638 11,‹1«-‚
590 2619 679 2642 xviiiv
700 2620 707 2638 1
725 2619 750 2648 ι,
772 2617 817 2638 12.
844 2605 1387 2646 —21b1t1{t—-NJirssdnnix-01:
1409 2605 1443 2646 '3:'1
1465 2605 1808 2648 —trsnl.1>‹x·x1n..='4·
