1924 3309
460 245 516 283 80
889 253 922 283 s.
960 253 1190 284 Aucus‘nm
1223 256 1403 284 muscom

459 323 565 364 Deo.
595 319 716 373 «Qui
736 318 859 364 dedit
879 320 1159 380 semetipsum
1182 336 1260 379 pro
1281 321 1467 380 peccatis
1489 321 1662 375 nostris,
1682 329 1731 365 ut
1753 321 1844 365 exi-

462 407 483 430 »
518 398 655 433 meret
689 404 768 435 nos
799 389 855 434 de
891 390 1094 450 praesenti
1123 389 1284 435 saeculo
1307 390 1498 449 maligno
1518 392 1549 434 ¹.
1578 409 1598 432 »
1627 390 1847 435 Saeculum

459 475 646 519 praesens
666 461 908 519 malignum
940 470 1119 521 propter
1149 460 1361 520 malignos
1381 461 1582 506 homines
1598 496 1609 516 ,
1630 462 1708 522 qui
1729 462 1775 506 in
1796 477 1848 506 eo

458 539 560 575 sunt
577 566 588 586 ,
619 530 954 589 intelligendum
977 539 1040 574 est
1062 550 1071 575 ε
1096 531 1208 575 sicut
1230 530 1413 575 dicimus
1437 541 1480 576 et
1504 531 1742 591 malignam
1766 531 1848 577 do-

460 617 584 646 mum
601 637 612 657 ‚
648 611 824 662 propter
843 602 1056 661 malignos
1085 602 1378 646 inhabitantes
1396 603 1441 645 in
1461 617 1524 646 ea.
1550 621 1570 644 «
1598 602 1849 647 Secundum

464 689 484 712 »
520 671 791 716 voluntatem
825 672 902 716 Dei
927 681 970 715 et
1003 672 1139 715 Patris
1173 672 1336 726 nostri,
1362 672 1433 715 cui
1456 681 1519 715 est
1542 672 1676 730 gloria
1700 672 1745 716 in
1767 689 1849 716 sae-

465 760 485 783 »
522 742 621 786 cula
636 743 913 797 saeculorum,
932 744 1072 786 Amen
1089 743 1150 784 ².»
1171 746 1342 795 Quanto
1358 741 1490 800 igitur
1502 742 1638 800 magis
1654 743 1850 787 homines

463 828 553 857 non
586 812 750 857 debent
779 821 1029 871 arroganter
1066 811 1119 856 ad
1152 828 1196 855 se
1217 813 1329 871 ipsos
1351 811 1511 856 referre
1526 847 1537 866 ,
1562 812 1596 856 si
1619 812 1727 873 quid
1747 828 1851 872 ope-

461 891 615 926 rantur
637 883 742 927 boni
756 884 771 908 ³
788 904 798 940 3
817 882 994 942 quando
1014 890 1056 925 et
1072 883 1163 941 ipse
1182 882 1260 925 Dei
1278 882 1414 933 Filius
1433 882 1479 925 in
1493 882 1745 940 Evangelio,
1760 898 1851 944 non

462 952 645 1012 gloriam
668 969 790 997 suam
813 969 857 997 se
880 968 1074 1013 quaerere
1104 952 1212 997 dixit
1227 987 1237 1007 ,
1263 968 1406 1012 neque
1422 953 1695 997 voluntatem
1728 968 1850 998 suam

459 1025 626 1068 venisse
658 1024 802 1068 facere
822 1058 833 1079 ‚
874 1024 950 1068 sed
978 1023 1248 1068 voluntatem
1274 1024 1366 1083 ejus
1402 1025 1478 1083 qui
1513 1039 1614 1067 eum
1650 1023 1766 1068 misit
1794 1025 1807 1049 ⁴
1833 1026 1851 1068 Ρ

460 1095 602 1146 Quam
620 1093 891 1138 voluntatem
912 1093 1179 1153 gloriamque
1204 1093 1339 1137 Patris
1360 1109 1478 1137 nunc
1496 1094 1851 1138 commemoravit

459 1163 694 1222 Apostolus
712 1199 722 1219 ‚
751 1174 801 1208 ut
833 1164 923 1223 ipse
945 1179 1123 1224 quoque
1152 1163 1326 1207 Domini
1349 1163 1567 1223 exemplo⁷
1593 1179 1617 1207 a
1638 1180 1728 1223 quo
1746 1164 1850 1208 mis-

457 1249 530 1277 sus
550 1243 641 1289 est,
666 1250 756 1278 non
777 1250 821 1278 se
859 1250 1055 1294 quaerere
1089 1233 1269 1292 gloriam
1293 1249 1414 1277 suam
1448 1234 1730 1293 significaret,
1769 1250 1850 1278 nec

458 1302 601 1347 lacere
618 1303 887 1348 voluntatem
911 1320 1034 1348 suam
1055 1305 1099 1347 in
1122 1303 1432 1363 praedicatione
1454 1304 1683 1363 Evangelii
1703 1339 1714 1360 ,
1738 1305 1847 1349 sicut

455 1373 588 1432 paulo
610 1382 707 1432 post
738 1373 843 1417 dicit
865 1393 873 1417 ε
904 1392 925 1416 α
953 1374 994 1419 Si
1017 1374 1268 1418 hominibus
1292 1373 1506 1433 placerem
1526 1410 1537 1429 ,
1577 1375 1738 1420 Christi
1758 1390 1848 1420 ser-

458 1462 478 1485 »
514 1459 594 1487 vus
613 1459 703 1488 non
725 1459 860 1488 essem
877 1446 907 1486 ⁵.
937 1462 957 1485 »

514 1517 589 1558 IV.
621 1533 640 1556 «
666 1514 800 1558 Miror
817 1514 939 1574 quod
956 1514 988 1557 si
1008 1523 1098 1558 tam
1121 1514 1207 1558 cito
1224 1514 1562 1570 transferimini,
1588 1515 1642 1559 ab
1666 1530 1718 1560 eo
1735 1550 1745 1570 ,
1770 1515 1847 1576 qui

457 1604 478 1627 »
512 1600 587 1629 vos
607 1586 779 1629 vocavit
801 1586 847 1628 in
871 1585 1051 1644 gloriam
1089 1586 1273 1640 Christi,
1299 1586 1343 1629 in
1380 1585 1499 1627 aliud
1523 1586 1812 1643 Evangelium
1833 1622 1844 1641 ‚

457 1675 476 1698 »
513 1657 632 1715 quod
656 1672 745 1699 non
768 1665 831 1698 est
861 1656 978 1698 aliud
995 1658 1026 1697 ὓ.
1055 1674 1074 1695 »
1100 1656 1385 1711 Evangelium
1408 1655 1522 1698 enim
1547 1656 1580 1699 si
1602 1655 1722 1700 aliud
1745 1665 1839 1711 est,

456 1735 611 1785 praeter
632 1724 677 1768 id
709 1724 829 1783 quod
849 1759 859 1778 ,
892 1724 980 1767 sive
1014 1739 1090 1782 per
1112 1739 1180 1777 sc,
1208 1724 1294 1767 sive
1323 1739 1398 1782 per
1420 1724 1611 1784 aliquem
1635 1726 1846 1770 Dominus

454 1795 575 1840 dedit
596 1816 606 1852 3
632 1796 721 1854 jam
745 1810 824 1838 nec
848 1793 1134 1852 Evangelium
1157 1803 1273 1837 recte
1303 1793 1387 1838 dici
1418 1804 1574 1853 potest.
1607 1795 1844 1855 Vigilanter

454 1874 623 1919 autem,
659 1880 759 1908 cum
783 1863 953 1908 dixisset
970 1899 980 1918 ‚
1008 1883 1027 1905 «
1055 1864 1362 1908 transferimini
1385 1865 1439 1908 ab
1463 1881 1513 1910 eo
1531 1901 1542 1921 ‚
1563 1867 1639 1926 qui
1669 1882 1743 1912 vos
1767 1883 1846 1912 vo-

456 1954 477 1977 »
513 1936 628 1980 cavit
644 1970 654 1988 ‚
679 1953 699 1975 »
721 1935 947 1995 adjunxit,
978 1953 997 1975 «
1024 1934 1067 1977 in
1097 1934 1279 1992 gloriam
1301 1935 1490 1991 Christi,
1521 1954 1540 1976 »
1566 1953 1697 1997 quam
1720 1938 1843 1982 vole-

454 2007 561 2050 bant
586 2005 649 2050 illi
676 2020 885 2049 evacuare
902 2040 912 2060 ‚
936 2005 1058 2065 quasi
1088 2004 1247 2049 frustra
1266 2007 1432 2050 venerit
1453 2008 1651 2052 Christus
1669 2043 1680 2063 ,
1706 2009 1738 2052 si
1750 2010 1842 2069 jam

454 2076 724 2121 circumcisio
756 2076 895 2120 carnis
918 2085 1049 2135 atque
1071 2075 1320 2135 hujusmodi
1352 2092 1481 2135 opera
1514 2079 1638 2137 Legis
1670 2087 1842 2123 tantum

452 2147 686 2202 valebant,
711 2156 762 2191 ut
794 2162 872 2206 per
900 2146 972 2189 illa
1008 2146 1205 2190 homines
1227 2145 1332 2189 salvi
1355 2147 1523 2191 fierent.
1549 2167 1568 2189 «
1596 2149 1683 2192 Nisi
1706 2149 1842 2210 aliqui

455 2235 476 2258 »
512 2227 614 2261 sunt
636 2217 949 2262 conturbantes
970 2231 1045 2259 vos
1061 2250 1072 2269 ,
1097 2225 1140 2259 ct
1162 2214 1355 2259 volentes
1376 2226 1627 2261 convertere
1647 2221 1841 2278 Evange-

455 2307 474 2328 »
509 2287 618 2331 lium
649 2287 824 2332 Christi.
855 2305 875 2327 n
903 2289 999 2331 Non
1023 2285 1395 2345 quemadmodum
1425 2287 1525 2331 istos
1547 2289 1836 2344 conturbant,

451 2359 510 2401 ita
526 2358 655 2401 etiam
678 2365 937 2401 convertunt
961 2355 1249 2414 Evangelium
1273 2357 1454 2412 Christi,
1479 2359 1580 2417 quia
1602 2368 1749 2403 manet
1766 2360 1840 2402 fir-

451 2428 688 2472 missimum
711 2447 720 2472 2
749 2427 823 2471 sed
846 2436 994 2471 tamen
1015 2434 1268 2470 convertere
1286 2425 1470 2482 volunt,
1496 2429 1572 2487 qui
1589 2428 1644 2472 ab
1666 2429 1838 2488 spirita-

500 2532 508 2546 ¹
530 2525 632 2557 Galat.
654 2536 677 2565 1,
696 2523 729 2566 4
752 2540 792 2546 -
807 2523 922 2556 ²1bid.
939 2523 971 2557 5.
991 2540 1032 2546 —-
1052 2521 1065 2546 3
1083 2525 1176 2555 Joan.
1191 2533 1260 2564 vni,
1280 2523 1332 2556 50.
1350 2540 1391 2545 -
1411 2522 1425 2553 4
1446 2524 1491 2557 ld.
1510 2534 1552 2564 Vt,
1572 2523 1621 2555 13.
1638 2541 1678 2547 ν-
1700 2524 1714 2548 5
1731 2525 1835 2559 Galat.

450 2592 473 2623 ι,
502 2593 554 2615 10.
574 2597 614 2605 —-
633 2579 749 2613 61bid.
766 2580 801 2622 6,
821 2590 851 2622 7.
