1867 3320
386 274 525 304 snnMo
557 277 617 305 lv.
653 277 707 303 m:
738 272 860 303 neon
893 276 945 303 ET
975 273 1096 306 Esau,
1350 269 1428 307 181

58 341 315 403 cogitant:si
331 340 676 396 fornicabantur,
698 342 733 386 si
755 340 1099 394 inebriabantur,
1123 355 1173 384 ea
1192 341 1282 399 ipsa
1299 342 1438 388 nihilo

60 413 200 459 minus
221 412 404 457 faciunt.
419 414 533 457 Ecce
546 412 663 456 Esaii
680 421 807 456 natus
827 410 1003 471 pilosus.
1017 408 1134 464 Quid
1154 410 1258 455 facit
1277 413 1439 457 Jacob?

58 485 222 531 Dicitur
242 485 281 528 ei
299 499 322 528 a
338 492 498 539 matre,
524 483 646 528 Vade
661 518 672 540 ,
698 482 927 528 benedicat
947 491 990 527 te
1014 490 1136 541 pater
1153 490 1270 526 tuus.
1295 485 1353 526 Et
1369 482 1439 527 di-

59 554 132 610 cit,
152 553 315 610 Timeo,
331 569 421 599 non
442 552 661 599 accedam.
689 555 800 599 Sunt
815 553 931 597 enim
947 552 1145 597 homines
1162 552 1208 596 in
1229 550 1437 608 Ecclesia,

5 661 7 682 ,
57 624 133 686 qui
148 624 305 670 timent
319 625 488 670 misceri
508 624 830 684 peccatoribus,
855 638 910 668 ne
930 623 1054 684 quasi
1077 638 1154 683 per
1173 623 1441 668 consortium

57 705 338 757 peccatorum
356 699 402 741 in
415 696 583 741 unitate
598 695 888 752 maculentur,
899 704 943 741 et
959 710 1037 756 per
1051 695 1235 740 haereses
1250 703 1294 739 et
1314 694 1443 739 schis-

58 776 173 812 mata
190 775 369 826 pereant
387 768 417 810 ¹.
873 814 880 819 ,

115 839 212 881 XV.
238 836 352 890 Quid
373 852 476 896 ergo
499 835 662 881 dicitur
678 836 781 880 huic
802 835 940 895 piloso
957 836 1071 880 Esaii
1087 871 1098 891 ,
1123 836 1198 895 qui
1217 850 1307 880 non
1330 835 1444 878 bene

57 917 336 953 conversatus
363 917 426 952 est
454 908 499 951 in
534 907 698 952 domo?
728 910 838 953 Nam
869 916 912 951 et
941 908 1024 952 hoc
1059 908 1114 952 de
1142 906 1225 950 illis
1247 906 1406 950 dicitur
1431 925 1440 950 ε

62 997 82 1021 «
116 981 221 1022 Erat
239 977 314 1022 ille
336 978 512 1037 agrestis
533 987 712 1022 venator
728 1013 738 1032 ,
775 978 912 1022 Jacob
931 986 1076 1022 autem
1100 977 1190 1021 sine
1213 976 1315 1022 dolo
1338 992 1446 1021 con-

61 1066 82 1090 »
114 1047 364 1093 versabatur
400 1048 446 1091 in
477 1046 608 1092 domo
622 1052 653 1091 2.
679 1047 916 1108 »Ideoque
952 1063 1052 1092 eum
1086 1047 1258 1092 amabat
1280 1056 1441 1102 mater,

57 1120 178 1179 cujus
201 1118 571 1162 conversationem
603 1118 777 1164 dulcem
807 1119 1034 1163 sentiebat.
1061 1122 1157 1178 Ipse
1179 1127 1241 1162 est
1276 1119 1413 1163 Jacob
1430 1153 1441 1173 ‚

57 1190 132 1251 qui
153 1198 299 1248 postea
320 1188 559 1248 appellatus
577 1199 641 1233 est
658 1189 812 1245 Israel,
843 1205 944 1235 cum
965 1190 1205 1234 luctaretur
1226 1204 1327 1234 cum
1348 1191 1443 1232 An-

58 1259 154 1320 gelo
178 1278 186 1304 z
212 1269 255 1303 et
274 1260 358 1303 hoc
386 1260 430 1302 in
466 1274 622 1317 magno
643 1261 866 1317 mysterio.
892 1260 1151 1304 Benedictus
1166 1294 1176 1313 ,
1200 1258 1445 1319 appellatus

56 1339 120 1375 est
143 1329 272 1374 Israel
290 1331 304 1355 ³
326 1349 334 1374 :
359 1330 546 1391 ideoque
570 1331 671 1390 quia
695 1331 786 1374 sine
808 1329 910 1374 dolo
945 1339 1050 1373 erat.
1079 1329 1299 1374 Intendite
1315 1365 1326 1385 ,
1351 1328 1445 1374 fra-

58 1410 142 1445 tres
165 1401 275 1456 mei,
315 1409 358 1445 et
378 1400 523 1445 videte
545 1416 675 1460 quam
699 1401 790 1444 sine
821 1399 923 1444 dolo
957 1399 1104 1444 fuerit.
1129 1400 1445 1445 Nathana'elem

55 1471 263 1516 Dominus
293 1471 470 1531 quando
501 1470 632 1525 vidit,
665 1471 768 1530 quia
800 1478 981 1515 noverat
1014 1469 1154 1530 qualis
1182 1480 1319 1525 esset,
1343 1471 1403 1515 ait
1432 1490 1441 1515 z

59 1559 80 1583 α
113 1543 226 1584 Ecce
253 1556 353 1583 vere
383 1539 600 1596 Israelita,
635 1540 681 1584 in
704 1556 793 1601 quo
822 1540 948 1585 dolus
971 1555 1061 1585 non
1082 1542 1189 1585 est⁴.
1220 1560 1239 1581 »
1268 1541 1310 1585 Si
1340 1556 1444 1599 ergo

54 1610 153 1654 ideo
169 1609 247 1653 iste
270 1607 476 1662 Israelita,
494 1610 595 1668 quia
619 1626 708 1655 non
726 1620 789 1655 est
807 1612 850 1654 in
873 1627 924 1655 eo
942 1610 1068 1655 dolus
1089 1628 1100 1661 ;
1126 1611 1171 1654 in
1195 1612 1288 1670 ipso
1311 1610 1445 1655 Israe'l

55 1679 208 1738 utique
230 1695 318 1723 non
333 1687 424 1722 erat
440 1677 580 1721 dolus.
609 1678 728 1730 Quid
745 1681 826 1722 sibi
848 1693 949 1735 ergo
970 1681 1065 1722 vult
1082 1713 1092 1733 ,
1113 1682 1234 1738 quod
1257 1682 1440 1725 dicitur:

58 1769 80 1793 «
97 1750 226 1794 Venit
242 1748 374 1793 frater
394 1757 495 1792 tuus
514 1763 614 1792 cum
631 1748 750 1802 dolo,
767 1758 810 1792 et
828 1747 1009 1792 abstulit
1025 1748 1403 1795 benedictionem?
1422 1770 1441 1792 »

57 1820 157 1866 Sine
175 1818 278 1864 dolo
299 1834 399 1862 eum
417 1818 696 1862 commendat
719 1819 938 1878 Scriptura
957 1829 1286 1864 conversantem
1302 1822 1346 1865 in
1365 1822 1446 1865 do-

56 1906 149 1936 mo:
165 1890 374 1934 Dominus
396 1890 524 1933 etiam
548 1889 747 1948 perhibet
768 1890 1080 1946 testimonium,
1107 1891 1209 1950 quia
1230 1894 1322 1936 sine
1340 1893 1443 1937 dolo

55 1971 147 2006 erat
166 1997 177 2017 ‚
198 1976 299 2006 curn
323 1960 428 2005 dicit
451 1959 505 2003 de
524 1959 790 2004 Nathana'e'le
815 1979 823 2004 :
855 1979 873 2001 «
898 1963 1007 2004 Ecce
1032 1976 1131 2004 vere
1154 1963 1345 2007 Israelita
1361 2000 1370 2017 ,
1401 1967 1442 2008 in

58 2050 79 2074 »
115 2047 203 2092 quo
223 2030 349 2076 dolus
369 2046 457 2075 non
482 2039 560 2074 est.
581 2048 602 2071 »
627 2029 744 2083 Quid
766 2030 847 2074 sibi
865 2046 967 2089 ergo
990 2030 1100 2083 vult,
1119 2047 1218 2076 cum
1245 2033 1405 2077 dicitur
1431 2054 1439 2079 ε

59 2122 81 2145 ιι
114 2102 302 2147 Accessit
323 2117 422 2146 eum
444 2100 546 2145 dolo
562 2136 573 2155 ,
598 2109 641 2145 et
663 2100 843 2146 abstulit
864 2100 1211 2146 benedictionem
1229 2105 1246 2146 Ξ)
1272 2122 1291 2144 »

131 2175 253 2218 XVI.
287 2173 418 2217 Dolus
444 2171 616 2216 interim
652 2170 761 2232 quid
792 2172 1033 2231 significet,
1071 2173 1344 2219 attendamus
1367 2196 1377 2228 3
1402 2185 1445 2220 et

57 2243 279 2290 videamus
300 2241 407 2304 quid
426 2242 583 2286 debeat
606 2242 747 2287 faeere
764 2243 915 2287 Jacob.
930 2246 1077 2287 Portat
1095 2243 1231 2288 aliena
1253 2254 1441 2304 peecata,

58 2323 102 2360 et
122 2323 265 2375 portat
295 2329 395 2358 eum
431 2313 659 2358 tolerantia
676 2349 686 2368 ,
708 2314 906 2374 quamvis
931 2313 1067 2357 aliena
1090 2334 1097 2358 :
1135 2316 1215 2359 hoe
1240 2325 1302 2358 est
1327 2316 1444 2359 enim

59 2386 217 2430 habere
249 2385 383 2445 pelles
415 2384 635 2429 haedinas:
662 2386 707 2429 id
741 2394 825 2439 est,
860 2386 1072 2444 patienter
1107 2386 1245 2430 aliena
1270 2396 1412 2446 portat
1433 2423 1443 2438 ,

60 2470 147 2500 non
170 2457 304 2500 haeret
325 2455 425 2499 suis.
453 2455 520 2499 Sic
543 2470 692 2499 omnes
713 2457 788 2515 qui
815 2470 890 2514 pro
917 2455 1078 2499 unitate
1106 2456 1308 2500 Ecclesiae
1338 2456 1447 2499 tole-

62 2535 156 2571 rant
173 2526 309 2570 aliena
336 2535 509 2586 peecata
530 2562 540 2580 ,
567 2526 704 2570 Jacob
728 2527 966 2570 imitantur.
991 2527 1101 2579 Quia
1125 2538 1165 2571 et
1194 2529 1282 2587 ipse
1311 2528 1445 2571 Jacob

110 2615 119 2632 ¹
139 2610 238 2641 Forte
255 2615 399 2650 {ww-unt.
426 2627 462 2631 -—
486 2616 495 2630 ‘¹
517 2613 594 2640 (ἐι-ιι,
616 2621 687 2649 xxv,
706 2618 761 2650 ¹27.
786 2609 920 2641 -<'¹1‹1.
943 2621 1038 2649 xuni,
1054 2612 1105 2642 ’.εει4
1133 2630 1170 2633 ——
1193 2611 1206 2639 s·
1221 2614 1311 2643 1⁰:1¹1.
1342 2623 1363 2647 ι,
1388 2612 1425 2651 ῤ’·
