1924 3309
496 284 577 321 196
928 292 961 321 s.
997 290 1228 321 Aucus‘rnu
1261 291 1443 320 Emscom

490 377 510 400 »
545 360 600 404 tri
624 367 699 404 tuo
717 358 888 403 servies.
919 376 939 400 »
969 358 1052 403 Sed
1075 372 1129 401 ne
1161 357 1216 400 de
1241 365 1284 400 te
1306 355 1508 415 desperes
1525 389 1537 412 ‚
1562 356 1664 416 quia
1686 365 1809 417 potes
1832 366 1875 402 te

486 429 714 488 corrigere.
741 448 761 472 «
786 429 881 474 Erit
912 437 1055 473 autem
1077 462 1087 482 ,
1121 441 1222 471 cum
1253 425 1507 486 deposueris
1531 436 1575 472 et
1599 426 1774 473 solveris
1799 429 1875 488 ju-

490 519 510 541 »
546 514 648 558 gum
672 499 727 544 de
757 499 872 544 collo
905 508 993 543 tuo.
1020 516 1040 538 »
1067 500 1179 541 Ecce
1202 496 1257 541 ab
1279 497 1482 542 ubertate
1508 506 1636 542 terrae
1664 506 1708 543 et
1732 514 1757 542 a
1779 513 1875 543 rore

485 570 584 615 coeli
607 571 815 630 accipiet,
840 569 915 615 sed
936 572 1052 613 Isaac
1073 567 1299 626 sugillatus
1322 568 1494 628 projicit
1513 568 1578 612 illi
1601 568 1874 615 benedictio-

485 657 586 686 nem
604 677 615 698 ,
640 657 729 687 non
751 641 839 685 dat.
867 643 1023 686 Nonne
1045 640 1093 683 fit
1115 640 1248 684 modo
1271 639 1316 683 in
1338 639 1531 684 Ecclesia
1548 639 1672 685 malis
1692 641 1877 685 homini-

485 713 588 768 bus,
613 714 690 774 qui
712 712 868 757 volunt
895 710 1150 771 perturbare
1182 710 1421 755 Ecclesiam
1438 747 1449 766 ,
1475 720 1525 756 ut
1555 710 1798 756 tolerentur
1820 711 1876 757 ad
1910 766 1912 772 Ι

484 785 783 830 necessitatem
801 783 934 842 ipsius
957 783 1099 841 pacis,
1125 792 1176 826 ut
1193 781 1503 838 admittantur,
1526 791 1577 827 ut
1592 783 1786 828 habeant
1804 799 1874 828 sa-
1909 815 1912 837 ,

483 864 704 900 cramenta
721 855 1003 900 communia?
1027 856 1083 898 Et
1105 853 1341 914 aliquando
1358 854 1494 898 scitur
1510 854 1613 915 quia
1633 853 1736 898 mali
1752 863 1871 910 sunt,
1908 861 1911 904 i

482 935 525 970 et
557 926 757 971 convinci
785 924 897 970 forte
931 940 1019 970 non
1054 933 1235 984 possunt
1258 933 1308 969 ut
1337 925 1628 969 emendentur
1655 934 1699 969 et
1719 924 1875 984 degra-
1906 914 1910 998 J

482 997 668 1053 dentur,
695 1006 745 1041 ut
766 995 1079 1050 excludantur,
1105 1005 1154 1039 ut
1174 997 1635 1051 excommunicentur,
1665 1011 1756 1040 non
1772 1011 1875 1055 pos·
1905 1000 1909 1069 ff

483 1077 585 1112 sunt
602 1067 816 1112 convinci.
845 1068 886 1112 Si
909 1066 1113 1111 institerit
1136 1065 1292 1127 aliquis
1308 1102 1319 1122 ,
1346 1066 1583 1127 aliquando
1609 1066 1698 1110 itur
1718 1066 1764 1110 in
1786 1065 1875 1111 dis·
1904 1076 1908 1133 Ι·

480 1138 703 1197 ruptiones
719 1137 938 1182 Ecclesiae.
959 1137 1140 1195 Cogitur
1156 1137 1422 1196 gubernator
1438 1135 1646 1181 Ecclesiae
1661 1146 1875 1197 tanquam
1903 1154 1908 1199 f

480 1208 623 1252 dicere
639 1244 649 1263 ,
674 1211 786 1253 Ecce
810 1208 863 1252 ab
886 1208 1083 1252 ubertate
1106 1217 1232 1252 terrae
1255 1208 1335 1252 erit
1358 1208 1440 1251 tibi
1461 1243 1472 1262 ,
1502 1217 1546 1252 et
1567 1223 1591 1251 a
1615 1221 1711 1252 rore
1733 1206 1834 1251 coeli
1862 1227 1870 1251 :
1903 1206 1906 1263 ξ

479 1289 600 1323 utere
615 1281 913 1334 sacramentis,
940 1280 1018 1323 tibi
1042 1280 1279 1324 manducas
1297 1279 1515 1340 judicium
1531 1314 1542 1335 ,
1568 1278 1649 1323 tibi
1671 1279 1785 1323 bibis
1802 1280 1876 1339 ju·
1901 1266 1905 1327 ἶ

482 1349 642 1394 dicium
661 1370 670 1395 ι
692 1370 711 1392 «
730 1350 815 1403 Qui
837 1350 953 1394 enim
976 1351 1211 1394 manducat
1229 1359 1273 1394 et
1298 1351 1411 1394 bibit
1433 1350 1640 1410 indigne,
1659 1349 1876 1410 judicium
1900 1329 1903 1404 i

483 1440 503 1463 »
540 1421 622 1464 sibi
646 1420 883 1465 manducat
904 1430 947 1464 et
969 1422 1080 1465 bibit
1100 1424 1129 1465 ¹.
1149 1441 1167 1462 »
1196 1423 1317 1467 Nosti
1341 1422 1442 1482 quia
1465 1421 1705 1466 admitteris
1726 1437 1778 1465 ex
1794 1436 1874 1465 ne·
1898 1417 1902 1503 ἑ

483 1493 680 1537 cessitate
702 1493 817 1552 pacis
837 1492 1041 1537 Ecclesiae
1060 1528 1071 1548 ,
1103 1509 1190 1538 non
1215 1494 1348 1538 habes
1370 1494 1413 1537 in
1439 1494 1571 1539 corde
1592 1493 1675 1538 nisi
1697 1502 1874 1553 pertur-
1898 1504 1901 1541 ἢ

481 1563 678 1608 bationes
709 1574 751 1608 et
781 1564 1028 1608 divisiones.
1058 1564 1163 1608 Ideo
1186 1566 1229 1608 in
1257 1565 1401 1624 gladio
1429 1574 1507 1608 tuo
1529 1564 1646 1607 vives
1673 1583 1681 1607 :
1709 1579 1810 1607 nam
1830 1563 1900 1619 in?

481 1649 532 1678 eo
565 1634 686 1692 quod
712 1635 869 1693 accipis
899 1651 921 1678 a
954 1649 1050 1679 rore
1071 1635 1171 1678 coeli
1190 1669 1200 1688 ,
1228 1644 1272 1678 et
1294 1635 1348 1678 ab
1371 1634 1570 1678 ubertate
1596 1643 1721 1678 terrae
1739 1669 1750 1689 ,
1783 1649 1873 1678 non
1896 1620 1899 1690 l

480 1705 541 1749 ibi
560 1705 674 1749 vives
698 1724 705 1748 ;
736 1719 826 1749 non
857 1704 971 1747 enim
994 1705 1078 1748 hoc
1111 1714 1154 1748 te
1188 1703 1405 1760 delectat,
1433 1714 1508 1749 aut
1537 1705 1679 1750 suavis
1711 1713 1775 1749 est
1795 1696 1898 1758 tibi?

482 1776 707 1820 Dominus.
738 1776 780 1820 Si
809 1775 925 1818 enim
948 1775 1030 1818 hoc
1052 1783 1095 1818 te
1126 1774 1388 1828 delectaret,
1415 1785 1458 1820 et
1492 1777 1633 1821 suavis
1663 1776 1744 1820 tibi
1766 1765 1897 1820 essetl

481 1847 718 1900 Dominus,
756 1845 982 1890 imitareris
1023 1845 1317 1890 humilitatem
1350 1847 1553 1901 Domini,
1592 1862 1683 1891 non
1716 1831 1896 1907 super-«f

480 1919 597 1962 biam
621 1917 799 1962 diaboli.
824 1920 839 1975 (
853 1917 1061 1970 Quamvis
1082 1932 1183 1975 ergo
1207 1918 1388 1977 accipiat
1410 1918 1669 1975 mysterium
1694 1900 1894 1989 humili-3¹

479 1989 575 2033 tatis
599 1988 771 2033 Domini
791 2004 812 2031 a
834 2003 929 2032 rore
953 1987 1054 2032 coeli
1076 1997 1117 2031 et
1140 1988 1194 2031 ab
1216 1989 1416 2032 ubertate
1439 1998 1565 2033 terrae
1582 2024 1592 2044 ,
1616 2004 1706 2033 non
1724 1994 1893 2039 tamen?

476 2059 657 2118 deponit
678 2058 925 2117 superbiam
946 2057 1109 2101 diaboli
1128 2093 1138 2113 ,
1164 2058 1235 2102 cui
1260 2058 1369 2102 nihil
1392 2057 1548 2103 faciam
1565 2094 1576 2114 ,
1597 2059 1675 2119 qui
1696 2074 1870 2119 semper
1888 2041 1892 2124 ἔ

477 2130 814 2175 dissensionibus
837 2137 880 2173 et
904 2128 1189 2173 seditionibus
1229 2131 1440 2188 gaudet.)
1469 2130 1673 2183 Quamvis
1701 2131 1755 2175 sit
1790 2130 1890 2174 tibi:

480 2202 557 2246 ista
589 2200 841 2246 communio
873 2217 894 2243 a
919 2215 1014 2243 rore
1047 2199 1148 2243 coeli
1171 2210 1214 2243 et
1236 2201 1290 2244 ab
1321 2198 1520 2246 uber'tate
1544 2211 1699 2260 terrae3
1723 2173 1889 2246 tamen¹

478 2273 523 2317 in
543 2272 686 2331 gladio
709 2282 784 2317 tuo
802 2272 924 2325 vivis,
943 2270 1227 2314 seditionibus
1250 2280 1292 2314 et
1312 2271 1652 2317 dissensionibus
1674 2281 1750 2316 aut
1769 2287 1887 2331 gau-1

479 2342 553 2386 des
571 2352 644 2385 aut
666 2342 850 2386 terreris.
878 2344 1002 2385 Muta
1021 2356 1122 2398 ergo
1146 2350 1186 2384 tc
1203 2376 1213 2395 ,
1235 2350 1278 2385 et
1296 2341 1399 2385 tolle
1417 2344 1573 2402 jugum
1593 2359 1615 2387 a
1634 2341 1747 2387 collo
1772 2351 1861 2386 tuo.
1883 2324 1887 2388 3¹

535 2415 737 2456 XXXVI.
769 2416 870 2457 Haec
894 2413 1014 2457 vobis
1030 2448 1040 2466 ,
1066 2411 1216 2455 hatra-s
1238 2447 1247 2466 ,
1276 2428 1352 2471 pro
1381 2414 1683 2472 magnitudine
1704 2411 1885 2474 myste-4¹

482 2484 640 2527 riorum
665 2482 775 2526 forte
806 2499 967 2542 pauca,
992 2498 1071 2542 pro
1111 2491 1304 2541 tempore
1340 2493 1484 2528 tamen
1507 2494 1551 2528 et
1588 2499 1665 2544 pro
1702 2482 1884 2543 viribus*¹

483 2555 636 2598 nostris
664 2563 706 2597 et
734 2569 810 2613 pro
839 2554 987 2598 vestris
1016 2552 1152 2596 multa
1175 2552 1289 2598 dicta
1312 2563 1413 2597 sunt
1445 2574 1454 2599 ι
1484 2564 1527 2599 et
1558 2555 1591 2599 si
1620 2553 1731 2599 forte
1753 2553 1882 2599 enti-3

1916 0 1924 232 f

1914 336 1918 453 ι

1878 2606 1881 2623 Ι

533 2644 540 2660 ¹
573 2649 584 2669 ι
612 2640 683 2670 Cor.
704 2649 747 2679 xi,
771 2647 824 2680 99,
1877 2646 1880 2692 'l

1876 2699 1879 2716 Ι
