1867 3320
341 278 546 306 EPISTOLAE
577 274 633 305 AD
664 274 851 306 GALATAs
882 275 1117 305 EXPOSITIO.
1373 269 1429 309 79

47 357 194 403 parem
225 357 270 386 se
289 343 442 386 haberi
472 357 562 387 non
591 350 793 402 oportere
817 360 827 387 ε
853 340 1212 402 quandoquidem
1250 358 1340 387 non
1373 344 1428 388 ab

47 413 320 468 hominibus,
356 428 499 473 neque
526 428 604 473 per
636 413 857 457 hominem
873 447 884 467 ,
915 412 990 456 sed
1012 427 1090 471 per
1115 413 1261 455 Jesum
1284 414 1432 458 Chris-

48 492 141 528 tum
167 491 210 526 et
232 485 370 527 Deum
393 486 562 527 Patrem
586 498 630 527 se
652 481 909 541 Apostolum
930 482 1116 526 noverit.
1141 481 1319 541 Singula
1349 483 1432 540 igi-

48 562 118 597 tur
152 552 208 596 ab
241 553 334 612 ipso
366 553 559 613 epistolae
585 552 834 608 vestibulo,
859 552 1139 612 permittente
1170 552 1352 596 Domino
1390 561 1434 596 et

47 622 279 683 adjuvante
314 623 510 668 studium
541 633 767 678 nostrum,
803 622 863 667 sic
894 622 1208 668 consideranda
1241 631 1285 666 et
1317 631 1432 667 trac—

47 693 178 738 tanda
199 695 480 753 suscepimus.

125 766 181 808 Π.
212 783 232 806 «
266 765 424 809 Paulus
455 764 675 824 apostolus
702 779 791 808 non
813 763 868 807 ab
891 763 1162 818 hominibus,
1192 778 1336 823 neque
1357 779 1434 823 per

37 851 70 875 ··»
104 834 324 879 hominem
344 870 354 890 ,
380 836 454 879 sed
475 850 551 894 per
573 837 721 878 Jesum
743 834 963 878 Christum
978 869 989 889 ,
1014 843 1058 878 et
1084 837 1223 877 Deum
1243 837 1430 890 Patrem,

49 921 70 945 »
104 905 180 964 qui
196 905 415 949 suscitavit
440 904 564 948 illum
583 921 606 948 a
628 905 833 958 mortuis,
860 913 903 948 et
925 904 1001 964 qui
1021 919 1190 948 mecum
1211 914 1312 948 sunt
1335 920 1433 949 om-

49 991 68 1015 »
103 973 371 1030 nesfratres,
397 974 584 1019 ecclesiis
607 974 788 1019 Galatiae
806 976 868 1016 1.»
884 974 970 1027 Qui
988 974 1043 1017 ab
1060 975 1311 1018 hominibus
1335 975 1435 1018 mit-

45 1044 173 1098 titur,
194 1045 381 1089 mendax
404 1054 467 1089 est
490 1064 498 1090 z
524 1045 600 1105 qui
623 1061 699 1104 per
716 1044 939 1088 hominem
964 1045 1167 1099 mittitur,
1187 1054 1326 1103 potest
1346 1059 1434 1089 esse

45 1130 198 1166 veraX,
223 1115 323 1175 quia
347 1125 390 1159 et
412 1119 524 1160 Deus
546 1132 674 1161 verax
707 1125 850 1176 potest
871 1131 948 1175 per
971 1116 1195 1160 hominem
1226 1116 1397 1160 mittere
1421 1135 1431 1161 ε

44 1185 120 1246 qui
141 1200 243 1244 ergo
264 1202 408 1246 neque
431 1187 486 1231 ab
507 1187 758 1231 hominibus
776 1222 786 1241 ,
815 1202 959 1246 neque
989 1202 1064 1245 per
1086 1187 1305 1230 hominem
1323 1222 1333 1241 ,
1359 1185 1435 1230 sed

45 1252 121 1316 per
146 1259 284 1300 Deum
308 1257 522 1316 mittitur,
548 1259 602 1301 ab
631 1258 705 1302 illo
732 1273 863 1301 verax
886 1267 977 1312 est,
1003 1258 1079 1316 qui
1104 1258 1233 1301 etiam
1258 1273 1333 1317 per
1351 1259 1434 1301 ho-

45 1327 182 1370 mines
205 1327 352 1372 missos
374 1343 545 1372 veraces
564 1326 681 1372 facit.
711 1329 878 1372 Priores
900 1343 1003 1386 ergo
1024 1327 1221 1386 Apostoli
1244 1343 1432 1383 veraces,

44 1396 120 1458 qui
143 1413 231 1442 non
254 1398 310 1441 ab
329 1399 594 1450 hominibus,
609 1399 683 1442 sed
699 1414 720 1442 a
741 1401 831 1444 Deo
846 1413 924 1456 per
938 1398 1159 1441 hominem
1180 1397 1294 1441 missi
1314 1408 1432 1453 sunt,

45 1483 122 1528 per
140 1471 285 1512 Jesum
299 1469 518 1514 Christum
536 1468 699 1513 scilicet
719 1470 864 1512 adhuc
889 1468 1133 1512 mortalem.
1151 1471 1289 1512 Verax
1307 1469 1436 1512 etiam

44 1539 301 1584 novissimus
328 1539 562 1600 Apostolus
580 1575 590 1595 ,
626 1539 702 1599 qui
742 1555 819 1598 per
855 1542 1002 1584 Jcsum
1038 1539 1260 1584 Christum
1295 1549 1436 1583 totum

0 1633 1 1657 i
40 1610 129 1669 jam
153 1611 289 1652 Deum
311 1620 409 1668 post
443 1611 802 1654 resurrectionem
838 1611 928 1669 ejus
961 1611 1113 1654 missus
1139 1614 1241 1654 est‘2.
1269 1610 1436 1654 Priores

46 1687 148 1723 sunt
169 1679 312 1722 caeteri
339 1677 533 1737 Apostoli
558 1694 634 1737 per
655 1678 876 1722 Christum
902 1680 1046 1723 adhuc
1079 1695 1128 1722 ex
1157 1681 1437 1738 partehomi-

47 1764 165 1801 nem,
184 1748 227 1793 id
252 1757 336 1803 est,
358 1749 585 1793 mortalem
608 1767 616 1793 :
643 1748 902 1792 novissimus
926 1758 988 1793 est
1014 1752 1174 1793 Paulus
1197 1749 1434 1809 apostolus,

47 1834 125 1879 per
144 1820 363 1864 Christum
381 1820 467 1879 jam
493 1828 634 1862 totum
653 1821 808 1872 Deum,
834 1818 878 1861 id
902 1829 980 1871 est,
1002 1819 1119 1863 omni
1144 1835 1193 1863 ex
1217 1831 1338 1879 parte
1354 1820 1437 1864 im-

48 1889 288 1935 mortalem.
326 1891 387 1934 Sit
414 1905 516 1948 ergo
538 1889 767 1932 testimonii
793 1890 883 1947 ejus
904 1888 1083 1949 aequalis
1106 1891 1366 1945 auctoritas,
1394 1891 1437 1935 in

48 1962 171 2020 cujus
193 1961 401 2022 honorem
438 1959 588 2018 implet
609 1958 862 2002 clarificatio
889 1959 1088 2011 Domini,
1114 1959 1145 2002 si
1171 1961 1277 2019 quid
1302 1962 1437 2004 habe-

50 2031 125 2076 bat
147 2030 255 2075 ordo
279 2031 482 2090 temporis
506 2031 662 2073 minus.
696 2028 800 2073 Ideo
824 2030 939 2073 enim
963 2045 1061 2073 cum
1093 2029 1263 2075 dixisset
1289 2051 1296 2075 :
1336 2051 1354 2073 «
1382 2034 1439 2077 Et

54 2094 81 2144 »¹
110 2105 247 2146 Deum
271 2105 438 2146 Patrem
458 2137 468 2155 ,
499 2119 517 2142 η
544 2100 730 2154 addidit,
753 2119 773 2141 «
799 2100 873 2160 qui
898 2101 1119 2144 suscitavit
1138 2100 1260 2144 illum
1287 2118 1307 2145 a
1327 2118 1436 2146 mor-

55 2190 75 2215 »
108 2173 194 2218 tuis
216 2192 224 2218 :
251 2190 270 2214 i)
298 2182 346 2216 ut
367 2173 495 2215 etiam
519 2187 568 2215 ex
587 2171 671 2214 hoc
696 2171 825 2214 modo
850 2171 1037 2215 breviter
1050 2172 1138 2230 jam
1157 2187 1179 2215 a
1203 2171 1436 2217 clarificato

51 2244 225 2288 missum
244 2259 288 2287 se
305 2258 392 2286 esse
410 2250 784 2286 commemoraret.

108 2317 190 2359 ΙΙΙ.
221 2333 240 2357 «
265 2313 410 2358 Gratia
431 2313 553 2357 vobis
576 2322 618 2356 et
641 2328 721 2372 pax
745 2328 767 2356 a
792 2316 880 2356 vDeo
907 2315 1031 2355 Patre
1053 2322 1095 2356 et
1124 2313 1309 2356 Domino
1333 2316 1437 2358 Jesu

54 2401 75 2427 »
108 2386 280 2431 Christo
296 2387 326 2429 ⁸.
349 2403 367 2425 n
387 2384 531 2428 Gratia
557 2383 630 2427 Dei
654 2392 732 2438 est,
749 2398 835 2443 qua
859 2383 982 2426 nobis
999 2381 1219 2427 donantur
1242 2393 1433 2443 peecata,

0 2493 2 2520 ἱ
52 2465 103 2502 ut
135 2456 466 2503 reconciliemur
500 2459 587 2500 Deo
607 2455 621 2481 ⁴
642 2476 652 2513 3
676 2471 755 2515 pax
788 2464 931 2499 autem
948 2490 960 2509 ,
998 2471 1083 2514 qua
1106 2455 1436 2500 reconciliamur

101 2560 110 2578 ¹
133 2555 236 2589 Galat.
257 2566 280 2598 ι,
301 2568 329 2598 ι,
348 2563 426 2590 2.—·
447 2561 460 2578 ²
484 2565 496 2587 1
518 2556 664 2588 Βοὴ-αεὶ.
684 2564 772 2596 xxiv,
793 2565 822 2586 n.
852 2564 928 2586 1.--
944 2550 956 2575 ³
975 2551 1076 2589 Galat,
1093 2564 1115 2595 i,
1136 2553 1166 2587 3,
1182 2552 1246 2583 —4
1262 2564 1274 2587 ι
1288 2555 1433 2586 Reti-act.

0 2616 2 2632 ¹
52 2619 138 2654 mv,
156 2621 188 2646 n.
210 2620 241 2645 2.
