1867 3320
319 309 457 337 smfflo
489 308 569 337 xxx
588 327 599 348 ,
633 311 688 338 DE
719 311 865 340 vnms
895 310 1048 343 rsum
1078 318 1226 348 cxvm.
1369 313 1452 355 423

81 389 165 420 neo
195 374 496 443 invocantem,
520 375 730 421 convinco
766 376 1034 422 laborantem
1059 398 1068 424 :
1093 381 1220 427 simul
1251 401 1351 445 ergo
1378 406 1455 435 au-

81 444 250 490 diamus
274 443 514 488 dicentem:
540 445 732 490 «Venite
753 447 809 490 ad
822 462 893 492 me
905 463 1054 492 omnes
1072 453 1147 510 qui
1163 452 1364 502 laboratis
1379 463 1410 503 ¹.
1428 480 1448 502 »

80 513 320 559 Audiamus
347 522 391 558 et
411 514 649 559 veniamuS.
682 516 799 569 Quid
824 526 909 572 est,
943 520 1206 566 Veniamus?
1230 526 1454 575 Credendo

79 585 354 645 proficiamus
370 619 381 638 ‚
417 584 572 642 gratias
609 585 779 643 agendo
821 587 1074 633 accedamus
1091 624 1102 645 ‚
1145 599 1455 650 perseverando

80 656 398 717 perveniamus.
425 656 660 700 Veniamus
676 656 732 700 ad
752 671 854 701 eum
881 659 957 718 qui
978 659 1103 716 dicit,
1128 663 1282 707 Venite
1311 667 1365 710 ad
1390 683 1459 713 me

81 741 230 772 omnes
253 727 330 786 qui
353 724 575 770 laboratis.
603 729 661 771 Et
683 736 732 770 tu
753 726 945 784 laboras,
966 738 1009 774 et
1027 745 1107 790 ego
1127 729 1279 777 laboro
1304 754 1314 779 z
1337 735 1461 782 illum

81 797 308 842 audiamus
323 831 334 851 ‚
359 796 415 840 ad
429 795 555 840 illum
577 797 800 842 veniamus
812 833 823 854 ‚
841 799 954 844 inter
965 816 1044 846 nos
1061 818 1195 862 quare
1215 803 1463 864 litigamus?

80 868 225 913 Ambo
242 867 491 923 audiamus,
512 868 615 927 quia
637 869 767 914 ambo
787 868 1036 916 laboramus
1059 892 1068 917 ε
1095 889 1229 934 quare
1250 875 1363 920 inter
1384 893 1462 923 nos

78 937 330 997 litigamus?
346 954 402 982 an
417 947 467 982 ut
485 938 704 982 medicum
721 949 950 984 vocantem
967 957 1056 986 non
1073 943 1329 990 audiamus?
1349 948 1386 990 Ο
1400 948 1465 991 in-

80 1007 185 1052 felix
208 1007 464 1052 infirmitas!
490 1007 545 1052 ad
580 1023 624 1052 se
645 1018 773 1053 vocat
793 1009 986 1054 medicus
1004 1046 1015 1066 ‚
1040 1022 1084 1058 et
1109 1012 1257 1058 litibus
1278 1030 1467 1075 occupa-

81 1087 154 1123 tur
175 1088 381 1138 aegrotus.
407 1078 520 1123 Vide
556 1079 665 1139 quid
693 1079 810 1124 dicat
832 1081 1030 1126 vocando
1057 1101 1066 1127 :
1092 1102 1112 1125 «
1139 1085 1295 1129 Venite
1317 1086 1370 1129 ad
1398 1101 1466 1130 me

82 1168 105 1193 »
136 1164 286 1195 omnes
310 1150 387 1210 qui
409 1148 632 1194 laboratis.
661 1168 682 1192 »
710 1150 794 1194 Ubi
815 1150 1020 1196 laboratis
1036 1187 1047 1208 ‚
1071 1154 1152 1198 nisi
1180 1156 1262 1199 sub
1295 1157 1468 1201 sarcinis

79 1229 359 1282 peccatorum
373 1256 383 1274 ‚
408 1221 490 1264 nisi
513 1221 714 1282 subjugo
729 1220 860 1266 malae
883 1221 1070 1267 dominae
1091 1223 1357 1284 iniquitatis?
1378 1229 1466 1271 Ve-

81 1292 172 1336 nite
191 1306 294 1350 ergo
313 1290 369 1335 ad
391 1306 461 1334 me
481 1306 631 1336 omnes
649 1291 726 1349 qui
751 1290 979 1347 laborati5‚
1016 1302 1058 1337 et
1087 1296 1251 1339 onerati
1278 1296 1399 1352 estis,
1425 1307 1468 1342 et

25 1383 36 1395 -
81 1377 160 1420 ego
181 1377 257 1406 vos
285 1362 491 1406 reficiam.
519 1365 615 1421 Ego
637 1362 715 1422 qui
738 1360 823 1406 {eci
839 1396 849 1416 ‚
882 1363 1085 1407 reficiam.
1109 1367 1241 1424 «Ego
1257 1400 1267 1420 ‚
1297 1367 1463 1428 inquit,

57 1480 60 1481 ⁷
83 1451 105 1474 »
139 1448 215 1477 vos
236 1432 424 1477 reficiam
447 1451 456 1477 t
482 1432 585 1493 quia
608 1433 700 1476 sinc
721 1446 791 1475 me
811 1431 921 1476 nihil
943 1433 1120 1492 potestis
1139 1433 1319 1479 facere2.
1341 1454 1363 1477 »

142 1505 218 1547 IX.
241 1501 474 1556 Quomodo
487 1518 563 1548 vos
575 1503 792 1547 reficiam?
808 1521 829 1545 «
851 1501 1005 1546 Tollite
1011 1503 1165 1563 jugum
1180 1519 1327 1548 meum
1342 1521 1469 1565 super

82 1592 104 1616 n
139 1589 237 1630 vos,
258 1583 302 1618 et
330 1573 484 1618 discite
505 1590 528 1618 a
549 1575 665 1618 me3.
685 1592 706 1616 »
741 1573 858 1627 Quid
879 1572 1084 1618 discimus
1113 1590 1137 1618 a
1159 1577 1234 1621 te?
1262 1577 1468 1621 Novimus

23 1667 29 1690 ῃ
80 1653 147 1700 te,
177 1645 362 1689 Domine
378 1680 389 1700 ‚
420 1645 466 1689 in
487 1645 703 1705 principio
725 1645 922 1689 Verbum
939 1679 950 1699 ‚
976 1644 1169 1689 Verbum
1187 1648 1342 1702 Deum,
1364 1650 1467 1691 Ver-

22 1719 23 1723 ’
80 1715 199 1775 apud
231 1719 370 1760 Deum
405 1736 414 1761 :
446 1717 591 1760 omnia
621 1731 699 1775 per
738 1724 783 1760 te
811 1715 926 1760 facta
954 1716 1181 1770 novimus,
1212 1732 1312 1776 quae
1341 1716 1464 1761 vide-

79 1803 177 1832 mus
193 1823 204 1842 ,
225 1796 268 1832 et
289 1803 389 1847 quae
411 1803 501 1832 non
518 1786 733 1831 videmus.
753 1786 870 1840 Quid
887 1785 1088 1830 discimus
1110 1801 1133 1830 a
1149 1788 1221 1830 te?
1237 1789 1333 1831 Non
1353 1788 1466 1832 enim

81 1858 214 1902 alium
242 1858 459 1902 mundum
482 1856 686 1916 discipuli
708 1856 801 1911 tui,
833 1865 1043 1916 tanquam
1065 1855 1265 1915 discipuli
1298 1858 1468 1902 artificis

23 1920 26 1925 ’
80 1938 124 1974 et
149 1928 417 1974 fabricatoris
434 1964 444 1983 ‚
466 1927 688 1973 condituri
709 1942 874 1972 sumus.
900 1928 1049 1972 Unum
1079 1926 1293 1971 mundum
1316 1927 1469 1972 condi-

2 2026 22 2042 -.
80 1998 204 2054 disti,
231 1999 392 2044 coelum
418 2008 461 2043 et
489 2007 650 2042 terram
681 1997 823 2043 fecisti
850 2017 858 2042 ε
884 2005 1122 2057 utrumque
1148 1996 1233 2040 suis
1261 1999 1465 2042 creaturis

80 2070 434 2129 ornamentisque
451 2067 692 2113 illustrasti.
714 2067 834 2122 Quid
855 2083 879 2112 a
893 2076 936 2113 te
959 2067 1190 2113 discimus?
1212 2068 1380 2123 Discite,
1395 2068 1462 2112 in-

27 2159 29 2162 >
80 2140 205 2200 quit,
231 2156 255 2183 a
276 2154 359 2183 me.
387 2140 498 2184 Cum
533 2153 669 2183 essem
691 2139 737 2182 in
765 2138 982 2199 principio
1009 2142 1120 2183 Deus
1152 2138 1267 2198 apud
1295 2141 1432 2182 Deum
1450 2175 1461 2195 ,

80 2211 221 2254 creavi
237 2208 342 2267 vos3
366 2209 448 2253 hoc
473 2209 576 2253 nolo
598 2209 771 2254 discatis
787 2225 810 2253 a
837 2224 908 2253 me
934 2228 943 2254 ε
968 2209 1039 2253 sed
1062 2208 1198 2253 lactus
1224 2224 1318 2252 sum
1340 2210 1458 2269 quod

81 2280 186 2334 fecis,
211 2295 268 2324 ne
290 2280 450 2340 periret
478 2295 608 2340 quem
633 2278 730 2324 feci.
758 2278 883 2324 Unde
912 2294 1006 2323 sum
1043 2277 1179 2322 factus
1200 2277 1320 2339 quod
1343 2278 1460 2324 feci?

84 2371 104 2394 «
143 2352 427 2411 Semetipsum
450 2351 707 2406 exinanivit,
732 2348 916 2395 formam
933 2347 1040 2393 servi
1074 2349 1284 2409 accipiens
1302 2385 1312 2404 ,
1338 2350 1381 2393 in
1403 2351 1462 2393 si-

83 2441 104 2464 »
140 2422 432 2467 militudinem
466 2423 695 2466 hominum
733 2420 899 2475 factus,
930 2430 972 2465 et
993 2421 1146 2464 babitu
1178 2421 1377 2465 inventus
1411 2430 1460 2466 ut

83 2511 104 2535 »
139 2494 287 2548 homo,
305 2491 547 2537 humiliavit
560 2493 836 2552 semetipsum
855 2492 884 2535 ⁴.
897 2509 915 2532 n
930 2493 1021 2535 Hoc
1039 2490 1220 2535 discitea
1237 2506 1348 2535 me.«
1366 2493 1456 2535 llu-

145 2598 153 2612 ¹
185 2590 304 2623 Manli.
336 2593 451 2631 x1‚').8.
478 2608 519 2614 —
547 2598 558 2613 ²
579 2593 670 2622 Jonn.
694 2601 748 2631 xv,
765 2592 795 2622 5.
818 2587 888 2612 —3
919 2588 1031 2621 Manli.
1051 2600 1094 2629 xi,
1115 2596 1168 2630 29.
1197 2605 1237 2612 -
1255 2586 1270 2616 ⁴
1291 2588 1397 2630 Philip.
1426 2600 1462 2625 ιι,

15 2645 25 2655 b
4 2378 23 2593 3?''“'='.''?''⁷'·‘<**
1 2089 20 2370 v,-··.-1·-rv·-·—-·—:¹-
