1867 3320
312 253 451 283 senno
484 254 613 293 xxw,
649 255 702 283 m:
734 254 880 285 vmms
911 253 1064 287 psum
1095 261 1202 289 κων.
1356 255 1439 295 399

66 320 150 365 hoc
180 320 357 376 nomine
393 319 653 381 appellatam
686 322 863 366 minime
895 322 1144 382 legerimus,
1170 336 1313 373 tamen
1342 334 1441 391 quia

67 389 196 449 gratis
222 389 323 434 data
344 398 430 446 est,
457 391 636 447 gratiam
658 388 887 436 fateamur.
915 394 999 437 Sed
1026 396 1300 443 ostendamus
1320 401 1441 446 vobis

67 462 275 521 majorem
297 476 386 505 esse
422 461 546 506 istam
565 495 576 516 ‚
618 477 704 521 qua
741 463 974 507 Christiani
1002 480 1149 510 sumus
1175 487 1182 512 :
1217 470 1439 515 attendite.

27 541 29 543 “
66 533 314 591 Antequam
347 529 513 575 conditi
539 545 726 575 essemus
746 567 757 587 ‚
795 532 904 576 nihil
927 533 1030 578 boni
1063 537 1363 596 merebamur3
1403 549 1446 585 et

66 600 166 645 ideo
194 601 329 659 gratia
344 635 356 656 ‚
382 616 470 661 qua
490 599 656 644 conditi
677 616 848 657 sumus,
872 618 973 647 eum
996 604 1101 649 honi
1130 606 1240 650 nihil
1262 623 1447 653 merere-

0 664 2 712 ἶ
64 686 177 715 mur.
206 670 249 715 Si
271 685 372 729 ergo
395 685 553 729 magna
575 679 638 714 est
660 672 819 729 gratia,
844 673 1022 732 quando
1043 675 1152 719 nihil
1183 676 1288 721 boni
1308 693 1450 723 mere-

0 752 3 790 ?
65 740 247 799 bamur;
270 749 433 800 quanta
455 741 590 799 gratia
613 750 700 796 est,
725 742 904 801 quando
929 754 1099 789 tantum
1122 746 1226 790 mali
1249 749 1449 794 mereba-

64 812 189 855 mur?
212 811 299 864 Qui
325 810 523 855 nondum
546 820 665 866 erat,
694 811 807 856 bene
835 829 923 857 non
944 816 1218 874 merebatur3
1249 828 1451 877 peccator

65 889 108 924 et
142 880 256 924 male
288 880 553 925 merebatur.
590 882 798 926 Nondum
820 892 911 927 erat
934 885 1011 944 qui
1042 886 1181 930 faetus
1209 897 1298 944 est,
1339 905 1452 934 non-

64 949 171 994 dum
193 959 309 1008 erat3
334 949 409 994 sed
442 965 523 994 nee
559 950 819 996 offenderat.
846 952 1052 997 Nondum
1084 965 1201 1011 erat,
1235 967 1279 1001 et
1311 957 1451 1004 factus

64 1031 128 1066 est
153 1041 162 1067 z
187 1022 398 1078 offendit,
432 1031 476 1067 et
508 1022 695 1068 salvatus
729 1032 806 1067 est.
840 1025 924 1077 Qui
959 1025 1158 1069 nondum
1191 1035 1306 1082 erat,
1342 1028 1453 1072 nihil

64 1092 290 1151 sperabat,
316 1093 457 1136 factus
480 1101 544 1136 est
566 1112 575 1138 :
599 1093 745 1152 lapsus
769 1102 913 1137 autem
945 1093 1270 1140 damnationem
1296 1112 1453 1156 expec-

65 1163 214 1218 tabat,
240 1172 284 1207 et
302 1163 510 1208 liberatus
533 1174 610 1208 est.
645 1167 750 1208 Haec
776 1174 840 1210 est
868 1165 1004 1223 gratia
1026 1181 1103 1224 per
1124 1169 1271 1210 Jesum
1302 1169 1452 1213 Chris-

68 1242 159 1277 tum
188 1234 421 1278 Dominum
457 1243 669 1278 nostrum.
698 1237 794 1293 Ipse
827 1233 928 1279 fecit
960 1238 1066 1279 nos1
1085 1271 1096 1290 ,
1138 1246 1181 1280 et
1218 1246 1451 1297 antequam

64 1319 251 1349 essemus
282 1306 461 1349 omnino
483 1306 572 1364 ipse
595 1304 698 1349 fecit
724 1320 825 1360 n08‚
851 1314 893 1349 et
913 1306 1050 1350 factos
1077 1316 1120 1350 et
1137 1306 1276 1363 lapsos
1298 1308 1388 1367 ipse
1409 1317 1452 1353 et

57 1375 196 1435 justos
230 1376 333 1421 feeit
363 1391 463 1431 nos,
491 1385 534 1420 et
561 1391 650 1420 non
679 1376 760 1434 ipsi
778 1391 871 1420 nos,
894 1377 1039 1437 Siqua
1061 1377 1192 1436 igitur
1213 1378 1257 1422 in
1279 1380 1452 1425 Christo

62 1461 175 1490 nova
197 1456 417 1502 creatura,
439 1447 557 1506 lapsa
580 1456 643 1491 est
665 1455 814 1501 vetus,
840 1446 953 1491 faeta
977 1456 1041 1491 est
1058 1463 1184 1492 nova.

120 1519 245 1561 XIII.
269 1520 364 1562 Una
386 1526 477 1561 erat
493 1532 627 1562 massa
651 1517 904 1576 perditionis
922 1533 972 1561 ex
994 1518 1134 1562 Adam
1151 1553 1162 1574 ,
1183 1519 1253 1563 cui
1282 1520 1453 1564 nonnisi

62 1587 325 1648 supplicium
360 1587 602 1632 debebatur
624 1607 634 1633 :
659 1587 773 1632 facta
796 1596 898 1631 sunt
921 1603 1021 1632 vasa
1043 1588 1146 1632 inde
1174 1590 1219 1633 in
1242 1590 1454 1634 honorem

62 1673 112 1702 ex
129 1657 281 1702 eadem
306 1673 457 1702 massa.
478 1676 498 1700 «
521 1658 664 1702 Habet
686 1659 802 1701 enim
824 1666 1082 1716 potestatem
1106 1658 1263 1716 figulus
1285 1659 1383 1713 luti,
1403 1676 1454 1704 ex

64 1747 84 1770 »
121 1728 272 1773 eadem
295 1744 432 1773 massa
445 1732 477 1772 ².
500 1747 519 1770 »
545 1732 641 1782 Qua
662 1729 833 1772 massa?
855 1730 983 1773 Certe
1004 1730 1093 1788 jam
1111 1730 1312 1788 perierat,
1338 1740 1453 1775 certe

55 1800 144 1858 jam
162 1799 225 1843 illi
241 1814 390 1844 massae
405 1801 523 1858 justa
537 1798 762 1843 damnatio
792 1798 1056 1843 debebatur.
1076 1800 1305 1844 Gratulare
1323 1836 1334 1855 ‚
1353 1801 1456 1861 quia

62 1876 111 1911 tu
133 1869 329 1911 evasisti:
349 1875 536 1910 mortem
559 1866 721 1925 quippe
743 1869 936 1908 debitam
957 1871 1144 1922 evasisti,
1159 1881 1202 1916 et
1217 1872 1350 1916 vitam
1367 1887 1457 1917 non

64 1937 256 1982 debitam
277 1936 487 1995 reperisti.
513 1955 532 1978 «
560 1936 704 1979 Habet
723 1943 980 1995 potestatem
1006 1935 1166 1994 figulus
1190 1937 1287 1994 luti,
1316 1956 1366 1982 ex
1382 1957 1457 1985 ea·

68 2026 88 2050 »
121 2008 223 2053 dem
246 2023 379 2052 massa
403 2006 546 2051 facere
569 2005 689 2050 aliud
711 2006 889 2066 quidem
907 2022 979 2051 vas
1001 2007 1045 2050 in
1068 2008 1279 2052 honorem
1298 2044 1308 2064 ‚
1336 2008 1457 2055 aliud

68 2098 89 2122 »
122 2080 168 2124 in
189 2078 515 2124 contumeliam.
545 2096 565 2119 »
593 2077 678 2122 Sed
701 2077 809 2122 diois
833 2098 842 2122 2
868 2080 939 2123 Me
960 2094 1094 2138 quare
1117 2079 1220 2123 feeit
1254 2080 1299 2123 in
1322 2071 1455 2126 hono-

63 2165 182 2204 rem,
207 2159 250 2194 et
283 2149 416 2193 alium
438 2149 483 2192 in
505 2148 814 2193 contumeliam
833 2150 850 2190 ⁶?
873 2149 985 2202 Quid
1018 2164 1302 2208 responsurus
1325 2165 1421 2194 sum
1437 2152 1458 2195 Ρ

64 2220 304 2267 Auditurus
337 2235 381 2264 es
414 2220 738 2278 Augusfinum,
776 2220 851 2279 qui
883 2235 972 2264 non
1005 2218 1162 2264 audisti
1196 2220 1455 2280 Apostolum

64 2291 281 2336 dicentem
303 2310 312 2335 ε
337 2309 357 2333 «
377 2292 414 2335 Ο
431 2291 564 2335 homo
579 2326 594 2346 ,
621 2299 667 2334 tu
689 2290 785 2350 quis
808 2306 851 2333 es
873 2290 948 2349 qui
973 2290 1234 2349 respondeas
1259 2294 1348 2336 Deo
1364 2295 1378 2316 ²⁵
1396 2293 1415 2335 P
1432 2308 1452 2332 η

65 2366 163 2408 1)υο
184 2362 354 2423 parvuli
375 2362 465 2406 nati
493 2371 595 2406 sunt
620 2381 628 2406 :
654 2362 687 2406 si
710 2362 910 2406 debitum
930 2377 1098 2421 quaeras
1117 2397 1127 2416 ,
1154 2363 1285 2407 ambo
1307 2371 1457 2407 tenent

66 2440 248 2479 massam
282 2434 553 2493 perditionis.
582 2434 665 2478 Sed
688 2448 766 2478 cur
788 2442 924 2476 mater
952 2433 1081 2477 alium
1116 2442 1257 2492 portat
1280 2433 1333 2478 ad
1357 2449 1456 2492 gra-

69 2507 173 2552 tiam
193 2540 205 2561 ,
234 2505 368 2550 alium
403 2513 541 2549 mater
571 2505 789 2549 dormiens
816 2505 1032 2548 sull'ocat‘!
1060 2504 1262 2549 Dicturus
1284 2520 1328 2550 es
1351 2505 1457 2549 mihi

122 2597 131 2614 ¹
157 2589 243 2624 Psal.
265 2600 346 2632 xcix,
363 2589 393 2622 3.
413 2606 452 2614 -
475 2596 487 2613 ²
512 2593 600 2623 Rom.
622 2598 738 2631 rx,21.
760 2606 800 2612 —
822 2587 934 2622 ³1bid.
958 2597 1009 2622 20,
