1867 3320
311 276 632 308 puorosrrmims
663 275 720 305 nx
752 273 953 305 nmstroLA
986 273 1041 304 An
1074 275 1285 309 Roumos.
1433 271 1487 310 15

104 346 297 391 dulciora
315 354 419 391 sunt
444 365 453 390 :
478 344 676 406 quamvis
705 341 931 388 mortifera
951 342 1033 386 ista
1067 342 1257 388 dulcedo
1290 347 1357 389 sit.
1378 347 1487 391 Inde

103 425 166 461 est
186 415 308 476 quod
339 415 456 477 apud
477 415 755 462 Salomonem
777 411 942 457 fallacis
965 411 1176 457 doctrinae
1210 413 1395 472 imagine
1418 431 1488 460 se-

100 485 206 531 dens
220 485 398 543 mulier,
423 495 466 532 et
486 486 674 532 invitans
695 493 746 528 ut
769 482 825 527 ad
841 498 886 527 se
901 482 1081 527 veniant
1101 483 1370 543 insipienteS,
1391 487 1489 530 scri-

99 555 218 601 bitur
239 555 411 603 dIcere:
439 576 460 600 «
488 560 625 602 Panes
647 553 841 601 occultos
868 552 1062 597 libenter
1084 554 1226 610 edite,
1257 563 1301 599 et
1328 570 1489 616 aquam

101 643 124 668 n
155 625 364 673 furtivam
384 628 560 674 dulcem
583 626 724 672 bibite
737 628 771 671 1.
786 627 908 669 »Ista
930 623 1122 670 dulcedo
1143 633 1208 670 est
1225 625 1395 671 occasio
1411 641 1489 686 per

97 697 352 743 mandatum
387 699 564 744 inventa
593 696 761 758 peccati
786 714 796 742 :
819 710 920 757 quae
941 710 1045 740 cum
1067 697 1306 757 appetitur,
1331 697 1488 758 utique

99 764 209 815 fallit
222 804 235 825 ,
252 778 298 814 et
317 770 364 815 in
385 770 567 830 majores
586 766 898 814 amaritudines
914 767 1061 812 vertit.

155 841 249 885 XL.
284 840 412 895 Quod
434 849 580 885 autem
603 839 694 884 ait:
721 856 743 880 «
767 836 896 891 Quod
925 851 1030 896 ergo
1061 836 1230 882 bonum
1261 846 1352 894 est,
1377 837 1490 882 mihi

99 928 122 953 »
153 909 321 956 factum
341 919 406 956 est
424 911 569 956 mors?
583 909 710 956 Absit
727 927 736 954 :
753 907 830 954 sed
846 917 1075 967 peccatum
1093 917 1143 953 ut
1164 918 1369 969 appareat
1391 924 1488 969 pec-

98 999 121 1024 »
152 990 326 1038 catum,
351 996 429 1042 per
444 982 614 1027 bonum
635 980 744 1025 mihi
766 988 995 1040 operatum
1017 987 1082 1024 est
1102 983 1315 1024 mortem²
1330 1014 1342 1036 ,
1369 998 1390 1022 »
1415 980 1488 1026 hic

93 1051 316 1097 evidenter
344 1051 556 1108 ostendit,
590 1052 712 1111 quod
733 1051 933 1110 superius
952 1049 1120 1095 dixerat
1143 1069 1152 1096 ε
1190 1069 1212 1093 «
1239 1051 1341 1096 Sine
1371 1054 1487 1110 Lege

96 1139 118 1164 »
152 1123 267 1168 enim
281 1131 508 1182 peccatum
531 1130 757 1166 mortuum
785 1129 850 1165 est
863 1121 879 1148 ³
895 1155 906 1177 ,
937 1137 958 1162 υ
979 1119 1080 1166 ideo
1097 1120 1251 1166 dixisse
1268 1156 1280 1177 ,
1300 1122 1405 1183 quia
1423 1120 1488 1167 la-

94 1201 182 1239 tet:
206 1193 384 1254 quando
400 1193 580 1254 quidem
597 1208 716 1238 nunc
737 1191 862 1247 dicit,
888 1207 979 1237 non
997 1191 1109 1237 illud
1126 1193 1311 1249 bonum,
1338 1193 1385 1238 id
1404 1203 1485 1250 est,

93 1265 251 1322 Legem
271 1264 433 1309 factam
454 1264 537 1309 sibi
559 1279 649 1309 esse
670 1273 876 1319 mortem,
901 1262 979 1308 sed
999 1274 1232 1323 peccatum
1255 1274 1487 1324 operatum

92 1347 182 1378 esse
201 1343 387 1406 mprtem
407 1349 485 1393 per
506 1334 675 1377 bonum
701 1333 850 1391 Legis,
874 1332 921 1376 id
944 1341 1034 1388 est,
1054 1341 1106 1377 ut
1127 1343 1356 1393 appareret
1378 1348 1485 1392 pec-

89 1411 237 1447 catum
272 1402 393 1463 quod
429 1402 592 1446 latebat
622 1402 714 1446 sine
745 1405 877 1460 Lege.
907 1404 1029 1446 Tunc
1051 1403 1168 1446 enim
1191 1417 1236 1447 se
1259 1412 1486 1448 mortuum

89 1474 273 1533 quisque
294 1472 536 1532 cognoscit,
561 1486 663 1516 cum
685 1470 798 1516 illud
818 1470 939 1531 quod
962 1480 1078 1516 recte
1101 1481 1373 1532 praeceptum
1395 1488 1486 1518 esse

91 1542 338 1598 confitetur,
352 1540 534 1602 implere
556 1557 646 1587 non
668 1549 839 1602 potest,
859 1550 903 1585 et
917 1542 1284 1601 praevaricationis
1305 1543 1486 1588 crimine

90 1613 275 1673 amplius
295 1622 470 1674 peccat,
489 1628 623 1672 quam
639 1613 674 1657 si
694 1628 785 1658 non
810 1612 1135 1673 prohiberetur.
1163 1616 1259 1660 Hoc
1277 1623 1342 1659 est
1364 1613 1487 1675 quod

91 1684 137 1728 in
156 1684 528 1743 consequentibus
548 1684 654 1727 dicit
676 1702 685 1728 ι
708 1703 728 1725 «
747 1686 804 1727 Ut
828 1685 904 1729 fiat
924 1699 1057 1744 supra
1074 1685 1256 1731 modum
1282 1696 1486 1746 peccator

94 1770 118 1795 »
151 1762 228 1799 aut
247 1762 475 1814 peccatum
495 1768 571 1813 per
591 1752 851 1797 mandatum
870 1754 885 1778 ⁴
899 1772 908 1799 :
924 1771 944 1795 »
963 1753 1083 1814 quod
1103 1764 1204 1799 ante
1226 1755 1487 1802 mandatum

91 1825 234 1869 minus
255 1833 346 1870 erat
366 1846 377 1882 3
403 1825 505 1885 quia
525 1824 603 1868 ubi
620 1839 710 1869 non
732 1833 796 1868 est
817 1822 888 1869 lex
906 1858 918 1880 ,
943 1839 1024 1870 nec
1047 1826 1362 1885 praevaricatio.

150 1896 266 1939 XLI.
286 1894 418 1949 Quod
439 1903 585 1940 autem
605 1895 664 1939 ait
682 1912 692 1940 ι
713 1912 734 1936 «
752 1894 920 1940 Scimus
940 1896 1045 1956 quia
1068 1899 1155 1940 Lex
1176 1897 1378 1956 spiritalis
1400 1907 1481 1955 est,

97 1984 116 2006 »
149 1980 232 2024 ego
263 1974 408 2010 autem
436 1964 619 2011 carnalis
651 1979 749 2009 sum
768 1967 782 1992 ⁵
801 1999 812 2020 ,
837 1984 857 2006 »
885 1965 985 2010 satis
1020 1967 1212 2012 ostendit
1248 1983 1338 2013 non
1360 1984 1484 2029 posse

93 2034 263 2096 impleri
284 2040 443 2096 Legem
461 2071 473 2092 ,
513 2036 592 2080 nisi
623 2035 678 2080 ab
708 2036 975 2094 spiritalibus
993 2071 1005 2092 ,
1041 2037 1192 2098 quales
1221 2039 1323 2084 facit
1345 2042 1485 2099 gratia

93 2106 219 2151 Deiss.
249 2107 406 2154 Similis
440 2108 558 2152 enim
585 2107 771 2168 quisque
803 2107 945 2153 factus
978 2108 1058 2168 ipsi
1094 2109 1222 2167 Legi,
1248 2108 1373 2155 facile
1395 2112 1482 2156 im-

94 2175 184 2236 plet
197 2179 319 2238 quod
334 2179 530 2239 praecipit
548 2199 559 2236 3
584 2194 664 2224 nec
687 2178 769 2223 erit
785 2178 868 2224 sub
890 2179 963 2224 illa
977 2215 988 2235 ,
1016 2180 1092 2224 sed
1113 2196 1215 2225 cum
1237 2180 1310 2226 illa
1331 2198 1342 2227 .·
1367 2183 1401 2227 is
1417 2192 1482 2229 est

95 2258 239 2294 autem
264 2250 339 2309 qui
357 2251 448 2310 jam
471 2264 559 2294 non
581 2249 750 2309 capitur
780 2249 1090 2311 temporalibus
1109 2251 1234 2297 bonis
1251 2286 1263 2308 ,
1287 2268 1368 2299 nec
1391 2263 1479 2299 ter-

94 2327 214 2363 retur
235 2320 546 2380 temporalibus
563 2318 700 2364 malis.

152 2390 290 2434 XLII.
312 2390 440 2444 Quod
459 2400 604 2436 autem
623 2390 681 2434 ait
702 2409 710 2434 :
741 2408 761 2431 «
790 2390 1089 2436 Vcnumdatus
1110 2392 1192 2436 sub
1210 2402 1390 2454 peccato
1404 2397 1436 2450 ⁷,
1453 2412 1474 2437 »

97 2457 426 2521 intelligendum
450 2470 538 2518 est,
573 2460 693 2522 quod
715 2461 1016 2522 unusquisque
1046 2463 1269 2521 peccando
1291 2464 1480 2509 animam

144 2560 155 2578 ¹
172 2557 266 2589 Prov.
287 2567 333 2598 ix,
357 2568 406 2599 ¹7-
424 2575 464 2580 —
485 2564 496 2580 ²
517 2560 607 2591 Itoni.
625 2569 684 2600 vn,
713 2558 765 2590 13.
785 2574 826 2580 —
842 2555 955 2590 ³1bil.
976 2564 1008 2591 ὅ.
1029 2576 1069 2583 -
1088 2559 1102 2589 l·
1118 2559 1199 2594 lbid.
1225 2561 1274 2594 13.
1300 2578 1339 2585 -
1359 2560 1373 2584 ⁵
1392 2562 1474 2596 lbid.

98 2606 148 2651 ¹4·
167 2624 209 2635 —
225 2608 242 2634 ⁰
262 2620 275 2645 ι
293 2612 438 2646 Retract.
459 2624 549 2648 xxiu.
571 2630 612 2637 —
631 2618 644 2647 7
665 2614 757 2648 nom.
779 2623 834 2656 vn,
853 2612 903 2656 ¹4·
