1924 3309
454 260 531 297 128
884 270 916 299 s.
953 266 1184 297 maumam
1217 267 1397 297 mnscom

451 352 471 375 »
505 332 876 378 circumcidamini
896 369 906 389 ,
931 334 1126 379 Christus
1143 334 1266 379 vobis
1289 334 1399 378 nihil
1414 334 1627 394 proderit¹
1654 352 1663 378 ε
1689 351 1710 375 »
1730 342 1830 379 tan·
1879 373 1899 382 .,

446 420 578 465 quam
608 404 643 449 si
663 404 854 460 diceret,
891 407 1003 449 Ecce
1027 420 1097 448 me
1133 404 1390 461 imitamini,
1430 414 1480 449 ut
1501 420 1590 450 non
1613 404 1830 463 timeatis,
1879 407 1899 463 ἴρ

445 485 521 521 aut
541 477 586 520 in
616 492 687 521 me
707 492 880 522 causam
903 475 1123 521 refundite
1142 512 1154 533 ,
1174 478 1208 522 si
1226 478 1402 524 timetis.
1427 477 1558 532 Quod
1593 487 1738 524 autem
1762 477 1831 522 di—

444 547 504 592 cit
525 565 534 592 :
558 566 578 589 «
603 550 720 607 Ergo
747 546 1003 592 evacuatum
1035 556 1099 591 est
1124 547 1378 592 scandalum
1396 549 1581 604 crucis²‚
1609 567 1630 590 »
1655 557 1832 594 senten·
1922 583 1924 589 .

443 619 551 664 tiam
574 618 696 663 illam
732 619 887 679 repetit
914 638 922 663 :
948 637 967 659 «
991 617 1033 663 Si
1056 633 1106 662 ex
1140 621 1254 678 Lege
1285 619 1477 678 justitia,
1504 634 1607 678 ergo
1636 619 1833 665 Christus
1881 618 1883 661 l

447 707 469 731 »
505 689 636 748 gratis
653 698 852 734 mortuus
873 689 981 733 est3.
1009 706 1030 730 »
1058 688 1143 733 Sed
1164 688 1236 732 hic
1253 689 1461 748 quoniam
1479 688 1731 734 scandalum
1753 705 1834 735 no-
1882 680 1884 728 ἶ
1922 707 1924 713 ⁴

445 760 585 805 minat
600 795 612 817 ,
637 761 682 805 in
695 761 947 805 memoriam
966 768 1141 804 revocat
1157 768 1384 819 propterea
1403 761 1586 804 maxime
1603 761 1647 805 in
1662 761 1834 807 Christo
1883 761 1885 776 ⁴

450 846 595 890 passos
615 847 706 876 esse
724 830 978 876 scandalum
1001 829 1178 874 Judaeos
1193 865 1204 885 ‚
1222 830 1323 890 quia
1346 830 1446 875 istas
1469 830 1660 876 carnales
1682 832 1833 876 obser·
1884 826 1885 829 ¹

448 903 644 947 vationes
665 938 676 957 ,
702 917 810 963 quas
832 917 912 961 pro
939 902 1030 961 ipsa
1051 900 1189 945 salute
1210 916 1254 944 se
1277 901 1438 945 habere
1481 902 1831 957 arbitrabantur,
1922 917 1924 924 ¹

448 988 550 1018 eum
567 989 682 1033 saepe
710 972 1114 1018 animadvertebant
1133 972 1353 1031 praeterire
1373 981 1504 1032 atque
1536 981 1830 1017 contemnere.
1885 958 1887 998 i

448 1047 540 1089 Hoc
556 1059 658 1102 ergo
679 1044 738 1088 ita
761 1043 895 1098 dixit,
922 1059 970 1088 ac
994 1043 1028 1087 si
1055 1042 1240 1098 diceret,
1268 1043 1368 1087 Sine
1390 1057 1517 1087 causa
1551 1058 1654 1102 ergo
1685 1043 1835 1088 Chris·
1885 1040 1888 1084 ἶ

448 1124 568 1170 tum,
593 1129 694 1159 cum
729 1114 807 1158 ista
830 1122 1154 1168 contemneret,
1191 1113 1467 1158 scandalizati
1489 1112 1632 1158 Judaei
1661 1114 1835 1158 crucifi-
1886 1128 1888 1131 ·

448 1195 630 1239 xerunt,
657 1186 691 1229 si
711 1185 855 1229 adhuc
877 1185 937 1229 eis
958 1200 1037 1244 pro
1059 1185 1219 1244 quibus
1246 1184 1476 1229 crucifixus
1504 1193 1592 1239 est,
1615 1183 1716 1228 talia
1737 1200 1836 1245 per-
1886 1190 1890 1217 ἒ

451 1255 705 1300 suadentur.
724 1258 780 1299 Et
802 1255 959 1315 adjecit
973 1254 1290 1314 elegantissima
1305 1254 1592 1314 ambiguitate
1609 1254 1732 1314 quasi
1753 1254 1836 1299 sub
1887 1253 1891 1302 ἶ

448 1327 588 1387 specie
610 1325 929 1371 maledictionis
952 1325 1327 1382 benedictionem,
1352 1327 1495 1370 dicens
1513 1360 1524 1382 ,
1553 1344 1574 1368 «
1599 1326 1776 1370 Utinam
1794 1334 1837 1370 et
1888 1343 1891 1390 }

452 1417 471 1440 »
509 1398 792 1442 abscidantur
813 1398 888 1457 qui
901 1413 976 1442 vos
991 1398 1297 1442 conturbant⁴.
1317 1416 1336 1439 »
1354 1400 1452 1443 Non
1464 1406 1652 1452 tantum,
1672 1397 1831 1458 inquit,
1888 1418 1891 1447 ;

448 1468 822 1515 circumcidantur
836 1503 848 1523 ‚
873 1468 948 1513 sed
968 1478 1011 1513 et
1032 1469 1360 1514 abscindantur.
1386 1469 1454 1514 Sic
1476 1469 1590 1513 enim
1614 1468 1721 1513 fient
1737 1484 1837 1529 spa-
1891 1488 1907 1506 π

449 1542 583 1586 dones
620 1550 798 1600 propter
834 1554 1018 1599 regnum
1046 1539 1282 1595 coelorum,
1324 1549 1367 1584 et
1401 1539 1592 1584 carnalia
1628 1539 1838 1584 seminare
1889 1547 1907 1602 ξΙ

449 1612 681 1656 cessabunt
690 1613 721 1655 ⁵.

510 1685 671 1727 LXIII.
702 1700 722 1724 «
748 1684 835 1726 Vos
857 1682 997 1735 enim,
1027 1681 1171 1740 inquit
1187 1716 1197 1735 ,
1224 1682 1269 1725 in
1291 1681 1538 1726 libertatem
1569 1683 1710 1726 vocati
1740 1682 1838 1726 estis
1892 1719 1894 1724 ,

453 1773 472 1796 »
510 1752 704 1798 ἴτειῐϊεεῦ.
730 1771 750 1794 n
777 1752 887 1806 Quia
920 1751 994 1796 illa
1019 1751 1297 1796 conturbatio
1319 1768 1343 1796 a
1363 1751 1629 1811 spiritalibus
1664 1753 1720 1797 ad
1742 1744 1837 1797 car-
1893 1747 1895 1798 ζ

450 1824 565 1868 nalia
582 1838 788 1868 revocans
805 1823 850 1866 in
868 1822 1118 1866 servitutem
1137 1822 1354 1866 trahebat.
1376 1821 1459 1867 Sed
1479 1823 1570 1883 jam
1589 1822 1693 1868 hinc
1708 1838 1839 1883 opera
1894 1825 1895 1828 ’

450 1895 523 1939 illa
546 1896 669 1953 Legis
691 1903 874 1938 tractare
893 1892 1046 1952 incipit
1060 1928 1071 1947 ,
1097 1891 1152 1937 de
1174 1893 1332 1953 quibus
1356 1908 1456 1937 eum
1492 1909 1623 1953 supra
1646 1893 1839 1938 dixeram
1895 1922 1896 1927 =

452 1966 497 2009 in
515 1966 601 2009 fine
624 1964 829 2024 Epistolae
847 1972 1129 2008 tractaturum
1143 1998 1154 2018 ,
1175 1979 1274 2023 quae
1287 1962 1341 2007 ad
1364 1979 1526 2008 novum
1552 1979 1729 2024 quoque
1744 1966 1841 2008 Tes-
1893 1979 1896 2011 ὲ

452 2044 695 2080 tamentum
719 2034 934 2094 pertinere
958 2048 1087 2077 nemo
1114 2033 1348 2091 ambigit73
1387 2032 1463 2078 sed
1489 2034 1572 2078 alio
1605 2034 1718 2089 fine,
1750 2049 1839 2094 quo

452 2106 613 2151 liberos
635 2121 685 2150 ea
707 2104 848 2150 facere
869 2103 995 2149 decet
1011 2138 1022 2158 ,
1047 2102 1092 2146 id
1114 2113 1177 2148 est
1194 2139 1204 2158 ,
1230 2103 1451 2149 charitatis
1474 2114 1635 2149 aeterna
1660 2120 1838 2165 speran-

453 2178 505 2222 tis
538 2178 640 2222 hinc
671 2175 874 2236 praemia,
910 2183 953 2219 et
987 2189 1037 2218 ex
1068 2173 1155 2218 fide
1185 2175 1468 2234 expectantis.
1499 2178 1597 2221 Non
1627 2177 1739 2221 sicut
1760 2179 1839 2221 Ju-

454 2247 536 2292 daei
554 2283 565 2302 ,
592 2247 670 2307 qui
698 2247 851 2291 timore
873 2246 953 2290 ista
977 2243 1157 2304 implere
1184 2246 1453 2304 cogebantur
1467 2280 1492 2302 ‚⁷
1514 2261 1604 2291 non
1625 2245 1701 2291 illo
1723 2255 1838 2291 casto
1895 2265 1898 2298 ς

457 2326 735 2377 permanente
758 2317 804 2360 in
825 2315 1031 2361 saeculum
1056 2314 1224 2369 saeculi,
1262 2314 1336 2359 sed
1373 2316 1698 2375 quotimebant
1724 2333 1836 2376 prae-

455 2390 564 2434 senti
586 2389 685 2433 vitae
708 2403 796 2432 suae
823 2407 832 2432 ς
858 2396 902 2432 et
921 2386 1019 2431 ideo
1042 2384 1242 2446 quaedam
1266 2401 1394 2445 opera
1420 2388 1542 2446 Legis
1564 2386 1834 2445 implebant,
1896 2376 1899 2386 ’Χ

455 2477 553 2521 quae
575 2460 621 2504 in
639 2458 915 2504 sacramentis
934 2458 1059 2503 sunt8
1077 2478 1088 2515 3
1113 2456 1184 2501 illa
1208 2472 1310 2501 vero
1332 2473 1431 2517 quae
1454 2457 1507 2502 ad
1539 2458 1676 2502 bonos
1698 2473 1837 2502 mores
1897 2471 1899 2491 ³

504 2565 511 2581 ¹
533 2558 635 2591 Galat.
655 2569 690 2598 v,
706 2566 783 2589 2.-
803 2563 816 2579 ²
835 2556 917 2588 lbid.
939 2553 1161 2588 11.-³1bid.
1182 2563 1285 2588 21.-——
1301 2553 1528 2588 41hid.12.-—-
1542 2554 1557 2578 5
1570 2557 1691 2589 Matth,
1704 2567 1768 2597 xix,
1785 2565 1834 2588 ι’).
1899 2571 1900 2574 ’

457 2631 496 2637 -
515 2612 530 2637 6
549 2613 651 2647 Galat.
667 2624 701 2654 v,
723 2614 775 2646 13.
790 2628 832 2636 —
852 2619 865 2646 7
883 2612 961 2645 Vide
978 2621 1070 2654 supra
1090 2622 1119 2643 n.
1145 2622 1195 2653 ¹9·
1219 2627 1259 2633 -·
1280 2609 1295 2632 8
1314 2611 1394 2644 Psal.
1416 2622 1501 2652 xvui,
1520 2622 1569 2645 ιο.
