1924 3309
454 294 507 332 52
883 306 916 330 s.
952 303 1182 333 Ancus-nm
1216 305 1396 332 1-:91scor1

450 369 609 414 Christi
632 368 803 412 Domini
828 369 976 413 nostri.
1004 372 1067 413 Ex
1099 369 1410 413 resurrectione
1432 367 1548 411 enim
1578 375 1835 411 caeterorum

451 449 723 484 mortuorum
746 454 835 483 non
855 449 920 483 est
940 439 1287 498 praedestinatus,
1305 453 1413 498 quos
1437 453 1525 482 non
1547 436 1763 497 praecessit
1779 436 1837 480 ad

453 508 631 565 gloriam
655 509 754 551 vitae
776 517 950 551 aeternae
970 543 980 563 ,
1012 524 1100 552 non
1119 508 1271 568 utique
1290 516 1529 562 secuturos,
1555 506 1761 566 quoniam
1781 503 1837 548 acl

449 593 601 636 poenas
619 593 715 621 suas
735 578 857 636 impii
879 577 1161 621 resurrecturi
1183 580 1427 636 sunt.Ergo
1448 575 1522 620 ille
1544 585 1753 635 tanquam
1772 575 1838 618 Fi-

447 648 531 691 lius
554 648 631 691 Dei
653 647 917 704 unigenitus,
935 647 1064 690 etiam
1085 647 1398 706 primogenitus
1420 661 1468 689 ex
1494 646 1706 690 mortuis«
1724 659 1838 704 prae-

447 736 467 759 »
503 717 742 760 destinatus
765 726 828 760 est
844 751 854 770 ,
880 732 930 759 ex
948 717 1266 761 resurrectione
1288 725 1578 770 mortuorum,
1605 715 1724 759 nisi«
1750 717 1838 758 Do-

445 805 465 828 »
503 788 611 831 mini
635 787 771 831 nostri
795 789 817 830 J
823 802 898 830 esu
920 787 1113 831 Christi?
1135 806 1154 828 »

504 861 580 901 VI.
613 876 633 899 «
653 861 736 902 Per
758 872 890 916 quem
914 858 1158 916 accepimus
1175 892 1185 911 ,
1210 857 1383 916 inquit,
1408 856 1589 915 gratiam
1613 864 1655 899 et
1673 863 1840 914 aposto-

452 946 471 967 »
507 926 647 970 latum
663 930 694 970 ¹.
722 927 914 971 Gratiam
939 945 958 967 »
987 943 1086 970 cum
1119 927 1323 971 omnibus
1344 926 1572 979 fidelibus,
1603 944 1623 966 «
1648 927 1838 983 Aposto-

452 1014 472 1037 »
507 996 647 1040 latum
674 1014 693 1036 »
730 1005 876 1040 autem
901 1012 989 1040 non
1013 1012 1114 1040 cum
1142 995 1362 1040 omnibus.
1388 998 1445 1038 Et
1472 995 1570 1039 ideo
1592 994 1626 1038 si
1648 1003 1843 1037 tantum-

451 1065 582 1110 modo
603 1066 894 1125 apostolatum
917 1082 961 1109 sc
983 1065 1146 1110 diceret
1169 1066 1380 1125 accepisse
1395 1100 1405 1120 ,
1427 1065 1623 1123 ingratus
1640 1064 1844 1108 extitisset

455 1137 622 1195 gratiae,
647 1152 733 1196 qua
756 1136 819 1179 illi
841 1145 1017 1195 peccata
1037 1136 1207 1180 dimissa
1229 1146 1357 1181 sunt:
1386 1146 1592 1195 tanquam
1615 1136 1729 1179 enim
1754 1149 1846 1179 me-

457 1206 548 1250 ritis
581 1206 776 1264 priorum
805 1221 987 1264 operum
1029 1207 1241 1265 accepisse
1280 1205 1568 1265 apostolatum
1606 1205 1842 1249 videretur.

459 1275 633 1333 Optime
651 1276 799 1333 itaque
829 1284 948 1318 tenet
970 1274 1166 1318 ordinem
1189 1292 1329 1319 causae
1344 1310 1354 1328 ,
1382 1284 1431 1318 ut
1448 1290 1577 1318 nemo
1595 1273 1754 1318 audeat
1777 1273 1846 1317 di-

460 1360 556 1389 cere
577 1346 678 1389 vitae
698 1346 850 1403 prioris
884 1346 1045 1388 meritis
1067 1345 1142 1388 scd
1165 1346 1218 1389 ad
1241 1345 1528 1403 Evangelium
1551 1360 1639 1388 esse
1662 1343 1850 1403 perduc-

459 1423 554 1458 tum
577 1432 584 1457 :
610 1413 788 1472 quando
811 1428 890 1456 nec
919 1414 997 1471 ipsi
1018 1415 1224 1471 apostoli,
1245 1415 1320 1473 qui
1337 1415 1498 1457 caeteris
1521 1414 1728 1457 membris
1751 1422 1850 1473 post

455 1492 587 1542 caput
609 1483 800 1541 corporis
829 1483 1174 1540 supereminent,
1203 1484 1396 1542 accipere
1429 1483 1717 1541 apostolatum
1743 1499 1848 1543 pro-

458 1553 548 1613 prie
570 1553 837 1611 potuissent,
870 1552 950 1595 nisi
974 1551 1092 1610 prius
1116 1553 1406 1596 communiter
1438 1568 1537 1596 cum
1560 1554 1726 1596 caeteris
1747 1569 1848 1612 gra-

462 1624 580 1678 tiam,
598 1638 697 1682 quae
715 1632 960 1681 peccatores
978 1631 1100 1665 sanat
1122 1631 1165 1666 et
1182 1623 1411 1681 justificat,
1430 1622 1707 1681 accepissent.
1721 1624 1851 1676 Quod

463 1702 607 1737 autem
630 1693 857 1751 subjungit
876 1710 884 1735 z
904 1691 1003 1734 «Ad
1025 1691 1320 1735 obediendum
1344 1690 1445 1734 fidei
1467 1692 1510 1734 in
1527 1692 1730 1736 omnibus
1748 1708 1852 1752 gen-

466 1783 487 1805 »
526 1765 637 1808 tibus
659 1778 738 1821 pro
761 1763 938 1805 nomine
961 1762 1051 1819 ejus
1073 1782 1083 1817 3
1108 1780 1127 1802 »
1155 1762 1210 1804 ad
1243 1763 1325 1805 hoc
1348 1762 1452 1805 dicit
1480 1763 1785 1819 Apostolatum
1808 1779 1852 1807 se

467 1834 704 1892 accepisse,
728 1841 778 1876 ut
810 1831 1040 1875 obediatur
1066 1831 1167 1874 fidei
1192 1847 1269 1890 pro
1304 1832 1479 1875 nomine
1512 1834 1683 1877 Domini
1718 1835 1854 1878 nostri

469 1909 572 1949 Jesu
595 1903 780 1956 Christi,
821 1903 902 1945 hoc
926 1910 1011 1956 est,
1039 1911 1088 1944 ut
1110 1902 1290 1945 credant
1319 1917 1468 1946 omnes
1485 1903 1679 1958 Christo,
1705 1913 1747 1948 et
1769 1905 1854 1962 sig-

469 1983 629 2018 nentur
655 1973 698 2015 in
722 1973 813 2031 ejus
835 1971 1013 2014 nomine
1035 1971 1110 2029 qui
1144 1970 1248 2014 salvi
1277 1987 1366 2014 esse
1396 1972 1595 2030 cupiunt.
1624 1976 1765 2025 Quam
1788 1989 1856 2017 sa-

473 2044 610 2088 lutem
625 2058 714 2086 non
736 2041 836 2085 solis
857 2040 1041 2094 Judaeis,
1073 2041 1183 2084 sicut
1202 2041 1404 2085 nonnulli
1425 2042 1501 2099 qui
1523 2057 1572 2084 ex
1596 2042 1696 2100 ipsis
1719 2044 1857 2087 credi-

475 2116 630 2159 derant
647 2112 996 2164 arbitrabantur,
1017 2111 1180 2154 venisse
1201 2112 1290 2169 jam
1313 2110 1521 2166 ostendit,
1548 2128 1649 2156 cum
1671 2113 1730 2157 ait
1747 2148 1757 2169 ,
1773 2132 1792 2155 «
1812 2114 1858 2156 in

478 2204 498 2227 »
533 2184 737 2229 omnibus
761 2181 962 2241 gentibus
985 2201 993 2225 :
1018 2181 1063 2224 in
1084 2181 1243 2240 quibus
1266 2182 1385 2235 estis,
1410 2182 1575 2241 inquit,
1610 2193 1653 2227 et
1685 2199 1760 2228 vos
1780 2200 1858 2229 vo—

480 2274 500 2297 »
536 2255 620 2298 cati
652 2256 754 2297 Jesu
788 2251 946 2295 Christi
960 2254 999 2304 ²,
1028 2269 1046 2290 »
1074 2250 1118 2293 id
1153 2260 1245 2305 est,
1272 2260 1321 2294 ut
1344 2260 1386 2294 et
1420 2268 1495 2296 vos
1517 2253 1606 2296 sitis
1628 2255 1719 2313 ejus
1755 2257 1858 2299 Jesu

477 2324 652 2378 Christi,
677 2323 752 2382 qui
769 2321 963 2365 omnium
984 2320 1177 2378 gentium
1199 2320 1312 2364 salus
1334 2330 1413 2375 est,
1430 2338 1681 2382 quanquam
1705 2339 1794 2368 non
1815 2325 1860 2368 in

480 2408 663 2439 numero
695 2395 717 2435 J
724 2391 972 2445 udaeorum,
1007 2388 1083 2433 sed
1104 2390 1148 2433 in
1182 2405 1364 2434 numero
1386 2400 1639 2436 caeterarum
1664 2395 1860 2452 gentium

479 2466 566 2510 sitis
587 2463 766 2508 inventi.

538 2538 636 2579 VII.
664 2536 760 2577 Huc
782 2546 919 2590 usque
941 2531 1046 2574 dixit
1067 2530 1156 2589 ipse
1185 2531 1281 2590 quis
1305 2540 1414 2576 esset
1435 2533 1512 2591 qui
1533 2533 1683 2577 scribit
1699 2534 1860 2593 episto-

535 2624 543 2640 ¹
561 2622 648 2651 Rom.
667 2616 691 2660 i,
710 2616 742 2649 5.
763 2633 804 2639 ·—-
824 2621 838 2639 2
856 2615 934 2647 ibid.
956 2614 988 2646 6.
