1924 3309
446 248 529 286 258
867 256 901 285 s.
937 255 1167 285 Aucns'rim
1201 255 1383 283 Enscom

443 323 730 369 creandorum
766 337 908 367 causa.
941 322 1123 375 Quando
1147 329 1195 363 tu
1217 319 1282 362 uti
1312 333 1448 363 uxore
1476 319 1662 379 amplius
1694 337 1828 381 quam

441 394 669 439 necessitas
691 393 1059 454 procreandorum
1080 390 1320 433 liberorum
1343 389 1482 448 cogit,
1507 389 1718 447 volueris,
1737 393 1830 451 jam

444 474 672 525 peccatum
693 473 757 510 est
781 484 791 510 ι
816 473 858 509 et
892 464 980 522 ipsa
1008 460 1109 505 talia
1135 468 1313 519 peccata
1341 459 1609 521 quotidianae
1637 461 1829 508 eleemo-

443 551 563 594 synae
588 535 819 581 mundant.
840 536 892 577 In
912 532 1011 591 ipsis
1048 529 1289 588 alimentis,
1314 547 1413 591 quae
1441 532 1595 592 utique
1627 547 1832 578 concessa

384 600 388 605 ’
443 618 570 664 sunt,
595 609 629 653 si
647 607 760 653 forte
780 603 946 649 excedis
978 601 1189 657 modum,
1221 611 1267 647 et
1297 603 1485 663 amplius
1507 605 1664 664 accipis
1696 619 1831 665 quam

444 695 615 725 necesse
661 688 751 732 est,
789 689 956 735 peccas.
999 673 1265 728 Quotidiana
1296 684 1400 722 sunt
1441 676 1521 720 ista
1558 691 1659 736 quae
1692 675 1792 721 dico
1817 695 1829 722 z

440 751 515 795 sed
537 760 680 794 tamen
707 755 882 807 peccata
902 754 1033 804 sunt,
1064 753 1107 789 et
1128 761 1220 790 non
1249 755 1352 791 sunt
1382 745 1519 802 levia,
1554 747 1658 807 quia
1685 746 1827 806 plura.

440 822 548 873 Quia
570 835 672 864 vero
694 816 947 878 quotidiana
963 825 1007 861 et
1031 816 1220 876 plurima
1235 851 1247 873 ,
1272 816 1466 863 timenda
1484 826 1548 862 est
1564 818 1690 862 ruina
1711 816 1831 862 mul-

440 890 653 944 titudinis,
697 888 776 933 etsi
806 903 897 933 non
916 886 1250 947 magnitudinis.
1278 888 1399 933 Talia
1421 897 1598 948 peccata
1620 888 1829 944 dicimus,

436 959 607 1024 fratres,
629 957 893 1020 quotidianis
911 958 1197 1017 eleemosynis
1214 974 1339 1020 posse
1360 959 1582 1005 mundari.
1603 958 1687 1005 Sed
1703 957 1832 1004 facite

439 1032 754 1088 eleemosynaS,
779 1039 822 1074 et
849 1029 985 1075 nolite
1012 1045 1192 1076 cessare.
1226 1030 1454 1076 Attendite
1477 1030 1612 1076 vitam
1643 1039 1834 1075 vestram

437 1102 733 1162 quotidianam
767 1101 868 1161 ipsis
909 1102 1099 1162 pcccatis
1142 1102 1483 1158 scaturientem,
1520 1101 1699 1146 minutis
1731 1101 1836 1161 ipsis

445 1173 558 1217 dico.

496 1246 617 1288 XIX.
644 1246 819 1288 Etcum
839 1241 944 1287 facis
972 1242 1296 1300 eleemosynam
1313 1278 1324 1298 ,
1350 1258 1442 1288 non
1458 1242 1646 1303 superbe
1673 1241 1831 1298 facias,

438 1331 516 1360 nec
538 1316 596 1359 sic
618 1329 712 1359 ores
748 1312 1128 1373 quemadmodum
1164 1313 1238 1358 ille
1262 1314 1541 1359 Pharisaeus&
1571 1311 1656 1359 Sed
1687 1321 1836 1358 tamen

443 1386 550 1447 quid
570 1386 631 1430 ibi
651 1385 793 1430 dixit?
813 1385 1014 1444 «Jejuno
1036 1384 1103 1428 bis
1131 1386 1178 1430 in
1209 1385 1392 1432 sabbato
1406 1420 1418 1441 ,
1444 1385 1636 1430 decimas
1658 1383 1715 1429 do
1737 1398 1835 1429 om-

448 1477 467 1499 »
484 1458 605 1502 nium
620 1471 910 1517 quaecumque
926 1454 1161 1515 posside02.
1171 1474 1191 1498 »
1208 1459 1266 1502 Et
1278 1457 1479 1504 nondum
1493 1457 1618 1502 fusus
1631 1465 1724 1501 erat
1736 1471 1837 1501 san-

446 1529 539 1587 guis
558 1528 743 1574 Domini.
782 1529 969 1591 Tantum
1004 1542 1083 1587 pro
1118 1527 1246 1573 nobis
1266 1529 1458 1587 pretium
1487 1527 1758 1587 accepimus,
1793 1535 1838 1571 et

443 1599 595 1644 saltem
636 1615 716 1643 nec
742 1608 915 1643 tantum
942 1613 1194 1657 erogamus,
1234 1608 1453 1659 quantum
1486 1600 1744 1645 Pharisaeus.
1780 1600 1839 1642 Et

445 1670 573 1714 habes
603 1669 686 1714 alio
708 1668 806 1714 loco
829 1678 976 1729 aperte
992 1668 1212 1714 dicentem
1234 1670 1475 1715 Dominum
1504 1690 1513 1716 ε
1542 1689 1563 1713 «
1582 1670 1677 1716 Nisi
1693 1670 1839 1714 abun-

450 1759 472 1782 »
506 1741 673 1786 daverit
699 1741 866 1800 justitia
898 1749 1039 1785 vestra
1072 1738 1173 1799 plus
1207 1756 1343 1800 quam
1379 1742 1634 1786 Scribarum
1656 1749 1699 1785 et
1722 1740 1840 1785 Pha-

452 1831 473 1854 »
509 1812 759 1866 risaeorum,
806 1824 896 1854 non
944 1810 1161 1853 intrabitis
1200 1811 1248 1852 in
1281 1824 1468 1868 regnum
1509 1811 1769 1854 coelorum-³.
1816 1827 1838 1851 »

453 1887 568 1942 Ergo
590 1882 652 1926 illi
673 1880 780 1925 dant
801 1880 1014 1938 decimas,
1037 1888 1085 1924 tu
1105 1879 1138 1923 si
1154 1880 1436 1924 centesimam
1457 1879 1650 1936 dederis,
1676 1877 1844 1939 aliquid

454 1969 662 2014 magnum
683 1962 727 1997 te
746 1951 896 1997 fecisse
913 1950 1120 2010 gloriaris.
1140 1949 1342 1995 Attendis
1363 1952 1481 1995 enim
1499 1950 1608 2012 quid
1625 1949 1733 1996 alius
1752 1965 1844 1996 non

456 2027 600 2082 faciat,
616 2041 706 2070 non
727 2023 837 2085 quid
857 2032 900 2068 te
917 2023 1069 2083 jubeat
1090 2025 1205 2067 Deus
1220 2021 1378 2066 facere.
1399 2022 1564 2067 Metiris
1586 2031 1629 2067 te
1650 2020 1706 2066 de
1720 2035 1843 2066 com-

458 2098 677 2157 paratione
695 2095 850 2156 pejoris
865 2129 876 2150 ‚
901 2108 992 2138 non
1008 2092 1064 2137 de
1087 2093 1279 2153 jussione
1299 2091 1505 2138 melioris.
1527 2094 1626 2139 Non
1647 2092 1751 2152 quia
1770 2090 1844 2136 ille

459 2170 567 2214 nihil
588 2168 691 2214 facit
705 2203 716 2224 ,
741 2166 840 2212 ideo
857 2175 908 2211 tu
924 2179 1134 2225 magnum
1155 2164 1323 2225 aliquid
1344 2163 1449 2210 facis
1464 2165 1504 2224 43
1525 2164 1601 2210 sed
1617 2163 1721 2224 quia
1738 2178 1847 2223 gau-

514 2322 522 2337 ¹
541 2314 616 2345 Cod.
637 2316 719 2346 Cass,
735 2323 769 2354 n,
784 2311 840 2344 fol.
867 2308 927 2351 124
944 2322 951 2341 ε
973 2311 1068 2343 «Nec
1087 2309 1133 2342 sic
1146 2308 1321 2342 descendas
1341 2308 1383 2341 de
1401 2308 1523 2352 templo
1536 2332 1545 2350 ,
1564 2318 1627 2341 non
1639 2306 1844 2349 justificatus.

465 2372 527 2404 Sed
544 2374 648 2402 tamen
664 2395 672 2411 ,
692 2374 753 2402 etc.
777 2382 793 2397 υ
808 2385 850 2391 --
866 2374 879 2390 ²
899 2370 976 2400 Luc.
993 2378 1087 2409 xvm,
1108 2375 1158 2398 12.
1180 2383 1220 2389 -—
1236 2366 1314 2400 Cod.
1334 2368 1423 2399 Cass.
1442 2377 1478 2407 11,
1496 2365 1553 2398 fol.
1579 2363 1639 2407 124
1657 2376 1693 2396 2«
1705 2367 1747 2397 Et
1762 2374 1847 2396 non-

465 2428 538 2459 dum
569 2430 637 2457 crat
662 2426 843 2467 redemptus
859 2450 867 2465 ,
893 2429 926 2457 et
946 2424 1020 2467 quid
1043 2423 1114 2456 dico
1128 2447 1139 2462 ,
1152 2423 1291 2454 nondum
1310 2427 1380 2455 erat
1398 2421 1608 2465 redemptus?
1624 2421 1764 2454 nondum
1779 2424 1850 2453 erat

466 2485 551 2515 fusus
564 2509 572 2523 ‚
594 2487 654 2514 etc.
680 2493 696 2509 »
717 2499 756 2503 —
783 2479 796 2503 3
815 2480 934 2513 Matth.
956 2491 988 2522 v,
1006 2490 1061 2513 20.
1079 2477 1149 2508 -l,
1169 2479 1246 2513 Cod.
1270 2480 1356 2511 Cass,
1378 2491 1417 2520 n,
1443 2479 1500 2511 fol.
1521 2478 1583 2521 124
1601 2491 1607 2511 :
1629 2489 1646 2507 α
1666 2480 1708 2510 Et
1728 2482 1764 2509 tu
1783 2475 1848 2508 ali-

465 2539 539 2581 quid
555 2538 633 2570 sacis
649 2562 656 2577 ,
680 2538 734 2569 sed
746 2538 818 2579 quia
835 2537 886 2570 ino
904 2536 981 2570 nihil
997 2536 1136 2571 faciente
1151 2560 1159 2577 ,
1179 2545 1326 2578 magnum
1343 2534 1459 2577 aliquid
1475 2539 1509 2569 te
1524 2533 1641 2570 fecisse
1657 2531 1822 2568 arbitraris
1837 2554 1847 2572 ‚

467 2599 500 2627 et
517 2595 589 2636 quia
602 2595 646 2629 sic
664 2594 833 2636 gaudetur,
860 2599 923 2628 etc.
938 2605 955 2624 »
