1867 3320
416 310 555 337 summo
590 311 626 347 1,
660 306 824 336 CONTRA
857 306 1124 334 MAmcuAEos.
1383 299 1459 337 157

89 396 106 418 η
145 375 306 420 bellum
330 384 392 419 est
412 375 576 434 pedum
597 374 687 432 ejus
705 375 734 416 ¹.
754 391 774 414 »
795 372 1018 432 Numquid
1035 380 1262 431 propterea
1285 374 1386 432 quia
1403 374 1465 418 ibi

84 462 127 491 se
149 461 237 491 non
258 445 473 500 nominat,
489 444 668 489 fortasse
683 443 883 501 negaturi
904 451 1006 486 sunt
1023 441 1144 501 quod
1161 440 1305 485 sedeat
1318 443 1464 487 Chris-

89 526 154 560 tus
186 516 231 558 in
254 514 402 559 coelo?
433 518 543 559 Item
566 513 671 558 dicit
692 512 925 571 Apostolus
947 531 956 556 ;
987 529 1007 552 «
1031 512 1068 554 O
1090 509 1276 556 altitudo
1297 510 1467 556 divitia-

85 605 105 628 »
141 601 237 629 rum
259 585 496 645 sapientiae,
514 593 557 628 et
573 583 762 627 scientiae
781 582 856 626 Dei
877 601 885 626 2
902 596 1034 641 quam
1054 579 1351 625 inscrutabilia
1367 591 1468 625 sunt

86 674 106 697 »
134 655 295 714 judicia
325 656 418 714 ejus
439 689 449 709 ‚
485 663 529 698 et
555 651 877 711 investigabiles
913 651 994 696 viae
1024 650 1186 710 ipsius!
1218 650 1317 703 Quis
1353 650 1468 694 enim

86 745 106 767 n
141 726 344 784 cognovit
365 740 538 769 sensum
562 723 752 778 Domini,
779 732 852 767 aut
874 722 970 782 quis
993 720 1258 766 consiliarius
1275 720 1339 764 illi
1356 721 1469 765 fuit?

86 814 106 837 »
141 804 217 839 aut
245 795 341 855 quis
372 795 489 854 prior
511 792 632 837 dedit
653 794 715 847 ei,
742 801 785 836 et
802 792 1068 836 retribuetur
1090 791 1160 835 ei?
1181 790 1398 844 Quoniam
1419 806 1470 834 ex

87 885 107 908 »
139 867 229 925 ipso
250 901 260 921 ,
286 877 329 909 et
354 881 430 925 per
451 866 590 924 ipsum
609 899 619 919 ,
651 872 694 908 et
716 863 762 906 in
791 863 882 921 ipso
905 872 1007 906 sunt
1028 862 1173 906 omnia
1197 880 1207 906 ι
1232 862 1313 921 ipsi
1336 861 1470 920 gloria

87 957 106 978 »
142 937 187 980 in
203 936 358 980 saecula
381 934 641 980 saeculorum
658 936 689 976 ².
719 952 738 973 n
763 933 905 977 Etiam
929 933 999 976 hic
1022 933 1121 976 Filii
1144 933 1308 977 mentio
1326 932 1469 976 nomi-

85 1007 218 1050 natim
241 1021 329 1049 non
350 1006 463 1049 lacta
492 1014 569 1050 est.
594 1006 738 1048 Unum
769 1002 876 1047 dicit
898 1018 986 1046 esse
1007 1002 1240 1061 Apostolus
1267 1005 1406 1046 Deum
1428 1010 1471 1045 et·

89 1076 334 1129 Dominum,
351 1090 401 1119 ex
423 1090 510 1134 quo
529 1075 689 1128 omnia,
710 1088 787 1132 per
808 1088 936 1133 quem
961 1072 1121 1127 omnia,
1133 1072 1177 1115 in
1195 1087 1284 1131 quo
1305 1072 1465 1116 omnia.

83 1148 172 1190 Cur
193 1160 293 1202 ergo
322 1144 390 1188 isti
411 1147 593 1202 Moysen
615 1143 693 1187 sibi
724 1142 976 1201 elegerunt,
1003 1157 1133 1202 quem
1156 1142 1315 1186 Joanni
1337 1157 1470 1184 evan-1

85 1214 246 1273 gelistae
280 1223 577 1273 opponerent,
610 1213 794 1257 Paulum
827 1222 972 1256 autem
1005 1211 1254 1271 apostolum
1273 1212 1310 1255 ei
1333 1226 1472 1270 oppo-

84 1300 186 1329 nere
214 1285 480 1329 noluerunt‘?
514 1285 619 1336 Quia
653 1282 814 1327 scilicet
847 1282 1054 1341 imperitis
1094 1281 1344 1326 hominibus
1382 1280 1471 1324 duo

87 1358 359 1400 Testamenta
382 1353 641 1413 persuadere
662 1353 897 1398 voluerunt
919 1368 1006 1396 esse
1034 1353 1277 1408 eontraria3
1307 1361 1355 1396 ut
1383 1367 1470 1395 uno

85 1434 190 1470 teste
212 1434 391 1469 utantur
406 1459 416 1478 ,
442 1424 625 1468 alterum
650 1432 867 1482 respuant.
896 1426 988 1467 Hoc
1010 1423 1124 1466 enim
1154 1423 1384 1481 profitetur
1405 1437 1472 1464 er-

85 1511 153 1539 ror
174 1496 381 1554 ipsorum.
403 1497 511 1538 Nam
530 1494 563 1537 si
586 1502 694 1537 esset
716 1493 839 1548 alius,
865 1494 989 1552 cujus
1002 1493 1105 1536 item
1124 1491 1470 1536 dementissimus

84 1565 204 1610 furor
232 1566 370 1624 ipsum
407 1566 579 1609 Novum
604 1566 929 1607 Testamentum
957 1562 1038 1606 sibi
1063 1562 1329 1606 contrarium
1353 1562 1470 1620 apud

84 1636 304 1695 imperitos
338 1644 569 1679 conaretur
601 1633 857 1689 ostendere3
882 1633 991 1692 quid
1029 1632 1149 1676 aliud
1183 1642 1358 1690 ageret,
1392 1632 1471 1675 nisi

83 1705 454 1766 quemadmodum
479 1705 546 1749 isti
570 1707 751 1761 Moysen
782 1713 825 1747 et
848 1706 1061 1748 Joannem
1078 1738 1089 1757 ,
1111 1704 1168 1746 ita
1192 1702 1265 1746 ille
1284 1702 1470 1746 Paulum

85 1785 128 1820 et
149 1779 362 1820 Joannem
380 1810 390 1830 ,
429 1786 636 1834 tanquam
664 1775 859 1819 inimicos
884 1775 1155 1834 rixantesque
1178 1776 1471 1833 proponeret?

87 1848 205 1892 Sicut
239 1856 384 1891 autem
417 1845 698 1889 sincerissima
729 1856 772 1888 et
808 1846 1026 1889 verissima
1066 1845 1171 1889 fides
1193 1843 1471 1889 commendat

90 1916 207 1960 Pauli
229 1916 494 1975 Joannisque
514 1914 791 1959 concordiam
813 1934 822 1969 3
847 1922 889 1956 et
912 1913 955 1956 in
975 1928 1026 1957 eo
1043 1914 1163 1971 quod
1187 1915 1338 1958 beatus
1358 1919 1470 1958 Pau-

86 1987 152 2031 lus
166 1987 224 2030 ait
247 2006 254 2029 :
284 2005 302 2026 «
329 1988 392 2029 Ex
420 1985 533 2044 ipso,
565 1993 607 2028 et
631 1999 706 2043 per
730 1984 893 2041 ipsum,
920 1991 962 2026 ct
984 1983 1027 2025 in
1050 1982 1142 2041 ipso
1174 1992 1274 2026 sunt
1297 1985 1437 2027 onmia
1456 2019 1466 2037 ,

89 2075 108 2098 »
144 2072 232 2101 non
253 2055 390 2100 solum
419 2058 585 2099 Patrem
606 2089 616 2108 ,
642 2052 717 2097 sed
741 2061 782 2096 et
808 2051 966 2095 Filium
985 2060 1025 2095 et
1047 2052 1253 2110 Spiritum
1273 2063 1468 2096 sanctum

90 2145 108 2167 »
143 2126 271 2170 docet
294 2124 476 2183 intelligi
500 2145 508 2169 2
534 2143 552 2164 υ
581 2124 648 2168 Sic
671 2123 808 2180 Moysi
835 2132 876 2166 et
899 2122 1077 2166 Joannis
1098 2137 1247 2180 pacem
1274 2122 1465 2171 intuens,

88 2198 129 2239 in
154 2213 204 2240 co
227 2195 346 2255 quod
368 2199 538 2252 Moyses
561 2195 691 2238 dixit:
708 2212 726 2234 «
752 2197 797 2236 ln
818 2193 1028 2251 principio
1050 2193 1147 2235 lecit
1175 2196 1282 2234 Deus
1306 2192 1466 2235 mutum

91 2285 109 2307 »
144 2276 186 2310 et
203 2278 357 2311 terram
378 2301 388 2319 ‚
414 2284 433 2306 η
458 2266 489 2309 si
512 2264 771 2324 principium
796 2263 949 2321 accipit
970 2262 1171 2319 temporis
1187 2296 1199 2315 ‚
1221 2261 1326 2304 nihil
1351 2261 1466 2304 aliud

87 2405 277 2463 agnoscit
298 2427 308 2460 3
334 2415 408 2449 aut
432 2405 688 2464 principium
716 2404 757 2445 in
782 2418 869 2461 quo
896 2402 994 2443 lecit
1016 2404 1123 2443 Deus
1146 2400 1305 2444 emtum
1325 2411 1366 2444 et
1392 2410 1468 2443 tor-

90 2492 175 2520 rain
194 2512 204 2530 ,
232 2477 369 2535 ipsum
396 2476 548 2518 Filium
576 2478 877 2517 incunctanter
901 2471 1189 2529 amplectitur.
1215 2470 1349 2514 Multa
1369 2480 1467 2512 sunt

88 2545 164 2589 alia
182 2545 532 2605 quiem-cundum
551 2546 623 2588 lias
640 2544 806 2601 regulas
827 2541 1052 2584 locutionis
1067 2540 1310 2583 divinarum
1328 2540 1468 2597 Scrip-

137 2638 144 2653 ¹
177 2632 296 2663 Multi..
322 2643 352 2671 v,
375 2630 427 2672 sisi,
450 2631 500 2662 3523,
519 2647 557 2652 -
583 2637 594 2652 Ἰ
621 2633 709 2660 nom.
736 2640 779 2667 xi,
803 2628 854 2665 33,
874 2631 933 2656 vir.
