1867 3320
323 290 532 320 EPISTOLAE
563 288 618 318 An
650 288 848 318 ROMAtvos
879 290 1114 319 EXPOSITto.
1358 286 1412 324 67

35 378 56 402 n
88 358 219 417 digna
237 358 375 417 plagis
391 393 402 413 ‚
422 356 650 417 vapulabit
670 356 808 400 multa
824 358 853 399 ¹.
878 375 898 397 ³)
916 358 973 401 Ut
990 358 1073 400 hoc
1095 366 1298 416 putemus
1318 360 1412 406 dic-

33 439 124 475 tum
142 443 252 482 esse,
278 427 398 488 quod
421 427 587 472 dictum
611 435 675 470 est
693 461 704 481 ,
726 425 950 486 vapulabit
972 441 1106 486 pauca
1122 462 1132 481 ,
1158 436 1363 488 tanquam
1383 432 1418 475 si

33 500 223 554 diceret,
259 498 413 543 leviter
446 497 703 542 emendatus
734 496 786 541 ad
819 497 990 541 veniam
1016 498 1249 557 pertinebit
1272 519 1279 543 :
1305 500 1350 543 in
1372 516 1422 546 eo

33 585 134 616 vero
169 568 290 629 quod
321 568 488 613 dictum
516 576 603 623 est,
639 566 867 626 vapulabit
899 566 1063 623 multa,
1105 568 1418 628 sempiternum

34 639 293 699 supplicium
334 638 605 697 intelligatur
623 673 633 693 ,
669 639 790 697 quod
829 638 1022 682 minatur
1051 640 1335 698 peccantibus
1375 640 1421 684 in

36 710 241 770 Spiritum
271 719 496 763 sanctum,
536 708 696 768 quibus
729 707 836 752 dicit
863 723 1090 768 nunquam
1115 724 1238 768 posse
1260 709 1422 755 dimitti

33 790 259 842 peccatum
285 799 294 824 ι
315 789 363 824 ut
381 779 465 823 hoc
487 779 542 822 sit
562 793 740 838 peccare
761 779 806 822 in
833 779 1043 845 Spiritum
1066 790 1266 824 sanctum
1283 817 1293 836 ‚
1315 797 1421 842 cog-

34 852 122 897 nita
140 853 215 896 Dei
235 850 460 896 voluntate
482 865 675 910 peccare.
698 848 826 903 Quod
848 850 882 894 si
904 849 962 895 ita
986 860 1065 907 est,
1091 853 1266 910 cogitari
1289 869 1420 913 opor-

35 931 124 978 tet,
148 930 192 966 et
223 921 379 966 discuti
403 921 520 980 prius
555 919 735 980 quando
773 931 1062 980 cognoscatur
1099 923 1301 968 voluntas
1323 924 1417 969 Dei.

34 992 242 1038 Nonnulli
264 993 379 1035 enim
410 1000 454 1035 et
476 1000 576 1035 ante
598 1001 853 1051 perceptum
878 992 1077 1051 baptismi
1105 1005 1424 1039 sacramentum

35 1070 332 1120 cognoverunt
353 1077 460 1105 eam.
482 1063 591 1106 Nam
615 1070 658 1105 et
675 1061 902 1106 Cornelius
915 1063 1125 1108 Centurio
1148 1063 1424 1110 voluntatem

35 1133 111 1178 Dei
129 1133 282 1193 utique
305 1131 501 1191 apostolo
525 1134 654 1176 Petro
671 1130 855 1176 docente
872 1134 1094 1192 cognovit,
1113 1143 1155 1178 et
1176 1136 1316 1194 ipsum
1333 1134 1426 1196 Spi-

37 1204 166 1249 ritum
186 1213 384 1249 sanctum
406 1203 764 1248 manifestissimis
784 1204 1144 1249 coattestantibus
1166 1207 1293 1265 signis
1314 1243 1324 1262 ,
1347 1223 1425 1251 an-

35 1283 212 1335 tequam
237 1275 503 1334 baptizetur,
528 1274 752 1333 accepit22
777 1290 1030 1335 quanquam
1054 1292 1143 1321 non
1164 1277 1260 1320 idco
1286 1293 1423 1322 sacra-

35 1356 180 1392 menta
201 1346 276 1391 illa
293 1346 626 1405 contempserit,
650 1345 723 1389 sed
746 1346 888 1390 multo
906 1347 1063 1390 certius
1084 1348 1324 1407 baptizatus
1340 1349 1422 1408 sit3

36 1425 84 1462 ut
118 1417 248 1461 etiam
286 1417 376 1476 ipsa
400 1425 669 1460 sacrosancta
703 1415 952 1475 signacula,
988 1432 1176 1476 quorum
1217 1435 1281 1463 res
1304 1420 1348 1463 in
1372 1435 1423 1465 eo

0 1486 1 1525 ἶ
35 1495 324 1547 praecesserat,
341 1486 396 1531 ad
416 1485 723 1546 perficiendam
742 1486 963 1531 scientiam
986 1487 1178 1532 veritatis
1201 1492 1423 1551 percipere

35 1556 157 1602 nullo
179 1558 310 1602 modo
333 1565 591 1601 moraretur.
631 1555 759 1601 Multi
783 1565 930 1601 autem
965 1573 1044 1602 nec
1071 1569 1169 1618 post
1193 1572 1422 1622 acceptum

36 1626 297 1685 baptismum
315 1632 470 1669 curant
491 1638 750 1682 cognoscere
775 1627 1046 1672 voluntatem
1078 1630 1164 1674 Dei.
1191 1633 1425 1692 Quaprop-

37 1704 102 1741 ter
122 1695 318 1756 quisquis
345 1702 444 1738 ante
467 1693 730 1752 baptismum
755 1697 926 1751 cognita
949 1695 1027 1738 Dei
1060 1695 1287 1743 voluntate
1319 1717 1424 1761 pcc-

37 1766 223 1820 caverst,
256 1780 344 1808 non
379 1778 608 1823 possumus
630 1762 796 1818 dicere,
829 1773 903 1808 aut
942 1763 1034 1808 ullo
1059 1766 1190 1811 modo
1214 1769 1390 1815 credere
1410 1806 1422 1828 ‚

39 1852 135 1882 cum
155 1836 209 1881 ad
234 1836 495 1895 baptismum
518 1834 762 1889 accesserit,
782 1850 871 1878 non
895 1836 932 1878 ei
956 1835 1117 1880 dimitti
1139 1840 1284 1885 omnia
1303 1859 1426 1903 quae-

39 1922 226 1966 cumque
248 1906 457 1965 peccavit.
490 1908 587 1949 Huc
615 1903 781 1948 accedit
804 1904 923 1964 quod
942 1905 1141 1952 voluntas
1162 1911 1235 1953 Dei
1259 1911 1302 1955 in
1326 1913 1425 1958 dili-

41 1976 182 2037 gendo
205 1980 292 2020 Deo
314 1984 356 2019 et
384 1975 583 2034 proximo
620 1975 806 2018 breviter
838 1975 1083 2020 insinuetur
1119 1979 1421 2040 credentibus,

41 2048 98 2092 ita
122 2056 170 2090 ut
190 2046 235 2089 in
258 2046 322 2089 his
345 2045 519 2088 duobus
539 2045 763 2104 praeceptis
782 2054 870 2089 tota
887 2048 973 2089 ch
992 2047 1194 2106 pendeat,
1214 2061 1257 2095 ct
1275 2069 1425 2099 omnes

43 2117 314 2177 Prophetae&
341 2114 623 2159 Dilectionem
647 2124 791 2158 autem
817 2117 1023 2174 proximi,
1050 2117 1092 2162 id
1116 2128 1206 2175 est,
1232 2122 1427 2168 dilectio.

43 2202 140 2234 nem
163 2188 349 2232 hominis
367 2200 504 2245 usque
528 2185 582 2229 ad
604 2184 765 2230 inimici
789 2184 1068 2232 dilectionem
1090 2225 1100 2242 ‚
1128 2191 1254 2235 nobis
1279 2195 1426 2239 Domi-

44 2258 230 2317 nusipse
246 2254 524 2301 commendat
551 2275 559 2299 2
586 2264 629 2299 et
649 2256 846 2300 videmus
863 2274 994 2317 quam
1023 2259 1146 2303 multi
1164 2262 1254 2320 jam
1280 2263 1426 2325 bapti-

45 2329 147 2383 zati,
173 2338 216 2373 et
237 2344 335 2372 vera
353 2342 441 2371 csse
460 2328 536 2371 ista
561 2326 801 2384 fateantur,
825 2339 867 2372 et
887 2339 1092 2389 tanquam
1122 2333 1290 2379 Domini
1314 2353 1427 2396 prae-

47 2408 167 2459 cepta
189 2407 481 2455 venerentur,
520 2411 619 2442 cum
644 2407 788 2442 autem
825 2400 1011 2459 perpessi
1051 2399 1210 2447 suerint
1249 2406 1372 2468 alicuj
1383 2425 1428 2453 us

47 2468 304 2524 inimicitias,
328 2470 384 2513 ita
405 2469 634 2528 rapiuntur
652 2469 796 2513 animo
818 2469 871 2513 ad
897 2470 1210 2527 ulciscendum,
1237 2486 1279 2520 ct
1302 2487 1429 2523 tanus

47 2539 325 2588 inardescunt
354 2540 522 2586 facibus
552 2539 777 2597 odiorum,
813 2550 862 2585 ut
885 2556 964 2584 nec
997 2542 1165 2600 prolato
1187 2554 1230 2590 ct
1254 2549 1430 2595 recitato

97 2627 201 2663 ¹Luc.
221 2637 275 2671 ιιι,
296 2626 350 2670 47.
371 2641 412 2652 -—
432 2631 446 2652 ²
464 2626 538 2661 Act.
554 2634 588 2668 x,
607 2636 638 2668 1,
658 2629 772 2660 otc.-
794 2624 807 2650 3
826 2625 948 2658 Matth.
971 2626 1116 2669 xxn,.1o.

1230 2686 1267 2724 5,
