1924 3309
475 249 557 287 382
894 255 929 286 s.
964 254 1194 288 ‚mensum
1225 258 1406 288 Emscom

470 333 573 369 sunt
593 324 826 368 secutura?
847 324 1045 384 Cogitate
1061 359 1071 379 ,
1097 323 1249 368 fratres
1266 359 1277 379 ,
1303 324 1513 369 advertite
1533 322 1580 366 in
1610 321 1732 366 libris
1752 323 1856 382 ipsis

467 395 696 449 Gentium,
717 395 865 439 audite
888 396 943 439 ab
966 396 1025 439 eis
1039 429 1049 449 ,
1070 395 1117 438 in
1139 394 1301 455 quibus
1316 395 1448 455 ipsius
1470 393 1734 438 infelicitatis
1755 393 1858 438 relie-

467 466 584 526 quiae
610 476 908 511 remanserunt
929 469 993 525 (3)
1027 485 1036 511 :
1060 466 1130 511 vel
1156 465 1398 522 audiendo,
1419 466 1489 512 vel
1521 465 1732 525 legendo,
1753 479 1855 524 cog-

471 537 638 590 noscite
664 536 829 582 litteras
849 551 1000 581 eoxum
1026 554 1035 580 :
1060 545 1104 580 et
1135 535 1281 581 videte
1301 537 1403 596 quia
1437 536 1499 580 illi
1527 545 1570 580 et
1601 537 1669 580 isti
1695 535 1757 580 dii
1781 551 1855 581 ro-

470 607 592 653 mani
607 617 833 652 vocantur.
853 610 970 666 Ergo
987 607 1057 651 ist1
1076 607 1135 650 dii
1156 616 1368 651 vocantur
1384 607 1585 652 Romani.
1603 609 1661 650 Et
1677 605 1856 667 quando

469 678 702 724 Christiani
724 678 1018 737 cogebantur,
1053 676 1266 721 fremente
1287 678 1456 737 impetu
1483 680 1782 735 Paganorum,
1807 685 1859 721 ut

456 746 458 748 ’
470 764 541 793 eos
557 748 802 804 adorarent,
815 757 1127 803 etrecusanteS‚
1141 762 1293 792 eorum
1307 747 1515 792 saevitiam
1527 762 1668 808 usque
1681 746 1737 791 ad
1748 747 1858 791 effu-

470 821 633 864 ¹sionem
667 819 888 878 sanguinis
914 820 1222 877 sustinebant3
1261 835 1310 864 ea
1343 818 1576 865 videbatur
1607 827 1699 863 tota
1729 817 1859 877 culpa

467 893 709 947 Martyrum
726 924 737 945 ,
773 905 962 949 quorum
992 889 1261 934 fundebatur
1288 889 1461 948 sanguis
1480 925 1492 948 ,
1518 889 1620 949 quia
1653 889 1758 933 deos
1785 903 1860 932 ro-

467 975 618 1004 manos
644 959 824 1004 adorare
856 960 1093 1015 nolebant,
1119 960 1221 1019 quia
1242 959 1508 1004 ceremonias
1531 973 1633 1017 erga
1655 957 1759 1003 deos
1787 973 1861 1002 ro-

469 1046 620 1075 manos
654 1031 938 1090 respuebant,
969 1031 1072 1091 quia
1094 1031 1281 1075 romanis
1303 1030 1383 1075 diis
1405 1046 1493 1074 non
1522 1029 1858 1089 supplicabant3

471 1110 514 1144 et
534 1110 650 1145 totus
668 1101 880 1160 impetus,
915 1110 1006 1146 tota
1027 1100 1189 1145 invidia
1211 1116 1300 1145 non
1322 1101 1475 1156 fiebat,
1501 1100 1582 1144 nisi
1603 1099 1658 1143 de
1682 1099 1862 1143 nomine

471 1172 653 1216 deorum
685 1187 980 1216 romanorum.
1019 1172 1061 1216 Si
1089 1186 1190 1229 ergo
1212 1171 1272 1215 dii
1294 1172 1463 1216 romani
1496 1174 1650 1215 Romae
1682 1170 1862 1214 defece-

471 1251 594 1296 runt,
620 1242 692 1286 hic
709 1257 844 1301 quare
863 1243 1193 1285 remanserunt?
1209 1243 1313 1285 Haec
1335 1256 1452 1298 ergo,
1474 1240 1652 1296 fratres,
1678 1241 1771 1284 haec
1794 1249 1863 1285 at-

472 1312 659 1366 tendite,
679 1313 773 1357 haec
791 1312 905 1368 dixi,
927 1313 1021 1356 haec
1042 1312 1254 1355 inhibete.
1286 1312 1353 1356 Dii
1375 1312 1567 1367 romani,
1587 1311 1650 1354 dii
1673 1311 1860 1367 romani,

472 1382 531 1426 dii
567 1384 749 1428 romani.
776 1383 818 1428 Si
854 1398 957 1442 ergo
986 1382 1045 1426 dii
1079 1383 1247 1427 romani
1283 1385 1434 1427 Romae
1468 1381 1725 1427 defecerunt
1745 1417 1755 1437 ,
1791 1382 1864 1426 hic

472 1469 607 1513 quare
635 1455 966 1498 remanserunt?
991 1455 1033 1498 Si
1056 1453 1280 1497 ambulare
1308 1462 1483 1513 possent
1498 1489 1508 1508 ,
1545 1452 1740 1497 dicerent
1759 1453 1864 1512 quia

472 1524 558 1568 huc
581 1524 682 1566 inde
707 1522 933 1581 fugerunt.
965 1522 1049 1567 Sed
1071 1538 1160 1567 non
1191 1524 1402 1582 fugerunt
1424 1543 1432 1568 :
1453 1531 1753 1567 remanserunt
1775 1522 1835 1566 ibi
1849 1557 1861 1578 ,

474 1597 642 1638 Romae.
669 1593 755 1646 Qui
782 1592 1018 1652 aliquando
1053 1592 1195 1637 dictus
1229 1602 1292 1637 est
1313 1593 1420 1637 deus
1453 1592 1659 1637 Hercules
1675 1627 1686 1648 ,
1711 1595 1863 1637 Romae

468 1665 559 1722 jam
577 1679 665 1708 non
690 1673 768 1707 est.
796 1664 876 1707 Hic
899 1672 1044 1706 autem
1060 1664 1191 1707 etiam
1210 1663 1347 1707 barba
1366 1663 1574 1707 deaurata
1596 1678 1687 1707 esse
1706 1662 1859 1708 voluit.

475 1734 627 1779 Erravi
640 1732 768 1792 plane
780 1768 790 1788 ‚
808 1734 910 1792 quia
931 1732 1035 1787 dixi,
1056 1748 1146 1776 esse
1161 1733 1315 1777 voluit.
1337 1733 1454 1785 Quid
1469 1734 1586 1776 enim
1603 1733 1700 1779 vult
1718 1734 1865 1778 insen-

475 1813 591 1848 satus
612 1803 750 1862 lapis?
783 1802 862 1846 Ille
893 1816 996 1859 ergo
1022 1801 1131 1845 nihil
1157 1801 1317 1856 voluit,
1352 1802 1460 1845 nihil
1483 1802 1640 1861 potuit.
1669 1802 1752 1847 Sed
1788 1802 1864 1863 qui

475 1874 674 1919 deaurari
697 1888 797 1917 eum
818 1873 1080 1926 voluerunt,
1105 1873 1160 1915 de
1193 1887 1288 1915 raso
1318 1872 1607 1916 erubuerunt.
1636 1875 1864 1932 Suggestio

474 1946 622 2004 itaque
645 1945 788 1988 nescio
819 1958 920 2003 quae
939 1957 1053 1987 novo
1075 1942 1220 1986 Judici
1253 1942 1459 2002 obrepsit.
1487 1942 1602 1997 Quid
1626 1944 1745 2002 egit?
1766 1947 1864 1989 Non

473 2017 559 2073 egit
572 2016 725 2075 utique
743 2023 793 2058 ut
810 2031 833 2058 a
848 2014 1095 2060 Christiano
1106 2012 1214 2072 lapis
1225 2014 1540 2073 honoraretur,
1558 2014 1634 2058 sed
1650 2023 1700 2058 ut
1716 2014 1864 2060 Chris-

476 2087 614 2130 tianus
628 2085 690 2130 illi
705 2084 999 2145 superstitioni
1012 2083 1066 2128 ad
1078 2083 1323 2128 radendum
1337 2084 1590 2128 misceretur
1609 2103 1618 2129 ε
1633 2100 1722 2129 non
1741 2084 1863 2129 incli-

473 2157 593 2201 navit
615 2156 672 2200 ad
692 2154 1053 2215 obsequendum,
1078 2152 1153 2197 sed
1169 2154 1306 2199 movit
1324 2153 1379 2198 ad
1399 2153 1728 2198 vindicandum.
1755 2157 1863 2199 Fra·

475 2237 576 2282 tres,
591 2235 699 2287 puto
715 2225 1043 2284 ignominiosius
1060 2222 1189 2268 fuisse
1208 2223 1385 2269 Herculi
1401 2224 1585 2269 barbam
1604 2224 1713 2279 radi,
1731 2239 1863 2284 quam

475 2307 606 2357 caput
619 2298 813 2357 praecidi.
832 2296 962 2350 Quod
979 2311 1082 2355 ergo
1103 2296 1292 2354 positum
1310 2305 1374 2340 est
1391 2311 1492 2340 cum
1509 2311 1654 2340 errore
1667 2295 1859 2350 illorum,

477 2368 672 2413 ablatum
692 2377 757 2412 est
778 2383 879 2413 curn
901 2367 1114 2413 dedecore
1135 2366 1325 2411 illorum.
1352 2371 1466 2412 Deus
1498 2366 1764 2412 fortitudinis
1792 2383 1864 2412 so-

478 2438 537 2482 let
559 2437 644 2482 dici
666 2438 873 2483 Hercules
899 2457 908 2483 ·.
933 2447 1022 2483 tota
1046 2438 1182 2482 virtus
1204 2438 1294 2496 ejus
1313 2437 1359 2480 in
1381 2438 1534 2482 barba.
1559 2437 1676 2483 Malo
1695 2453 1773 2482 suo
1793 2452 1862 2481 re-

478 2509 621 2566 fulsit,
640 2508 760 2569 quod
778 2524 868 2553 non
888 2509 1087 2568 fulgebat
1106 2508 1203 2553 luce
1225 2508 1444 2554 dominica
1460 2544 1471 2564 ,
1496 2524 1585 2554 non
1600 2524 1623 2554 a
1639 2508 1760 2564 luce,
1785 2506 1860 2553 sed

477 2595 500 2622 a
522 2579 621 2624 luco
649 2578 863 2638 fulgebat.
