1924 3309
1902 82 1906 98 0

1902 113 1906 151 ff

1902 208 1905 251 l

492 311 572 348 180
930 318 964 347 s.
1001 316 1229 347 Aucusnm
1265 321 1443 348 EPISCOPI
1902 266 1905 370 Ξ

1902 367 1905 395 l

1902 424 1905 472 ἰ

490 405 509 427 »
545 400 614 429 me
636 384 754 429 sit.»
781 384 996 439 Perrexit,
1016 392 1058 428 et
1076 383 1223 427 attulit
1239 384 1348 429 duos
1366 383 1544 429 haedos.
1566 383 1670 428 sacti
1692 393 1810 440 sunt,
1826 393 1869 429 et

484 456 686 517 apposuit
707 455 819 515 patri
840 471 948 500 suo:
966 464 1010 499 et
1026 454 1400 514 quemadmodum
1420 454 1639 515 praedixit,
1657 455 1760 515 quia
1781 470 1870 499 non
1902 474 1905 531 5

482 526 609 571 illum
633 525 926 585 agnoscebat
916 540 961 568 ιη
982 539 1104 579 voce,
1130 524 1288 583 tetigi.,t
1310 525 1478 569 invenit
1498 524 1640 583 pilos,
1664 524 1767 584 quia
1784 524 1905 583 pel-

482 596 600 642 libus
630 595 858 641 haedorum
880 594 1228 640 circumdederat
1258 604 1394 639 mater
1427 595 1602 639 brachia
1623 595 1749 654 ejus:
1775 609 1870 639 cre·
1901 580 1905 686 ἰ

483 667 595 713 didit
616 682 824 727 majorem
847 681 964 721 esse,
989 673 1033 709 et
1054 664 1293 709 benedixit.
1320 668 1372 709 In
1399 665 1706 710 benedictione
1733 666 1872 725 majo·
1901 694 1904 703 -

481 753 575 782 rem
597 736 880 792 intendebat,
909 745 953 780 et
973 734 1222 780 benedictio
1245 734 1300 779 ad
1331 735 1544 780 minorem
1575 735 1868 795 perveniebat.

481 808 598 863 Quid
614 817 678 853 est
695 823 799 867 ergo
816 806 938 868 quod
955 807 1037 851 sub
1061 806 1202 866 specie
1223 806 1396 866 majoris
1410 805 1686 851 benedicitur
1705 806 1870 863 minor,
1902 852 1903 858 ,

480 878 564 922 nisi
580 878 682 938 quia
703 878 785 922 sub
819 877 970 937 figuris
994 877 1161 921 Veteris
1190 877 1453 921 Testamenti
1480 877 1676 936 promissi
1710 875 1873 936 populo
1901 865 1904 920 ξ

480 948 765 1004 Judaeorum,
811 949 1010 1008 pervenit
1051 946 1301 993 benedictio
1331 946 1534 1007 spiritalis
1566 948 1622 992 ad
1658 946 1873 1007 populum
1901 947 1904 998 '3

481 1021 865 1066 Christianorum?
899 1019 1152 1075 Attendite,
1187 1017 1371 1064 fratres:
1399 1018 1585 1063 audiunt
1616 1018 1680 1062 illi
1715 1026 1874 1062 terram
1900 1020 1903 1072 ,i

480 1092 777 1151 promissionis
795 1126 806 1146 ,
828 1091 1030 1135 audimus
1052 1099 1096 1134 et
1116 1105 1196 1135 nos
1216 1109 1225 1134 ε
1252 1099 1463 1150 tanquam
1486 1089 1542 1134 ad
1563 1091 1587 1133 J
1592 1088 1740 1133 udaeos
1760 1086 1874 1133 vide·
1900 1078 1903 1158 ξ

481 1171 556 1206 tur
579 1163 802 1223 Scriptura
820 1162 943 1223 loqui
974 1162 1029 1206 de
1056 1171 1170 1206 terra
1191 1161 1510 1240 promissionis,
1533 1169 1577 1205 et
1599 1159 1654 1204 ad
1676 1174 1754 1204 nos
1775 1174 1874 1218 per·
1900 1167 1903 1218 ,ἴ

481 1233 603 1278 venit
633 1233 881 1278 intellectus
916 1242 1044 1277 terrae
1077 1232 1403 1291 promissionis,
1429 1231 1505 1291 qui
1542 1230 1725 1275 dicimus
1746 1233 1871 1275 Deo:

486 1324 509 1347 «
546 1306 649 1364 Spes
670 1318 767 1347 mea
791 1319 834 1347 es
853 1314 933 1359 tu,
958 1303 1100 1362 portio
1119 1318 1217 1348 mea
1237 1303 1282 1347 in
1303 1312 1417 1347 terra
1439 1302 1680 1347 viventium
1694 1303 1725 1345 1.
1749 1319 1770 1342 »
1793 1293 1902 1346 Sed'⁸
1895 1322 1901 1349 ι

483 1375 567 1419 hoc
589 1382 639 1417 ut
676 1372 940 1428 diceremUS,
983 1382 1123 1417 mater
1155 1389 1233 1417 nos
1255 1372 1434 1429 docuit,
1461 1372 1508 1417 id
1530 1382 1621 1429 est,
1651 1373 1699 1416 in
1720 1370 1875 1417 sanctis
1899 1353 1902 1423 ἶ

483 1443 707 1490 Ecclesia
697 1459 788 1503 ipsa
812 1443 1040 1502 Prophetis
1073 1442 1200 1487 docet
1232 1458 1332 1499 nos,
1358 1443 1731 1505 quemadmodum
1754 1441 1901 1503 spiri-
1899 1474 1901 1479 .

482 1513 628 1559 taliter
645 1514 974 1573 intelligamus
964 1528 1055 1573 ipsa
1074 1514 1283 1573 promissa
1305 1514 1510 1559 carnalia.
1898 1514 1901 1520 “

541 1588 664 1631 XIV.
689 1584 774 1630 Sed
796 1600 886 1630 non
906 1594 1053 1645 posset
1075 1585 1130 1629 ad
1154 1600 1232 1630 nos
1249 1587 1476 1645 pervenire
1498 1580 1774 1636 benedictio,
1799 1582 1900 1629 nisi
1897 1593 1901 1612 ³

479 1658 569 1716 jam
603 1655 805 1697 mundati
838 1672 862 1696 a
897 1656 1083 1712 peccatis
1113 1668 1189 1711 per
1217 1655 1490 1696 nativitatem
1513 1638 1900 1710 regenerationis,
1897 1700 1899 1742 1

486 1725 671 1769 aliorum
705 1731 883 1781 peccata
914 1737 991 1781 per
1025 1720 1252 1765 tolerantia
1282 1731 1521 1780 pottemus.
1562 1722 1725 1766 Genuit
1763 1722 1899 1775 enim

486 1803 626 1839 mater
647 1793 798 1837 ambos
820 1792 947 1836 filios.
980 1791 1226 1847 Intendite,
1254 1791 1443 1837 tratres:
1468 1791 1617 1850 genuit
1638 1807 1778 1836 unum
1807 1787 1899 1857 pi-j
1898 1819 1899 1823 =

487 1865 659 1920 losum,
700 1862 806 1907 alter
811 1878 886 1906 um
919 1862 1076 1906 lenem.
1106 1862 1187 1905 Pili
1222 1872 1397 1922 peccata
1420 1862 1685 1921 significant,
1726 1862 1898 1907 lenitas

487 1945 634 1981 autem
656 1932 1052 1987 mansuetudinem,
1077 1932 1121 1975 id
1144 1941 1229 1987 est,
1250 1932 1511 1976 munditiem
1529 1948 1553 1977 a
1569 1933 1770 1992 peccatis.
1784 1936 1898 1977 Duo

487 2007 566 2051 filii
586 2005 941 2050 benedicuntur:
967 2004 1069 2063 quia
1104 2002 1193 2047 duo
1222 2018 1379 2062 gwenera
1412 2003 1632 2048 benedicit
1669 2003 1872 2048 Ecclesia.
1895 2005 1897 2028 ¹

488 2075 722 2132 Quomodo
743 2074 852 2120 duos
874 2074 1044 2134 peperit
1062 2074 1277 2127 Rebecca,
1304 2082 1566 2132 generantur
1587 2074 1632 2118 in
1651 2083 1777 2118 utero
1799 2076 1897 2120 Ec-:

489 2148 631 2193 clesiae
653 2146 766 2201 duo,
791 2161 906 2189 unus
923 2144 1111 2204 pilosuS,
1140 2144 1247 2187 alter
1268 2143 1406 2189 lenis:
1441 2159 1629 2222 quorum
1649 2136 1896 2203 diversita-{

488 2229 580 2264 tem
601 2217 893 2277 exposuimus.
923 2217 1033 2260 Sunt
1055 2214 1171 2258 enim
1194 2214 1391 2258 homines
1410 2215 1486 2275 qui
1503 2230 1583 2259 nec
1601 2223 1696 2275 post
1719 2215 1895 2275 baptis

489 2304 612 2333 mum
641 2288 798 2333 volunt
818 2286 1037 2330 dimittere
1062 2293 1236 2344 peccata
1258 2300 1360 2340 sua,
1385 2294 1429 2328 et
1451 2300 1500 2329 ea
1526 2284 1681 2330 volunt
1712 2276 1895 2340 facere,

490 2375 590 2421 quae
613 2368 739 2402 antea
762 2356 996 2401 faciebant.
1023 2355 1155 2399 Verbi
1178 2355 1340 2414 gratia,
1369 2355 1411 2400 Si
1432 2354 1650 2399 faciebant
1671 2355 1844 2400 fraudes
1859 2384 1894 2410 ‚.
1923 2412 1924 2419 ἵ

490 2429 648 2474 volunt
668 2428 827 2471 iterum
858 2425 1060 2471 fraudare
1086 2444 1093 2468 :
1120 2425 1153 2468 si
1174 2424 1449 2470 mendacium
1469 2425 1698 2486 jurabant,
1723 2424 1893 2470 volunt'
1920 2422 1924 2474 l

491 2501 635 2545 adhuc
652 2500 844 2559 pejerare
865 2518 875 2544 z
898 2499 933 2542 si
952 2496 1351 2542 circumveniebant
1372 2496 1481 2541 dolis
1504 2497 1779 2554 innocentes,
1799 2512 1873 2542 vo·
1891 2485 1893 2536 l
1921 2475 1924 2520 ι

490 2572 591 2615 lunt
613 2570 756 2615 adhuc
777 2568 1111 2615 circumvenire:
1128 2568 1162 2612 si
1184 2567 1418 2612 homicidia
1435 2567 1706 2625 cogitabant,
1726 2566 1872 2612 eadem
1892 2568 1893 2573 ’

541 2662 550 2677 ¹
572 2656 654 2688 Psal.
672 2666 755 2697 extr,
769 2656 791 2687 6
