1924 3309
465 308 543 344 ³222
893 317 923 344 s.
965 317 1193 344 amosa-tm
1227 318 1405 344 errscori

460 383 575 427 enim
588 398 677 446 non
688 383 800 426 fiunt
813 398 924 426 mem
933 384 1005 426 bra
1020 392 1093 426 tua
1105 396 1220 425 arma
1234 383 1368 441 iniqui
1377 385 1486 438 tatis,
1499 381 1749 442 estquidcm
1760 382 1840 426 ini-

459 453 603 513 quitas
624 453 669 496 in
689 452 894 496 membris
908 453 1007 506 tuis,
1024 451 1070 494 in
1091 450 1308 495 desideriis
1329 452 1508 508 illicitis,
1533 453 1609 497 sed
1630 467 1720 496 non
1742 467 1842 510 reg-

462 532 553 567 nat.
578 522 805 575 Quomodo
840 530 1014 579 regnat,
1047 521 1123 580 qui
1151 536 1269 564 arma
1300 537 1388 565 non
1421 523 1590 567 habet?
1620 526 1720 566 Pars
1742 530 1840 577 tua,

461 608 562 638 caro
585 601 660 637 tua
675 627 686 648 ,
711 590 1062 651 concupiscentia
1077 590 1217 635 carnis
1233 599 1322 634 tuae
1338 590 1550 650 languore
1564 592 1746 637 rebellat
1767 592 1846 636 ad-

459 679 608 710 versus
630 673 688 709 te.
713 667 917 722 Languor
937 662 1016 706 iste
1036 671 1250 720 tyrannus
1271 670 1361 706 est:
1379 662 1412 706 si
1423 663 1487 707 vis
1500 672 1543 707 te
1559 663 1736 721 tyranni
1757 677 1847 708 esse

461 737 671 782 victorem
689 770 699 790 ,
721 734 943 780 Christum
962 734 1117 779 invoca
1137 733 1459 791 imperatorem.

520 809 619 850 VII.
636 808 746 851 Nam
768 805 855 849 scio
877 804 984 865 quid
1003 805 1112 849 mihi
1134 819 1227 848 eras
1242 805 1439 850 dicturus
1453 840 1464 860 ,
1500 805 1571 851 vel
1601 804 1709 865 quid
1731 803 1850 864 apud

460 888 505 922 te
526 878 669 936 ipsum
683 877 815 922 modo
838 876 970 921 dicas.
997 876 1200 936 Quisquis
1221 876 1318 922 talis
1339 878 1409 922 hic
1437 892 1481 921 es
1497 911 1508 928 ,
1532 886 1577 920 et
1605 875 1726 920 audis
1754 889 1848 931 me,

461 948 549 993 scio
572 948 680 1007 quid
712 948 792 992 tibi
826 948 943 992 intus
973 946 1179 1007 loquatur
1195 948 1415 1007 iniquitas.
1452 947 1609 992 Adhuc
1632 947 1746 991 enim
1769 946 1852 991 sub

458 1021 568 1079 jugo
586 1033 630 1063 es
649 1019 905 1078 iniquitatis,
923 1018 1104 1078 quando
1115 1033 1205 1062 non
1220 1019 1414 1076 agnoscis
1430 1018 1619 1077 pretium
1637 1016 1854 1075 Redemp-

460 1090 580 1134 toris.
609 1090 704 1134 Scio
727 1089 835 1149 quid
859 1090 939 1133 tibi
960 1088 1092 1133 dicas.
1118 1091 1231 1133 Ecce
1247 1088 1516 1148 concupiscit
1537 1103 1639 1132 caro
1659 1103 1756 1132 mea
1776 1086 1855 1131 ad-

461 1175 609 1204 versus
631 1160 830 1218 spiritum
850 1174 998 1203 meum
1017 1194 1028 1214 ,
1060 1159 1329 1218 concupiscit
1351 1159 1640 1216 adulterium,
1666 1156 1741 1202 sed
1764 1173 1855 1202 non

464 1229 689 1274 consentio
701 1263 716 1284 ,
730 1244 820 1273 non
832 1243 980 1272 annuo
997 1263 1008 1283 ,
1028 1244 1118 1272 non
1132 1227 1319 1272 decerno
1338 1248 1347 1272 2
1368 1243 1458 1272 non
1480 1228 1620 1272 solum
1643 1241 1734 1271 non
1753 1241 1853 1286 ago,

464 1299 541 1344 sed
575 1314 656 1343 nec
688 1311 814 1357 agere
844 1299 1068 1343 consentio
1103 1317 1112 1343 ι
1140 1313 1231 1343 non
1268 1298 1409 1343 solum
1444 1297 1546 1343 foris
1574 1310 1652 1357 per
1681 1312 1855 1342 carnem

465 1385 557 1415 non
587 1377 818 1429 perpetro,
853 1370 930 1413 sed
960 1383 1040 1412 nec
1068 1367 1158 1428 ipsa
1179 1377 1326 1412 mente
1358 1384 1515 1428 sequor
1552 1366 1852 1412 rebellantem.

463 1439 700 1486 Consentio
732 1439 1024 1498 repugnanti,
1060 1438 1169 1483 cedo
1201 1438 1419 1483 luctanti?
1450 1441 1548 1483 Non
1578 1438 1704 1482 facio.
1743 1440 1858 1482 Ecce
1923 1446 1924 1467 ³

465 1527 557 1556 non
580 1510 830 1555 dominatur
851 1510 960 1554 mihi
982 1510 1121 1554 omnis
1142 1509 1363 1569 iniquitas.
1390 1513 1455 1554 Ita
1479 1519 1542 1554 est
1559 1545 1570 1564 ,
1600 1523 1754 1553 verum
1776 1517 1855 1552 est.

467 1582 634 1625 Gratias
656 1596 755 1639 age,
790 1581 825 1625 si
847 1581 907 1624 ita
939 1589 1029 1634 est,
1055 1580 1093 1623 ei
1116 1581 1191 1639 qui
1211 1580 1291 1624 tibi
1322 1579 1502 1624 donavit
1518 1589 1568 1624 ut
1588 1580 1647 1624 ita
1664 1581 1733 1624 sit.
1759 1577 1859 1623 Noli

466 1654 549 1698 tibi
569 1654 654 1697 hoc
677 1667 897 1711 arrogare,
922 1667 977 1695 ne
997 1650 1153 1710 perdas
1185 1650 1306 1711 quod
1335 1651 1563 1710 accepisti,
1597 1659 1641 1694 et
1680 1650 1860 1708 incipias

467 1722 629 1767 frustra
659 1737 827 1779 rogare.
852 1724 950 1766 Non
981 1721 1128 1774 times,
1154 1724 1268 1764 Deus
1288 1722 1486 1780 superbis
1507 1720 1686 1774 resistit,
1710 1718 1860 1763 humi-
1921 1728 1924 1755 ἓ

467 1793 582 1838 libus
604 1801 750 1837 autem
773 1792 849 1836 dat
866 1791 1108 1849 gratiam¹P

529 1866 652 1909 VIII.
679 1866 795 1921 Ergo
817 1872 866 1907 tu
885 1862 966 1906 tibi
986 1870 1186 1920 praestas,
1210 1870 1261 1905 ut
1282 1876 1373 1905 non
1394 1861 1647 1904 dominetur
1663 1860 1862 1904 tibiom·

471 1936 537 1979 nis
558 1934 796 1993 iniquitas?
821 1932 864 1977 Si
878 1946 980 1975 vera
1009 1938 1073 1974 est
1100 1938 1174 1974 tua
1200 1930 1281 1974 ista
1312 1931 1623 1990 praesumptio,
1654 1944 1766 1975 vana
1798 1939 1863 1974 est

471 2014 618 2051 nostra
640 2003 803 2058 oratio,
827 2002 907 2046 ubi
935 2000 1121 2046 dicimus
1150 2004 1262 2056 Deo,
1293 2020 1314 2043 «
1344 2004 1444 2047 Non
1473 2001 1722 2046 dominetur
1755 2000 1865 2045 mihi

479 2097 500 2120 »
532 2075 672 2121 omnis
691 2072 912 2134 iniquitas.
939 2089 961 2113 »
992 2071 1186 2116 Cantasti
1222 2071 1354 2115 verba
1377 2072 1457 2115 ista
1478 2070 1611 2115 hodie
1627 2105 1638 2122 ,
1668 2084 1725 2115 an
1743 2071 1866 2114 non?

474 2147 555 2191 Hic
596 2160 710 2199 eras,
754 2143 934 2203 quando
962 2156 1112 2186 omnes
1148 2139 1430 2194 dicebamus,
1479 2159 1499 2182 «
1537 2141 1714 2184 Gressus
1747 2153 1866 2184 meos

475 2237 496 2260 »
531 2216 671 2275 dirige
693 2214 936 2260 secundum
956 2212 1141 2257 verbum
1163 2220 1288 2256 tuum
1304 2245 1315 2266 ,
1348 2220 1391 2254 et
1412 2222 1467 2254 ne
1489 2210 1739 2255 dominetur
1758 2209 1865 2254 mihi

476 2307 498 2331 »
536 2287 675 2333 omnis
696 2285 931 2346 iniquitas?
957 2301 978 2325 η
1004 2282 1086 2327 Hic
1108 2297 1199 2326 eras
1217 2317 1228 2337 ,
1260 2283 1441 2326 cantasti
1463 2281 1593 2325 verba
1625 2280 1726 2335 ista,
1757 2288 1867 2339 puto

471 2369 514 2404 te
536 2374 626 2404 non
648 2366 925 2416 negaturum.
949 2357 1063 2412 Ergo
1081 2352 1262 2398 cantasti
1280 2353 1326 2396 in
1344 2350 1508 2411 populo
1522 2351 1624 2405 Dei,
1646 2359 1690 2395 et
1712 2349 1866 2408 rogasti
1923 2374 1924 2386 κ

470 2434 613 2476 Deum
629 2465 640 2485 ,
666 2429 831 2484 dicens,
862 2446 883 2470 «
907 2428 1087 2472 Gressus
1108 2439 1230 2468 meus
1258 2422 1394 2480 dirige
1417 2423 1659 2466 secundum
1680 2422 1863 2466 verbum
1922 2440 1924 2444 ·

474 2520 495 2543 »
530 2510 675 2555 tuum,
694 2508 736 2544 et
750 2515 804 2543 ne
822 2499 1074 2543 dominetur
1087 2495 1195 2539 mihi
1210 2494 1350 2539 omnis
1363 2494 1582 2554 iniquitas.
1599 2493 1670 2538 »Si
1686 2493 1764 2536 tibi
1781 2492 1865 2537 hoc
1922 2511 1924 2514 ·

475 2572 708 2631 praestabas
722 2606 732 2626 ,
749 2585 883 2631 quare
902 2583 1072 2614 mecum
1088 2566 1299 2625 rogabas?
1323 2568 1465 2610 Teneo
1488 2572 1735 2624 precantem
1751 2598 1762 2619 ,
1789 2572 1858 2608 te-

531 2665 536 2678 ¹
560 2657 671 2687 szol).
700 2667 745 2696 lv,
770 2655 803 2687 6.
