1867 3320
286 298 424 343 Sanno
458 300 528 338 v1,
564 299 617 326 ΒΕ
650 296 931 328 APPARITIONE
963 301 1136 329 nomm.
1318 294 1395 331 211

23 366 181 412 talibus
201 365 389 410 hominis
408 364 551 424 potuit
573 380 780 424 apparere
799 400 810 420 ,
837 365 918 409 nisi
939 376 1158 425 assumpta
1183 368 1340 413 visibili
1361 380 1407 415 et

23 437 210 484 sensibili
245 445 443 481 creatura
458 470 469 491 ,
502 451 602 496 quae
635 437 690 481 ad
711 437 812 481 istos
834 436 982 481 oculos
1004 437 1191 482 visibiles
1213 441 1404 499 corporis

0 562 1 572 ἵ
24 508 236 569 pertinet:
261 505 621 567 quandoquidem
642 516 685 551 et
706 507 797 566 ipsa
816 507 1033 567 Sapientia
1055 508 1148 563 Dei,
1178 523 1253 568 per
1276 525 1408 568 quem

0 582 2 656 b
23 579 135 624 lacta
155 586 258 623 sunt
279 578 424 622 omnia
439 611 450 633 ,
475 578 678 623 humanis
700 578 836 624 oculis
856 594 947 624 non
968 588 1211 639 appareret,
1227 579 1308 624 nisi
1325 580 1410 624 hu-

0 661 2 716 Ι
23 665 193 696 manam
209 664 386 694 carnem
409 658 660 694 assumeret.

0 720 3 736 ¹
80 723 136 766 11.
161 721 394 775 Quomodo
414 735 516 779 ergo
537 720 732 765 Verbum
758 721 857 774 Dei,
883 719 929 765 id
951 729 1014 766 est
1032 755 1043 776 ,
1069 721 1205 766 Filius
1227 722 1330 777 Dei,
1355 730 1406 766 ut

23 801 248 853 appareret
268 791 403 841 oculis
420 827 432 847 ,
457 807 630 836 carnem
649 792 904 852 assumpsit:
931 793 990 837 sic
1011 808 1180 852 semper
1202 796 1333 848 Deus,
1358 801 1409 836 ut

0 866 245 935 'appareret
262 862 398 908 oculis
421 862 672 918 hominum,
696 863 742 906 in
760 861 905 922 aliqua
927 872 1125 908 creatura
1147 862 1306 908 visibili
1327 879 1409 923 ap-

2 940 169 993 'parere
201 933 403 994 dignatus
434 942 510 978 est.
538 936 647 979 Nam
684 934 949 993 apertissime
982 934 1115 978 habes
1152 935 1199 979 in
1226 934 1412 979 Actibus

20 1004 327 1065 Apostolorum
346 1040 357 1060 ,
395 1005 498 1065 quia
530 1004 722 1063 Angelus
750 1005 952 1065 apparuit
983 1006 1126 1062 Moysi
1160 1007 1206 1049 in
1238 1006 1349 1050 rubo
1374 1007 1407 1050 ¹.

5 1076 243 1152 3Numquid
278 1076 356 1120 ista
377 1076 599 1135 Scriptura
622 1091 721 1120 vera
739 1111 751 1131 ,
783 1086 827 1121 et
859 1075 933 1121 illa
963 1075 1068 1120 falsa
1098 1078 1195 1120 est?
1225 1086 1301 1121 aut
1334 1075 1411 1121 illa

22 1162 148 1203 vera,
170 1156 215 1192 et
235 1147 316 1192 ista
338 1146 444 1192 falsa
460 1149 553 1192 est?
578 1146 662 1192 Sed
684 1147 828 1208 quid?
853 1148 896 1193 Si
918 1148 1153 1193 Christiani
1174 1163 1322 1192 sumus
1339 1183 1350 1203 ,
1373 1147 1410 1192 si

21 1217 130 1264 bene
155 1217 398 1276 credimus,
422 1217 562 1262 ambae
581 1228 684 1262 sunt
705 1234 835 1263 verae.
860 1219 904 1264 Si
921 1234 1024 1278 ergo
1045 1219 1186 1263 ambae
1208 1228 1311 1263 sunt
1332 1233 1411 1262 ve-

23 1305 82 1335 rae
97 1325 108 1345 ,
134 1289 358 1351 quomodo
379 1290 449 1334 hic
480 1293 593 1334 Deus
621 1291 846 1349 apparuit,
885 1290 1109 1351 quomodo
1131 1290 1193 1334 ibi
1216 1289 1413 1348 Angelus

25 1359 185 1407 dicitur
207 1360 478 1420 apparuisse,
501 1360 582 1404 nisi
599 1360 702 1420 quia
723 1360 797 1406 ille
828 1361 1010 1420 Spiritus
1026 1397 1038 1421 ,
1067 1362 1145 1422 qui
1167 1362 1213 1404 in
1231 1361 1413 1406 Actibus

26 1429 335 1490 Apostolorum
362 1429 472 1474 dixit
507 1431 752 1490 apparuisse
785 1431 1003 1490 Angelum
1023 1467 1035 1487 ,
1070 1432 1267 1490 exposuit
1299 1432 1414 1476 hanc

24 1501 257 1547 lectionem
277 1500 499 1561 quomodo
517 1502 717 1561 apparuit
734 1504 877 1547 Deus?
900 1503 979 1547 Illa
997 1502 1250 1558 declaratio,
1276 1518 1414 1563 expo-

25 1573 122 1619 sitio
147 1581 211 1617 est
245 1572 520 1617 obscuritatis
547 1573 676 1632 hujus
698 1592 707 1618 ε
739 1588 795 1617 ne
816 1573 1078 1633 intelligeres
1101 1577 1241 1619 Deum
1270 1590 1348 1633 per
1369 1589 1415 1618 se

0 1667 1 1686 l
25 1642 166 1703 ipsum
184 1642 453 1701 apparuisse,
476 1640 565 1687 illic
587 1643 668 1686 tibi
690 1644 933 1703 expositum
951 1655 1015 1690 est
1036 1644 1415 1706 quemadmodum

0 1727 3 1737 ’
27 1712 275 1772 apparuerit
305 1715 419 1756 Deus
442 1726 518 1771 per
546 1721 788 1756 creaturam
806 1747 817 1768 ,
850 1714 1088 1772 Angelum.
1114 1716 1183 1760 Sic
1207 1714 1315 1773 quid
1334 1715 1417 1758 mi-

0 1784 4 1827 i
28 1783 130 1827 raris
153 1782 257 1842 quia
281 1781 441 1826 dicitur
456 1815 469 1837 ,
503 1796 605 1826 cum
627 1791 806 1842 apparet
827 1782 1022 1842 Angelus
1040 1819 1051 1839 ,
1089 1803 1110 1826 «
1135 1784 1251 1828 Dixit
1275 1785 1422 1829 Deus?

0 1864 6 1899 ἐ
32 1871 53 1896 n
87 1856 144 1898 Et
159 1851 330 1898 vocavit
351 1855 467 1896 Deus
487 1855 670 1910 Moysen
686 1888 697 1908 ,
723 1863 767 1898 et
785 1855 961 1899 accessit
985 1854 1039 1898 ad
1056 1855 1222 1910 locum,
1241 1865 1285 1900 et
1307 1856 1417 1901 dixit

0 1925 8 1970 ἰ
33 1939 54 1966 »
87 1922 298 1968 Dominus
319 1921 376 1965 ad
397 1924 613 1978 Moysen?
633 1940 653 1964 »
679 1923 790 1975 Quia
811 1939 902 1967 non
929 1924 1171 1969 attenditur
1202 1925 1420 1984 templum

0 1999 9 2055 ξ
30 1993 237 2052 AngeluS,
262 1989 337 2036 sed
359 1991 625 2036 inhabitator
645 1992 817 2050 Angeli.
843 1995 939 2051 Ipse
960 1994 1075 2038 enim
1097 1995 1289 2052 Angelus
1306 2004 1419 2039 tem-

0 2062 154 2125 'tplum
180 2063 257 2109 Dei
284 2071 390 2107 erat.
429 2062 473 2107 Si
503 2062 620 2106 enim
641 2062 849 2121 dignatur
868 2063 914 2108 in
935 2065 1113 2108 homine
1147 2066 1345 2109 habitare
1375 2074 1419 2111 et

0 2125 13 2188 l
32 2135 169 2196 loqui,
192 2143 244 2180 ut
268 2131 445 2193 quando
459 2133 677 2192 Propheta
694 2132 906 2194 loquitur,
926 2135 1096 2180 dicatur
1116 2155 1124 2180 :
1143 2136 1257 2181 Dixit
1282 2140 1418 2182 Deus:

2 2219 11 2263 μ
34 2214 196 2267 quanto
218 2204 349 2262 magis
367 2218 442 2262 per
470 2203 719 2261 Angelum?
750 2207 809 2249 Et
828 2220 930 2249 cum
952 2205 1138 2261 dicitur,
1166 2207 1279 2251 Dixit
1303 2210 1417 2252 Deus

36 2290 111 2337 per
133 2278 312 2329 Isa'i'am,
337 2273 446 2333 quid
466 2282 558 2318 erat
591 2275 754 2318 Isa'i‘as?
782 2290 929 2320 nonne
960 2276 1092 2320 homo
1115 2286 1291 2336 portans
1322 2292 1420 2321 car-

3 2361 12 2395 t
37 2361 135 2394 nem
152 2382 163 2402 ,
195 2355 321 2392 natus
340 2344 395 2390 de
416 2353 537 2405 patre
556 2353 600 2389 et
621 2354 756 2389 matre
773 2380 784 2400 ‚
812 2347 937 2390 sicuti
963 2361 1112 2391 omnes
1132 2363 1208 2391 nos
1226 2350 1243 2392 Ρ
1270 2350 1324 2392 Et
1347 2357 1417 2392 ta-

5 2407 13 2468 i
39 2431 136 2465 men
163 2417 388 2477 loquitur,
419 2425 463 2460 et
494 2414 602 2475 quid
628 2416 812 2461 dicimus
844 2418 890 2461 in
915 2417 1095 2477 eloquiis
1126 2419 1286 2478 ipsius?
1312 2423 1416 2465 Haec

7 2487 16 2549 i
39 2487 142 2538 dicit
170 2487 422 2535 Dominus‘2.
445 2485 678 2540 Quomodo
693 2502 798 2547 ergo
820 2490 933 2533 Deus
950 2521 961 2542 ,
983 2487 1017 2532 si
1037 2491 1189 2546 isaias,
1216 2490 1295 2535 nisi
1315 2492 1417 2549 quia

90 2590 98 2609 ¹
117 2586 186 2618 Aet.
206 2595 262 2625 vn,
282 2583 333 2617 30.
353 2598 394 2606 --
414 2588 427 2606 ²
452 2582 523 2616 luat.
543 2591 573 2623 ι,
605 2592 632 2614 ι.

1225 2639 1286 2680 Η.
