1867 3320
383 292 523 320 sunno
557 293 626 330 lx,
662 291 717 318 niz
748 290 889 318 DECEM
921 291 1113 318 CHORDIS.
1361 279 1440 318 261

61 359 234 405 Christo
256 372 346 402 non
361 356 642 402 commendas
662 357 717 401 ad
738 371 869 416 quem
887 357 1157 415 praeeessit¹?
1179 359 1246 400 An
1266 356 1450 401 idoneus

46 438 127 480 ,est
147 429 225 473 tibi
247 437 503 488 procurator
527 437 651 483 tuus,
671 428 815 472 minus
836 425 1018 470 idoneus
1040 426 1237 470 Christus
1255 428 1272 470 P

119 501 242 544 XXI.
269 497 454 554 Videtis,
482 502 654 543 Fratres
671 534 682 554 ‚
707 498 808 558 quia
833 496 1110 541 mendacium
1132 506 1196 541 est
1230 496 1348 556 quod
1383 498 1451 541 di-

63 579 167 615 cunt
187 568 407 624 homines,
433 569 553 614 Filiis
573 569 679 613 meis
700 584 838 613 servo.
866 566 1146 613 Mendacium
1180 575 1270 622 est,
1298 567 1452 612 fratres

0 687 1 698 ἶ
64 641 170 696 mei,
211 640 489 685 mendacium
522 649 585 685 est
613 660 622 685 ε
648 640 763 685 avari
783 647 885 684 sunt
908 638 1121 683 homines.
1147 637 1229 682 Vel
1250 637 1310 682 sic
1338 647 1454 683 certe

0 718 2 766 ξ
63 721 274 770 cogantur
297 713 496 757 confiteri
530 711 650 773 quod
682 712 862 766 nolunt,
903 725 1005 755 cum
1026 709 1292 754 erubescunt
1313 718 1455 755 tacere

0 772 3 826 i
63 782 184 843 quod
208 792 310 827 sunt
327 802 336 827 ε
353 781 560 837 fundant,
580 798 634 827 vo
643 791 757 826 mant
778 782 823 825 in
841 780 1111 826 confessione
1126 779 1246 841 quod
1259 790 1451 841 portant.

0 835 5 885 l
64 856 220 897 Pectus
250 853 464 912 premitur
492 851 671 913 crapula
687 852 953 912 iniquitati83
984 860 1156 896 evomat
1174 866 1268 896 eam
1288 850 1456 896 confes-

1 918 6 971 ἐ
62 923 124 967 sio
148 942 157 967 ε
183 921 258 966 sed
287 937 377 968 non
413 923 573 967 canino
595 937 716 967 more
739 921 941 966 redeatur
973 920 1028 965 ad
1049 922 1280 967 vomitum.
1305 924 1456 966 Estote

3 973 8 1056 Ε
62 993 311 1038 Christiani.
338 993 476 1038 Valde
512 1009 669 1053 parum
704 1002 768 1038 est
803 993 949 1037 vocari
971 993 1250 1038 Christianos.
1288 997 1458 1046 Quanta

4 1058 9 1110 ἓ
62 1062 232 1108 donatis
254 1063 572 1108 histrionibus?
597 1073 761 1124 quanta
781 1062 952 1108 donatis
969 1064 1276 1108 venatoribus?
1292 1072 1458 1124 quanta

5 1127 10 1187 ἰ
64 1134 266 1193 turpibus
288 1135 517 1194 personis?
541 1135 720 1180 Donatis
743 1134 801 1178 eis
818 1134 984 1195 quivos
1001 1133 1223 1179 occidunt.
1245 1137 1327 1178 Per
1347 1134 1460 1193 ipsas

6 1192 11 1250 Ι
63 1204 182 1248 enim
199 1204 487 1249 exhibitiones
504 1204 782 1264 voluptatum
801 1204 1069 1248 interficiunt
1088 1205 1251 1248 animas
1267 1213 1429 1248 vestras
1446 1223 1456 1249 ε

7 1268 12 1330 ξ
65 1284 108 1319 et
127 1275 321 1318 insanitis
355 1275 450 1334 quis
473 1275 569 1334 plus
604 1274 753 1319 donet.
778 1274 821 1319 Si
844 1273 1086 1318 insaniretis
1120 1275 1216 1334 quis
1246 1273 1345 1333 plus
1367 1289 1458 1318 ser-

9 1335 13 1375 l
70 1354 162 1400 vet,
188 1361 278 1390 non
301 1346 444 1390 essetis
466 1345 653 1390 ferendi.
674 1346 779 1399 Quis
801 1346 898 1404 plus
921 1355 1061 1391 servet
1087 1346 1272 1390 insanire
1287 1381 1297 1400 ,
1325 1346 1460 1390 avari-

10 1377 15 1470 i
70 1417 140 1460 tiae
179 1425 243 1460 est
270 1436 278 1461 :
311 1416 407 1476 quis
439 1416 537 1476 plus
559 1415 694 1461 donet
716 1417 923 1471 insanire,
960 1415 1223 1476 profusionis
1259 1426 1337 1461 est.
1370 1419 1458 1462 Nec

11 1473 17 1587 ι
69 1501 247 1531 avarum
269 1495 312 1531 te
334 1489 474 1542 Deus,
506 1501 586 1530 nec
622 1485 852 1546 profusum
887 1486 996 1531 vult.
1033 1487 1258 1533 Collocare
1288 1497 1331 1532 te
1364 1488 1460 1532 vult

67 1571 166 1616 quae
187 1556 340 1611 habes,
376 1571 464 1601 non
487 1557 711 1616 projicere.
738 1557 921 1601 Certatis
944 1557 1039 1618 quis
1061 1558 1207 1602 vincat
1230 1559 1275 1601 in
1313 1559 1456 1617 pejus,

50 1624 159 1671 'non
180 1626 291 1671 datis
313 1642 490 1686 operam
507 1627 604 1688 quis
628 1627 681 1671 sit
704 1627 854 1672 melior
882 1647 892 1673 ;
919 1637 1049 1688 atque
1072 1628 1240 1672 utinam
1263 1645 1352 1673 non
1378 1628 1459 1672 da-

70 1696 171 1740 retis
193 1697 288 1756 quis
304 1698 358 1742 sit
379 1698 513 1757 pejor.
535 1700 592 1741 Et
614 1696 755 1742 dicitis
769 1733 780 1753 ‚
805 1698 1039 1743 Christiani
1056 1714 1220 1742 sumus.
1247 1698 1314 1743 Ad
1338 1699 1463 1743 savo-

70 1782 161 1811 rem
184 1767 335 1826 populi
357 1768 564 1826 projicitis
591 1783 656 1812 res
675 1777 858 1823 vestras,
885 1778 1036 1813 contra
1065 1771 1183 1828 jussa
1204 1770 1363 1814 Christi
1400 1779 1464 1812 te-

72 1837 182 1880 netis
205 1850 270 1879 res
285 1844 460 1880 vestras.
479 1839 593 1880 Ecce
611 1851 700 1881 non
717 1838 844 1896 jubet
861 1839 1060 1882 Christus
1073 1874 1083 1893 ,
1105 1852 1229 1898 rogat
1246 1841 1460 1895 Christus,

73 1915 170 1966 eget
205 1905 417 1951 Christus.
445 1906 637 1960 Esurivi,
678 1905 783 1949 dicit
816 1907 1034 1961 Christus,
1081 1919 1123 1952 et
1165 1925 1255 1953 non
1285 1910 1462 1954 dedistis

74 1976 180 2020 mihi
196 1975 497 2020 manducare2.
524 1978 662 2033 Egere
680 1974 817 2020 voluit
834 1986 1009 2036 propter
1030 1986 1085 2031 te,
1110 1989 1159 2022 ut
1183 1980 1362 2023 haberes
1386 1982 1461 2024 ubi

74 2046 304 2090 seminares
321 2055 514 2101 terrena,
535 2061 634 2105 quse
652 2045 795 2100 dedit,
821 2056 863 2090 ct
882 2057 1062 2090 meteres
1080 2048 1210 2091 vitam
1234 2058 1458 2093 mternam.

75 2116 217 2162 Nolite
239 2116 350 2176 pigri
377 2131 466 2160 esse
489 2125 532 2160 et
554 2115 667 2160 male
690 2117 844 2160 securi.
868 2121 1007 2161 Mores
1026 2118 1269 2167 emendate,
1290 2130 1463 2178 pet-eata

79 2185 293 2231 redimite.
319 2188 375 2230 Et
398 2201 499 2230 cum
523 2187 617 2230 haec
639 2186 847 2240 feceritis,
878 2191 964 2231 Deo
989 2189 1142 2245 gratias
1167 2189 1304 2246 agite,
1331 2207 1350 2232 :i
1376 2207 1464 2249 quo

80 2257 296 2316 accepistis
335 2257 443 2299 bene
482 2257 640 2300 vivere.
675 2259 729 2301 Et
766 2257 825 2300 sie
863 2257 898 2299 ei
924 2259 1078 2314 gratias
1112 2259 1246 2315 agite,
1287 2269 1333 2302 ut
1377 2277 1463 2304 non

26 2312 31 2396 ι
79 2326 288 2371 insultetis
312 2327 376 2370 his
395 2327 470 2387 qui
488 2328 686 2372 nondum
712 2328 821 2370 hene
843 2328 1022 2384 vivunt,
1047 2327 1121 2371 sed
1145 2344 1214 2372 eos¹
1234 2330 1344 2388 ipsos
1369 2346 1463 2374 nio-
1502 2364 1508 2371 .

82 2398 199 2442 ribus
215 2398 364 2442 vestris
383 2398 630 2442 hortemini.
658 2401 760 2443 llaec
783 2397 998 2449 stieiendo,
1023 2399 1188 2442 hahetis
1214 2401 1462 2458 perlectam,

83 2478 294 2529 quantum
326 2470 367 2512 in
392 2469 471 2513 hae
506 2470 591 2514 vita
617 2478 787 2530 potest,
822 2470 1045 2528 justitiam.
1080 2473 1392 2514 Conversantes
1423 2473 1463 2515 in

148 2555 156 2571 ¹
177 2555 253 2586 Cod.
282 2557 367 2585 (lass.
390 2566 435 2594 ιι,
467 2554 521 2586 fol.
559 2555 619 2587 125
643 2568 647 2585 :
673 2571 686 2582 u
713 2558 835 2587 Ι”;ιι1ι·ιιι
857 2555 928 2586 ἰΙΙίιιμ
957 2555 1288 2587 ‹thui-¹1·‹inmun-ml..
1324 2562 1368 2588 Λιι
1395 2559 1463 2588 ulo*

86 2619 181 2651 now,
207 2615 271 2644 ele.
297 2625 311 2638 ἰ
333 2628 373 2634 --
391 2618 402 2633 ²
426 2610 546 2643 Mutth.
571 2621 644 2652 xxv,
660 2610 712 2652 spe.

31 2562 35 2669 i

33 2675 38 2796 i

35 2801 40 2890 i

38 2917 42 3008 i

40 3017 45 3116 i
