1867 3320
392 284 530 314 sumno
561 286 687 324 xxx1,
722 288 776 314 nn
808 287 954 317 vnaius
983 290 1134 322 psum
1164 297 1290 325 cxxv.
1441 290 1521 330 427

158 359 274 395 runt.
291 352 400 396 Nam
414 359 464 394 ut
477 365 627 394 eorum
642 350 853 409 lacrymas
867 354 1063 400 Christus
1076 359 1380 419 consolaretur,
1394 374 1529 410 trans-

155 421 257 466 tulit
277 436 350 466 eos
371 430 414 466 et
440 421 742 478 tranfiguravit
762 438 834 468 eos
855 424 901 468 in
918 440 984 483 se,
1015 435 1058 470 et
1080 426 1184 473 dixit
1208 448 1217 474 :
1247 449 1267 473 «
1293 435 1435 480 Tristis
1465 447 1528 482 est

156 510 176 533 »
213 492 356 536 anima
378 506 474 535 mea
495 506 636 550 usque
658 491 714 535 ad
735 503 919 538 mortem
933 497 963 537 1.
985 513 1005 536 »
1031 497 1356 556 Verumtamen,
1377 504 1528 551 fratres

153 563 255 617 mei,
274 563 448 608 videtur
465 562 590 617 mihi,
608 561 729 622 quod
753 574 884 623 caput
904 575 1102 611 nostrum
1123 568 1427 619 infirmioribus
1445 578 1528 621 suis

152 633 359 679 membris
379 648 653 693 compassum
673 643 762 689 est,
787 650 842 678 ne
857 635 912 679 de
933 651 977 680 se
999 637 1111 682 forte
1141 641 1333 686 membra
1362 644 1529 690 infirma

153 704 447 765 desperarent,
473 713 517 748 et
537 704 648 748 sicut
669 712 732 748 est
749 704 941 750 humana
956 705 1174 765 fragilitas,
1194 720 1332 755 morte
1352 716 1531 773 propin-

152 785 317 838 quante
335 775 698 836 perturbarentur
716 810 727 831 ,
752 786 795 821 et
817 776 1010 823 dicerent
1031 795 1119 824 non
1140 796 1184 825 se
1205 781 1260 826 ad
1280 785 1418 828 Deum
1435 801 1531 844 per-

150 848 318 904 tinere,
340 862 440 892 nam
463 848 498 891 si
518 846 812 906 pertinerent,
838 849 1089 906 gauderent.
1116 851 1218 896 Ideo
1247 854 1364 911 prius
1383 856 1531 901 Chris-

149 927 220 963 tus
242 918 371 973 dixit,
399 917 546 962 Tristis
567 926 630 961 est
650 918 794 962 anima
815 934 910 963 mea
934 935 1072 980 usque
1094 921 1149 965 ad
1167 932 1365 968 mortem.
1388 929 1527 982 Pater,

150 988 184 1032 si
201 988 295 1033 fieri
313 996 456 1048 potest
467 1022 479 1043 ,
494 996 685 1032 transeat
702 1004 726 1032 a
741 1003 812 1032 me
830 988 940 1033 calix
957 990 1049 1034 iste.
1066 992 1170 1044 Quis
1186 993 1268 1037 hoc
1285 993 1417 1039 dicit?
1433 1012 1531 1054 quae

149 1067 338 1119 potestas
358 1093 370 1113 ,
394 1073 494 1118 quae
516 1058 745 1102 infirmitas
766 1060 784 1102 P
805 1059 967 1103 Audite
996 1075 1094 1119 quae
1124 1060 1227 1106 dicit
1256 1082 1263 1106 :
1293 1082 1313 1105 «
1340 1067 1531 1110 Potesta-

153 1147 174 1171 »
211 1138 300 1174 tem
315 1129 458 1173 habeo
475 1128 669 1188 ponendi
683 1129 872 1172 animam
887 1144 1028 1173 meam
1039 1165 1050 1185 ,
1067 1140 1110 1175 et
1124 1141 1379 1190 potestatem
1394 1135 1531 1180 habeo

151 1216 174 1242 »
207 1199 366 1244 iterum
395 1196 596 1243 sumendi
632 1213 744 1242 eam.
769 1201 906 1264 Nemo
928 1200 1051 1245 tollet
1072 1216 1166 1244 eam
1187 1217 1211 1246 a
1239 1218 1332 1257 me,
1357 1204 1432 1248 sed
1453 1220 1531 1264 ego

151 1288 172 1313 »
193 1286 325 1330 pono
348 1285 459 1325 eam,
477 1279 521 1314 et
539 1270 697 1314 iterum
720 1285 846 1314 sumo
867 1285 962 1314 eam
974 1274 1006 1315 2.
1023 1289 1042 1312 »
1071 1275 1174 1317 Haec
1194 1283 1380 1332 potestas
1401 1276 1529 1321 tristis

148 1350 267 1396 erat,
292 1340 472 1402 quando
502 1339 693 1385 faciebat
720 1340 843 1400 quod
870 1357 958 1386 non
980 1341 1161 1397 faceret,
1196 1344 1275 1387 nisi
1306 1345 1525 1391 voluisset.

148 1415 368 1457 Potestate
393 1411 510 1456 enim
538 1410 664 1466 fecit,
699 1427 791 1456 non
825 1412 1101 1470 conditione,
1125 1415 1226 1473 quia
1249 1415 1337 1473 ipse
1357 1415 1525 1472 voluit,

85 1507 91 1516 ι
146 1497 238 1526 non
258 1482 361 1542 quia
382 1484 407 1526 J
412 1480 564 1525 udaeus
584 1481 743 1540 potuit.
772 1483 1108 1541 Transfiguravit
1122 1498 1223 1542 ergo
1239 1484 1283 1528 in
1299 1500 1342 1529 se
1360 1486 1526 1530 infirma

146 1554 344 1597 membra
373 1552 568 1612 corporis
601 1552 683 1597 sui.
710 1555 767 1597 Et
788 1552 901 1598 forte
918 1554 972 1597 de
994 1553 1076 1597 illis
1093 1554 1257 1599 dictum
1280 1565 1343 1600 est
1365 1575 1373 1601 ε
1399 1576 1419 1598 «
1444 1558 1525 1609 Qui

148 1642 169 1666 >›
204 1624 420 1668 seminant
441 1624 486 1668 in
514 1622 744 1681 lacrymis,
775 1625 820 1668 in
845 1625 1003 1683 gaudio
1029 1635 1193 1671 metent
1215 1646 1223 1671 :
1248 1626 1332 1670 »id
1358 1637 1441 1682 est,
1472 1627 1525 1672 de

146 1694 474 1739 infirmioribus.
500 1696 598 1740 Non
626 1694 743 1738 enim
759 1695 804 1738 in
820 1694 1021 1752 lacrymis
1043 1697 1283 1740 seminabat
1302 1696 1374 1740 ille
1395 1698 1525 1756 ipsius

145 1764 306 1810 Christi
326 1779 510 1823 magnus
530 1778 673 1822 praeco
688 1799 699 1818 ,
724 1765 903 1823 quando
924 1763 1096 1808 dicebat
1115 1784 1125 1810 z
1148 1783 1168 1806 «
1192 1768 1284 1823 Ego
1307 1767 1421 1810 enim
1443 1767 1526 1810 im-

148 1851 169 1877 »
203 1833 366 1889 molor,
387 1843 431 1879 et
446 1843 620 1894 tempus
640 1849 750 1878 meae
771 1835 1047 1880 resolutionis
1071 1834 1216 1879 instat.
1249 1838 1417 1879 Bonum
1442 1852 1527 1880 cer·

147 1921 168 1946 »
204 1913 353 1949 tamen
375 1904 563 1959 certavi,
587 1919 762 1948 cursum
779 1905 1104 1959 consummavi,
1122 1904 1249 1950 fidem
1267 1907 1450 1963 servavi,
1474 1905 1527 1950 de

146 1992 168 2017 n
203 1983 361 2020 caetero
377 1984 574 2035 superest
593 1975 701 2019 mihi
720 1990 880 2020 corona
897 1974 1078 2035 justitiae
1092 2009 1102 2029 ‚
1136 1990 1292 2019 corona
1312 1974 1367 2018 de
1390 1977 1527 2019 mani—

147 2062 168 2087 »
203 2046 360 2105 pulis³.
388 2063 409 2088 i)
433 2047 663 2104 Superest,
681 2046 852 2106 inquit,
873 2046 982 2090 mihi
1004 2062 1159 2091 corona
1172 2046 1371 2105 justitiae,
1395 2062 1524 2105 quam

144 2115 300 2160 reddet
320 2116 427 2160 mihi
450 2116 660 2162 Dominus
689 2117 736 2160 in
766 2116 838 2161 illa
863 2116 933 2161 die
969 2119 1109 2177 justus
1123 2116 1256 2176 judex
1281 2136 1290 2161 ι
1314 2117 1434 2176 quasi
1455 2116 1523 2160 di-

145 2195 263 2232 ceret
287 2205 297 2232 :
328 2185 502 2231 Reddet
527 2187 635 2231 mihi
661 2202 866 2242 messem,
890 2188 960 2232 cui
983 2203 1051 2231 me
1073 2188 1212 2246 ipsum
1235 2186 1438 2246 impendo
1464 2202 1526 2231 se-

145 2267 352 2302 mentem.
403 2260 506 2302 Haec
541 2258 675 2302 verba
690 2292 702 2313 ,
750 2267 965 2318 quantum
1004 2256 1303 2315 intelligimus,
1346 2256 1495 2301 fratres
1510 2292 1521 2311 ‚

144 2328 378 2373 exultantis
399 2338 523 2383 sunt,
540 2344 631 2374 non
648 2328 872 2388 plorantis.
899 2327 1123 2387 Numquid
1145 2325 1321 2386 quando
1348 2327 1425 2371 isla
1458 2328 1525 2371 di-

143 2399 293 2454 cebat,
313 2399 358 2442 in
381 2398 584 2456 lacrymis
600 2401 723 2444 erat?
744 2402 897 2445 Nonne
927 2397 1071 2442 similis
1090 2407 1179 2441 erat
1202 2396 1323 2441 hilari
1356 2398 1520 2452 datori,

143 2485 275 2531 quern
288 2469 430 2528 diligit
445 2473 558 2514 Deus
573 2472 589 2512 ἱ)
602 2469 672 2515 Ad
684 2471 875 2515 infirmos
897 2484 999 2528 ergo
1017 2468 1250 2512 reseramus
1271 2469 1359 2512 lucc
1373 2468 1520 2522 verba,

193 2573 203 2591 ¹
227 2567 342 2601 matth.
358 2577 447 2610 xxvi,
464 2566 516 2600 38.
537 2584 578 2591 -
598 2573 611 2591 ²
628 2569 719 2602 Joan.
742 2579 776 2610 x,
802 2568 851 2600 18.
869 2583 910 2591 —
930 2564 943 2590 ³
963 2575 982 2599 2
999 2565 1083 2598 Tim.
1103 2575 1146 2606 ιν,
1163 2565 1196 2605 6,
1218 2568 1281 2596 etc.
