1924 3309
455 314 539 354 540
890 327 923 356 S.
961 328 1190 358 Auem->Tim
1224 331 1402 359 zrlscori

453 393 540 438 tolo
560 402 704 438 autem
729 395 947 440 diceretur
969 416 976 441 :
1008 416 1026 437 «
1054 399 1139 440 Has
1163 412 1265 454 ergo
1284 397 1584 455 promissiones
1605 398 1831 454 habentes,

451 483 471 506 »
507 465 745 509 charissimi
763 501 773 521 ‚
818 468 1078 510 mundemus
1115 483 1192 511 nos
1231 468 1285 511 ab
1326 468 1444 512 omni
1482 469 1834 528 coinquinatione

451 553 471 576 υ
508 536 646 579 carnis
679 545 722 580 et
757 537 956 596 spiritus,
998 537 1271 595 perficientes
1306 537 1690 583 sanctificationem
1712 539 1757 582 in
1779 539 1836 583 ti-

451 623 470 646 »
506 621 627 650 more
650 607 726 650 Dei
747 626 756 651 :
783 626 801 648 »
823 607 944 667 quasi
966 622 1054 651 una
1075 607 1205 652 lectio
1235 616 1345 652 esset
1365 608 1595 666 Prophetae
1623 617 1666 652 et
1692 612 1835 668 Apos-

447 675 540 722 toli.
574 676 688 729 Quid
710 678 826 721 enim
855 678 912 721 ait
945 678 1214 736 Apostolus?
1240 697 1258 720 «
1286 680 1373 722 Has
1395 692 1498 736 ergo
1532 679 1835 738 promissiones

449 765 469 788 »
505 747 736 801 habentes,
759 747 997 791 charissimi
1019 767 1028 792 :
1052 766 1072 789 »
1094 757 1137 792 et
1154 748 1215 792 ibi
1237 764 1327 794 non
1344 758 1408 793 est
1429 748 1597 793 dictum
1614 765 1722 808 quas
1738 765 1837 809 pro-

446 818 686 873 missiones,
704 833 793 863 non
806 819 908 878 quia
928 834 1016 863 non
1031 819 1091 863 ibi
1112 828 1240 877 sunt3
1261 820 1336 864 sed
1354 821 1455 880 quia
1471 835 1561 864 non
1582 819 1685 864 inde
1702 822 1839 880 coepit

446 888 582 932 lector
608 908 617 933 ;
638 897 681 932 et
702 898 911 949 tanquam
931 890 1157 950 quaerebat
1178 890 1346 933 animus
1368 889 1591 945 auditoris,
1609 890 1664 933 de
1681 890 1839 950 quibus

446 958 806 1017 promissionibus
827 959 942 1003 dicat
967 960 1199 1019 Apostolus
1230 980 1238 1004 ε
1268 979 1288 1002 «
1310 962 1395 1004 Has
1414 975 1516 1019 ergo
1534 960 1840 1019 promissiones

447 1046 468 1069 »
504 1028 735 1084 habentes,
757 1029 1015 1082 charissimi,
1042 1029 1306 1073 mundemus
1324 1045 1402 1074 nos
1421 1030 1476 1073 ab
1497 1030 1617 1074 omni
1638 1031 1840 1090 coinqui-

449 1117 469 1139 »
505 1099 681 1143 natione
703 1100 842 1143 carnis
875 1109 918 1143 et
948 1101 1138 1159 spiritus.
1181 1121 1198 1141 »
1232 1103 1442 1159 Magnum
1469 1101 1585 1144 enim
1615 1101 1839 1159 negotium

444 1169 569 1213 nobis
584 1170 845 1227 imponitur,
874 1180 916 1214 et
939 1186 1028 1214 non
1050 1187 1208 1229 parvus
1236 1171 1361 1214 labor
1379 1206 1389 1225 ‚
1423 1171 1635 1215 mundare
1670 1187 1747 1216 nos
1783 1171 1840 1215 ab

445 1240 564 1283 omni
587 1240 942 1300 coinquinatione
968 1241 1107 1284 carnis
1134 1250 1176 1285 et
1198 1241 1369 1300 spiritus
1396 1261 1404 1286 :
1438 1250 1481 1284 et
1504 1257 1632 1286 nemo
1661 1243 1840 1301 suscipit

443 1310 560 1353 hunc
594 1309 788 1354 laborem
810 1346 819 1364 ‚
847 1311 929 1354 nisi
951 1310 1099 1354 audiat
1121 1310 1414 1370 promissionis
1436 1311 1697 1356 mercedem.
1725 1314 1839 1356 Cum

443 1394 546 1438 ergo
565 1380 761 1424 laborem
783 1380 1079 1425 mundationis
1102 1382 1241 1425 carnis
1263 1390 1306 1425 et
1332 1381 1505 1440 spiritus
1540 1397 1670 1426 nemo
1700 1383 1837 1426 susci—

442 1451 557 1509 piat,
578 1451 658 1495 nisi
686 1452 864 1511 praemio
888 1452 1123 1510 invitatus3
1152 1454 1296 1497 nescio
1318 1452 1541 1513 quomodo
1564 1453 1730 1498 factum
1755 1463 1833 1510 est,

443 1531 493 1566 ut
520 1521 656 1566 lector
678 1523 732 1566 ab
753 1522 990 1568 indictione
1012 1524 1173 1568 laboris
1198 1524 1431 1583 inciperet,
1453 1533 1496 1568 et
1516 1540 1539 1568 a
1556 1525 1836 1584 promissione

442 1594 651 1638 mercedis
674 1611 763 1639 non
780 1595 1005 1653 inciperet.
1033 1596 1117 1640 Sed
1140 1599 1253 1640 Deus
1277 1596 1418 1641 noluit
1439 1596 1643 1641 fraudare
1661 1596 1835 1642 audito-

441 1680 531 1708 rem
552 1666 786 1709 intentum.
812 1667 853 1710 Si
871 1665 983 1710 forte
997 1666 1230 1712 dubitabat
1252 1668 1469 1726 suscipere
1491 1667 1688 1711 laborem
1713 1683 1835 1711 mun-

441 1735 626 1780 dationis
648 1738 787 1780 carnis
811 1747 853 1780 et
875 1738 1049 1795 spiritus
1066 1772 1077 1791 ,
1112 1737 1188 1795 qui
1211 1753 1300 1782 non
1331 1737 1526 1782 audierat
1559 1738 1802 1782 mercedem
1819 1772 1847 1794 ,Ἴ

441 1815 578 1850 armet
602 1821 645 1850 se
667 1807 721 1850 ad
744 1807 1004 1865 principium
1033 1806 1228 1851 lectionis
1263 1806 1525 1866 Apostolicae
1551 1826 1560 1851 ε
1581 1808 1833 1867 promissio-

440 1892 516 1920 nes
538 1886 682 1920 autem
706 1877 738 1920 si
761 1878 917 1936 quaerit
933 1912 943 1931 ‚
961 1877 1159 1921 attendat
1183 1877 1237 1921 ad
1259 1878 1391 1921 finem
1416 1877 1612 1922 lectionis
1636 1879 1833 1938 Prophe-

443 1946 552 1990 ticae.
579 1947 660 1990 Ubi
682 1947 797 1989 enim
812 1946 952 1990 finivit
966 1947 1223 2005 Prophetica
1246 1947 1391 2001 lectio,
1410 1947 1470 1991 ibi
1491 1957 1554 1992 est
1571 1948 1796 2006 promissio
1819 1968 1828 1994 z

439 2015 558 2059 unde
580 2016 714 2074 coepit
736 2016 932 2075 Apostoli
953 2016 1104 2072 lectio,
1131 2017 1191 2059 ibi
1209 2026 1272 2060 est
1291 2017 1430 2076 operis
1452 2016 1650 2063 indictio.

500 2089 559 2130 ΙΙ.
585 2087 813 2145 Erigamus
829 2102 930 2145 ergo
948 2102 1042 2140 nos,
1068 2096 1111 2130 et
1135 2086 1398 2130 mundemus
1416 2087 1471 2130 ab
1494 2088 1612 2131 omni
1628 2087 1828 2147 coinqui-

440 2157 615 2202 natione
653 2158 792 2201 carnis
831 2167 874 2202 et
906 2157 1080 2217 spiritus
1096 2193 1106 2212 ,
1148 2158 1224 2201 has
1258 2158 1560 2217 promissiones
1600 2158 1823 2204 habentes.

440 2230 554 2281 Quas
587 2229 920 2285 promissiones?
946 2247 965 2269 «
987 2228 1072 2281 Qui
1110 2236 1256 2271 autem
1281 2228 1387 2271 mihi
1409 2227 1545 2272 dediti
1566 2238 1719 2278 erunt,
1757 2229 1827 2273 di-

442 2316 462 2339 »
498 2299 557 2343 cit
574 2299 783 2343 Dominus
805 2314 881 2358 per
901 2302 1072 2353 Isaiam,
1092 2298 1376 2357 possidebunt
1399 2308 1574 2354 terram,
1590 2309 1633 2342 et
1651 2299 1825 2343 inhabi-

443 2388 461 2409 »
497 2369 656 2414 tabunt
677 2378 869 2413 montem
894 2377 1089 2412 sanctum
1110 2384 1271 2411 meum.
1298 2371 1384 2411 Has
1399 2384 1501 2427 ergo
1523 2369 1824 2427 promissiones

442 2456 460 2478 »
497 2439 722 2492 habentes,
743 2438 1003 2483 mundemus
1021 2453 1098 2481 nos
1117 2439 1171 2481 ab
1184 2439 1302 2481 omni
1318 2439 1673 2498 coinquinatione
1685 2439 1823 2483 carnis

441 2527 462 2548 »
497 2517 540 2552 ct
556 2508 745 2567 spiritus.
775 2527 794 2549 »
822 2509 932 2553 Dicit
953 2508 1107 2569 aliquis
1132 2527 1140 2552 ε
1168 2511 1223 2552 Et
1252 2518 1479 2567 propterea
1503 2524 1572 2552 me
1599 2509 1822 2553 mundabo

438 2594 460 2621 a
477 2579 832 2638 coinquinatione
853 2581 991 2624 carnis
1021 2589 1063 2623 ct
1095 2580 1290 2638 spiritus,
1332 2590 1381 2623 ut
1404 2581 1643 2639 possideam
1663 2590 1818 2623 terram

437 2655 477 2689 et
505 2647 741 2692 inhabitem
767 2651 993 2693 montem?
1026 2648 1175 2693 Procul
1201 2648 1337 2693 dubio
1374 2650 1681 2708 ‹pum-endum,
1707 2649 1815 2709 quid
