1924 3309
422 267 503 307 1136
851 278 885 305 s.
921 273 1151 304 Avensa-mr
1182 275 1363 304 EHSCOPI

420 343 597 387 landum
620 341 745 386 duxit
770 341 924 397 lilium,
949 340 1070 400 quod
1091 338 1334 399 intrepidus
1357 338 1579 384 dexteram
1597 339 1800 396 armavit,

417 413 538 475 quod
553 414 643 474 jam
662 411 824 468 feriret,
844 413 926 457 nisi
946 427 1053 457 voce
1075 420 1313 467 teneretur,
1328 425 1485 469 magna
1506 410 1612 455 fides
1637 419 1703 455 est
1722 411 1807 456 uti-

415 501 526 546 que,
568 493 611 529 et
641 499 850 544 magnum
882 499 990 543 opus
1017 501 1025 528 z
1056 490 1099 526 et
1137 483 1278 542 ipsum
1315 498 1423 542 opus
1444 481 1641 527 laudavit
1661 485 1799 538 Deus,

414 572 514 602 cum
537 555 701 600 diceret
721 574 731 600 :
758 574 778 597 «
803 555 1020 608 Quoniam
1042 554 1254 598 exaudisti
1275 568 1428 598 vocem
1444 569 1636 597 meam.»
1662 557 1803 606 Quare

414 644 517 687 ergo
540 627 757 687 apostolus
776 625 936 670 Paulus
953 625 1012 669 ait
1034 644 1042 669 z
1077 643 1097 666 «
1120 625 1395 670 Arbitramur
1412 624 1639 684 justificari
1655 625 1802 669 homiss

416 711 436 740 ›‘›
472 714 573 742 nem
595 713 673 757 per
692 697 823 740 fidem
844 697 936 740 sine
958 695 1163 755 operibus
1186 695 1309 753 Legis
1324 697 1338 721 1
1357 697 1374 739 Ρ
1398 714 1418 737 »
1445 696 1502 738 Et
1522 694 1606 739 alio
1626 693 1724 739 loco
1741 693 1802 738 di-

413 770 471 814 cit
497 787 506 813 :
535 771 633 812 «Et
659 768 765 811 fides
801 782 899 825 quae
928 781 1005 825 per
1041 764 1320 810 dilectionem
1353 768 1601 825 operatur2.
1632 783 1652 806 »
1678 768 1801 818 Quo-

414 837 546 882 modo
578 838 684 881 fides
708 852 784 896 per
805 835 1084 881 dilectionem
1108 844 1339 895 operatur3
1365 845 1407 880 et
1429 834 1651 896 quomodo
1669 836 1801 895 justi-

412 911 567 953 ficatur
603 910 735 953 homo
758 923 835 967 per
856 907 986 951 fidem
1012 908 1104 952 sine
1127 907 1331 966 operibus
1359 908 1515 965 Legis?
1537 907 1770 960 Quomodo
1787 942 1798 962 ‚

411 979 625 1024 intendite
662 978 831 1023 fratres.
856 977 1053 1022 Credidit
1087 977 1267 1037 aliquis,
1307 977 1500 1037 percepit
1525 977 1628 1020 fidei
1657 993 1800 1022 sacra-

413 1062 559 1097 menta
582 1053 627 1095 in
648 1051 760 1095 lecto
782 1087 792 1106 ‚
817 1059 861 1094 et
880 1059 1079 1094 mortuus
1101 1058 1164 1093 est
1186 1068 1194 1093 :
1221 1048 1362 1092 defuit
1378 1048 1441 1092 illi
1461 1047 1670 1107 operandi
1692 1056 1803 1092 tem-

412 1139 508 1183 pus.
541 1122 657 1176 Quid
679 1122 894 1166 dicimus?
914 1120 1016 1180 quia
1038 1136 1128 1164 non
1150 1128 1212 1163 est
1227 1119 1518 1179 justificatus?
1540 1118 1681 1162 Plane·
1696 1118 1804 1162 diei-¹

411 1209 507 1237 mus
514 1194 817 1254 justificatum,
829 1191 1080 1236 credentem
1094 1192 1139 1234 in
1152 1206 1252 1234 eum
1268 1190 1343 1250 qui
1351 1189 1558 1250 justificat
1572 1189 1797 1247 impiumss.

412 1268 529 1323 Ergo
552 1264 630 1307 iste
641 1263 901 1323 justificatus
919 1271 1062 1316 est‚'et
1084 1269 1286 1320 operatus
1310 1276 1399 1304 non
1417 1268 1480 1303 est
1498 1280 1508 1316 3
1536 1268 1579 1303 et
1594 1258 1803 1318 impletur

412 1336 624 1378 sententia
647 1333 843 1393 Apostoli
861 1332 1042 1377 dicentis
1063 1331 1394 1377 :«Arbitramur
1409 1329 1636 1389 justificari
1656 1328 1802 1373 homi-

418 1424 438 1447 »
475 1419 573 1447 nem
613 1419 689 1461 per
720 1404 851 1446 fidem
886 1403 977 1445 sine
999 1402 1203 1460 operibus
1225 1400 1363 1459 Legis.
1393 1418 1413 1440 »
1437 1402 1568 1443 Latro
1602 1399 1802 1458 quicum

412 1474 599 1518 Domino
623 1473 853 1517 crucifixus
875 1481 938 1515 est
954 1507 964 1526 ,
1006 1471 1137 1515 corde
1158 1469 1343 1515 credidit
1377 1469 1433 1513 ad
1449 1470 1661 1528 justitiam
1678 1504 1690 1523 ‚
1728 1484 1802 1513 ore

413 1542 635 1589 confessus
659 1552 722 1587 est
740 1543 794 1586 ad
808 1542 1035 1586 salutem⁴.
1050 1544 1158 1586 Nam
1179 1541 1285 1584 fides
1307 1556 1406 1599 quae
1428 1555 1505 1598 per
1524 1539 1803 1584 dilectionem

414 1623 640 1673 operatur,
667 1614 745 1656 etsi
767 1628 857 1655 non
884 1613 937 1655 sit
961 1613 1005 1655 in
1033 1626 1121 1671 quo
1144 1611 1329 1654 exterius
1347 1620 1551 1669 operetur
1568 1646 1578 1665 ‚
1604 1611 1648 1654 in
1673 1609 1804 1654 corde

415 1696 563 1729 tamen
585 1683 658 1727 illa
676 1682 846 1727 fervens
864 1691 1071 1726 servatur.
1099 1684 1208 1726 Nam
1243 1689 1366 1724 erant
1387 1679 1566 1740 quidam
1588 1680 1634 1723 in
1655 1683 1770 1739 Lege
1790 1715 1800 1735 ,

415 1755 490 1814 qui
513 1754 567 1797 de
590 1753 795 1812 operibus
818 1752 942 1810 Legis
965 1751 1280 1810 gloriabantur,
1301 1766 1401 1810 quae
1423 1750 1602 1794 fortasse
1624 1765 1714 1792 non
1735 1749 1805 1791 di·-

414 1824 602 1868 lectione
622 1858 633 1877 ,
667 1822 742 1865 sed
774 1823 927 1866 timore
948 1821 1167 1864 faciebant
1188 1842 1199 1874 3
1227 1829 1271 1860 et
1292 1817 1501 1861 volebant
1518 1832 1562 1860 se
1577 1819 1716 1877 justos
1737 1819 1803 1863 vi-

414 1895 533 1946 deri,
555 1902 598 1934 et
620 1893 815 1949 praeponi
838 1888 1068 1942 Gentibus,
1086 1903 1184 1947 quae
1202 1903 1310 1946 opus
1333 1888 1458 1946 Legis
1481 1904 1569 1932 non
1591 1887 1799 1933 fecerant.

416 1961 648 2021 Apostolus
670 1969 815 2003 autem
838 1958 1079 2018 praedicans
1098 1957 1230 2001 fidem
1250 1958 1488 2013 Gentibus,
1513 1973 1613 2002 cum
1636 1974 1707 2003 eos
1729 1960 1804 2018 qui

418 2033 686 2077 accedebant
713 2030 764 2073 ad
794 2030 1026 2073 Dominum
1046 2064 1056 2084 ‚
1083 2030 1251 2074 videret
1267 2030 1525 2089 justificatos
1548 2046 1599 2073 ex
1621 2029 1730 2086 fide,
1755 2039 1804 2075 ut

411 2107 499 2165 jam
537 2104 613 2163 qui
648 2100 921 2146 crediderant
961 2102 1072 2144 bene
1104 2110 1410 2160 operarentur,
1445 2116 1535 2144 non
1568 2102 1669 2161 quia
1691 2102 1804 2146 bene

418 2175 582 2235 operati
603 2183 706 2218 sunt
739 2172 914 2216 credere
942 2180 1236 2226 mererentur,
1258 2171 1512 2216 exclamavit
1529 2187 1704 2217 securus
1720 2206 1731 2228 ‚
1761 2181 1804 2216 et

417 2247 476 2289 ait
507 2265 514 2289 ε
554 2245 664 2297 Quia
687 2242 912 2303 justificari
944 2242 1074 2286 homo
1108 2250 1248 2300 potest
1282 2257 1331 2284 ex
1362 2243 1448 2286 fide
1481 2242 1571 2286 sine
1598 2243 1803 2302 operibus

418 2316 542 2374 Legis
570 2334 578 2359 :
612 2324 662 2358 ut
684 2314 746 2357 illi
763 2314 896 2371 magis
919 2329 1007 2357 non
1040 2311 1203 2356 fuerint
1236 2313 1371 2372 justi7
1407 2314 1484 2373 qui
1518 2314 1640 2373 quod
1668 2312 1804 2358 facie-

422 2388 527 2429 bant
544 2421 555 2440 ‚
592 2385 743 2428 timore
777 2383 1024 2440 faciebant3
1049 2398 1149 2426 cum
1173 2382 1279 2426 fides
1299 2398 1376 2442 per
1397 2382 1674 2428 dilectionem
1696 2393 1801 2443 ope-

419 2466 537 2501 retur
558 2457 602 2500 in
619 2455 765 2510 corde,
785 2455 951 2499 etiamsi
968 2454 1081 2499 foras
1104 2469 1194 2499 non
1218 2454 1305 2498 exit
1326 2454 1368 2497 in
1392 2469 1538 2513 opere.

464 2560 472 2576 ¹
495 2557 583 2585 Rom.
604 2564 653 2594 111,
671 2554 724 2585 28.
743 2568 784 2575 -
804 2559 816 2574 ²
836 2552 938 2585 Galat.
962 2563 993 2594 v,
1015 2552 1048 2584 6.
1071 2568 1112 2575 —
1131 2548 1144 2574 3
1160 2554 1252 2584 Rom.
1276 2562 1325 2591 xv,
1342 2551 1375 2583 5.
1394 2568 1434 2574 —
1449 2550 1465 2581 4
1482 2552 1530 2583 Id.
1552 2561 1583 2592 x,
1610 2562 1659 2584 10.
