1867 3320
363 285 569 313 zmszroiAE
601 282 657 311 An
687 281 875 312 GALATAS
908 285 1141 312 EXPOSlTlo.
1368 276 1447 314 127

65 366 159 405 cos,
182 349 258 408 qui
281 349 336 393 ad
370 348 470 394 illos
505 349 761 404 veniebant,
795 358 845 393 ut
865 349 946 393 ista
986 348 1218 393 suaderent
1237 382 1249 403 ,
1272 351 1376 410 quia
1403 352 1449 396 in

64 419 386 478 comparatione
407 417 703 463 multitudinis
723 419 996 464 credentium
1027 417 1279 462 Galatarum
1307 422 1448 479 exigui

64 505 247 534 numero
262 498 401 544 erant,
420 489 683 533 termentum
704 488 933 548 appellat1.
959 488 1188 547 Recipient
1211 498 1359 533 autem
1380 491 1450 534 isti

65 559 327 604 fermentum
347 579 359 617 3
398 568 442 603 et
465 568 556 603 tota
580 574 717 603 massa
733 594 744 615 ,
767 558 812 603 id
834 568 923 615 est,
958 567 1049 604 tota
1071 574 1223 603 eorum
1259 558 1449 604 Ecclesia

62 631 109 675 in
123 630 401 690 corruptione
419 629 601 674 carnalis
613 631 829 675 servitutis
846 630 1038 691 quodam
1060 631 1192 674 modo
1211 629 1450 676 fermenta-

63 701 183 746 bitur
202 735 213 756 ,
233 702 268 745 si
287 700 392 745 tales
413 716 606 745 suasores
624 710 832 761 tanquam
849 703 989 761 justos
1007 709 1051 745 et
1068 700 1218 745 fideles
1233 702 1449 761 recipien-

64 780 126 817 tes
147 771 471 816 honoraverint.
502 790 522 813 «
548 774 686 830 Ergo,
705 773 849 832 inquit
863 772 1073 834 ,confido
1090 772 1135 816 iu
1158 772 1280 817 vobis
1296 772 1341 816 in
1361 776 1447 817 Do-

66 861 86 885 »
122 843 242 888 mino
257 877 268 898 ,
292 842 414 903 quod
432 842 541 886 nihil
565 843 685 896 alind
706 843 879 903 sapietis
894 846 926 888 ².
957 863 977 886 n
1005 844 1114 889 Hinc
1137 845 1289 905 utique
1311 846 1450 889 mani-

63 913 224 958 festum
246 924 325 969 est,
349 913 547 958 nondum
570 913 666 958 illos
689 913 819 959 fuisse
842 931 1053 975 possessos
1072 932 1095 960 a
1116 915 1289 960 talibus.
1319 935 1339 958 «
1363 916 1449 970 Qui

13 1014 15 1032 2
66 1001 86 1024 »
123 992 268 1028 autem
291 984 526 1028 conturbat
546 999 622 1028 vos
637 1019 649 1039 ,
673 985 818 1045 inquit
837 1020 848 1039 ,
874 986 1067 1045 portabit
1079 985 1297 1045 judicium
1316 1021 1327 1040 ,
1351 986 1448 1046 qui-

13 1083 15 1085 ·
65 1072 86 1096 »
119 1069 309 1114 cumque
327 1053 402 1098 ille
419 1052 565 1098 fuerit.
595 1072 615 1096 n
642 1057 746 1100 Haec
762 1064 826 1100 est
842 1055 915 1099 illa
932 1056 1215 1100 conturbatio
1233 1057 1448 1101 contraria

13 1138 15 1182 ξ
62 1124 234 1179 ordini,
258 1133 308 1168 ut
329 1123 385 1168 de
407 1123 671 1183 spiritalibus
699 1126 892 1170 carnales
915 1127 1036 1171 fiant.
1058 1129 1115 1171 Et
1135 1127 1344 1187 quoniam
1375 1128 1446 1170 in-

60 1193 347 1253 telligendum
378 1203 440 1238 est
463 1194 595 1238 fuisse
616 1196 828 1255 quosdam
845 1231 856 1251 ,
881 1197 958 1256 qui
985 1212 1087 1241 cum
1118 1197 1283 1242 vellent
1305 1198 1364 1242 eis
1387 1197 1445 1241 is-

14 1269 15 1291 ³
60 1272 149 1309 tam
171 1266 424 1310 servitutem
447 1266 706 1325 persuadere
721 1301 732 1321 ‚
753 1277 796 1311 et
813 1267 1008 1311 viderent
1030 1283 1102 1312 eos
1125 1268 1247 1312 Pauli
1263 1268 1446 1328 apostoli

13 1324 20 1359 l·
61 1336 317 1380 auctoritate
349 1337 570 1392 revocari,
601 1336 796 1382 dicerent
829 1339 956 1382 etiam
999 1339 1139 1398 ipsum
1183 1339 1367 1383 Paulum
1400 1339 1444 1384 id

14 1435 15 1459 3
61 1408 234 1462 sentire,
248 1408 322 1452 sed
335 1423 422 1452 non
436 1409 494 1452 eis
509 1407 634 1452 facile
651 1409 816 1468 aperire
828 1409 1014 1453 voluisse
1030 1410 1289 1453 sententiam
1301 1425 1441 1465 suam,

13 1519 15 1530 ⁴
61 1478 424 1538 opportunissime
451 1479 635 1538 subjecit
661 1497 670 1523 ι
701 1482 839 1538 «Ego
873 1489 1045 1535 autem,
1081 1479 1260 1536 fratres,
1296 1481 1330 1525 si
1362 1481 1446 1526 cir-

13 1534 15 1596 ]
65 1566 86 1589 n
119 1548 427 1593 cumcisionem
446 1548 589 1593 adhuc
611 1548 825 1608 praedico,
867 1550 975 1609 quid
995 1551 1139 1595 adhuc
1177 1552 1445 1610 persecutio-

14 1669 15 1674 *
65 1636 86 1659 »
120 1634 219 1662 nem
243 1619 382 1678 patior
397 1620 412 1644 ³
435 1620 453 1662 P
476 1637 494 1660 »
522 1620 662 1663 Etiam
685 1620 739 1663 ab
758 1620 857 1679 ipsis
879 1621 993 1663 enirn
1019 1621 1264 1679 patiebatur
1299 1638 1444 1682 perse·

14 1692 15 1696 ’
62 1690 308 1743 cntionem,
333 1690 409 1749 qui
445 1688 546 1733 talia
582 1690 840 1749 persuadere
872 1690 1193 1747 moliebantur,
1225 1708 1323 1737 cum
1354 1695 1445 1753 jam

14 1807 15 1813 ¹
62 1759 348 1818 Evangelium
372 1760 606 1817 suscepisse
627 1760 894 1804 viderentur.
915 1766 1030 1814 Quos
1053 1763 1190 1820 tangit
1212 1761 1295 1807 alio
1317 1763 1414 1808 loco
1430 1799 1442 1817 ,

14 1850 15 1871 1
63 1830 140 1874 ubi
162 1831 220 1873 ait
245 1844 253 1870 :
283 1847 303 1871 «
331 1827 534 1873 Periculis
556 1829 602 1873 in
621 1828 735 1873 falsis
759 1829 964 1874 fratribus
981 1832 1027 1873 ⁴?
1049 1851 1067 1872 »
1091 1842 1133 1876 et
1152 1833 1221 1877 hic
1242 1833 1285 1877 in
1307 1834 1446 1893 capite

63 1899 270 1961 Epistolae
285 1934 296 1954 ,
321 1899 397 1943 ubi
420 1899 550 1944 dicit:
576 1918 595 1941 «
617 1903 798 1959 Propter
820 1901 1177 1947 subintroductos
1201 1913 1344 1948 autem
1364 1903 1447 1948 sal-

14 1962 15 1969 *
68 1989 89 2013 »
123 1986 191 2016 sos
215 1969 394 2025 fratres,
425 1970 502 2030 qui
524 1970 870 2014 subintroierunt
897 1971 1163 2030 proscultare
1198 1973 1445 2019 libertatem

14 2045 15 2083 ξ
69 2060 90 2083 »
125 2051 344 2092 nostram,
378 2056 511 2100 quam
545 2041 753 2084 habemus
777 2042 819 2085 in
856 2042 1027 2086 Christo
1050 2044 1152 2086 Jesu
1173 2077 1184 2095 ‚
1216 2053 1265 2088 ut
1288 2060 1366 2088 nos
1403 2045 1449 2089 in
1508 2039 1514 2045 ’

70 2130 90 2154 »
125 2112 375 2157 servitutem
402 2110 643 2170 redigerent
662 2114 693 2154 ⁵.
716 2129 736 2152 »
762 2114 875 2169 Ergo
892 2112 924 2155 si
941 2112 1310 2157 circumcisionem
1335 2130 1448 2173 prae-

67 2183 268 2237 dicabat,
299 2183 546 2227 desinerent
574 2198 672 2226 eum
698 2183 913 2242 persequi.
939 2184 1024 2236 Qui
1061 2193 1204 2227 tamen
1229 2200 1282 2228 ne
1320 2185 1448 2229 timc-

14 2263 16 2278 *
71 2263 220 2298 rentur
237 2253 291 2297 ab
313 2253 371 2296 eis
387 2288 397 2307 ,
433 2253 594 2312 quibus
615 2253 844 2296 christiana
868 2251 1043 2296 libertas
1077 2254 1446 2312 annuntiabatur,

14 2332 16 2354 ²
71 2334 146 2369 aut
164 2340 217 2368 ne
240 2324 295 2368 ab
319 2324 411 2382 ipso
433 2323 640 2382 Apostolo
664 2324 802 2368 timeri
827 2333 1104 2382 putarentur,
1130 2335 1355 2384 propterea
1377 2342 1451 2370 su-

71 2395 215 2455 perius
237 2394 371 2439 libera
392 2394 543 2454 plenus
567 2394 723 2440 fiducia
742 2428 753 2450 ,
791 2410 951 2440 nomen
974 2411 1101 2438 suurn
1133 2396 1262 2440 etiam
1287 2399 1451 2456 proles-

15 2459 17 2487 }
72 2483 142 2512 sus
159 2476 244 2523 est,
269 2467 417 2511 dicens
442 2486 449 2510 :
480 2486 501 2510 ιι
535 2469 646 2512 Ecce
667 2481 747 2525 ego
784 2467 941 2512 Paulus
972 2465 1070 2512 dico
1105 2468 1229 2513 vobis
1252 2503 1262 2522 ‚
1293 2470 1392 2528 quia
1417 2470 1451 2513 si

122 2570 129 2587 ¹
152 2564 254 2598 Galat.
272 2574 303 2606 v,
325 2574 358 2606 9.
385 2580 426 2588 —-
447 2562 555 2597 ²1hid.
578 2574 625 2596 ιο.
649 2561 824 2597 —31bid.
856 2574 905 2595 ιι.
929 2562 998 2593 -4
1016 2572 1035 2597 2
1054 2567 1125 2598 cor.
1148 2575 1192 2606 ιι,
1211 2564 1267 2598 26.
1294 2581 1334 2588 —-
1351 2564 1366 2589 ⁵
1384 2568 1452 2598 Ga·

15 2629 16 2634 ¹
75 2617 131 2652 lat.
152 2630 186 2661 v,
202 2627 238 2653 2.
