1867 3320
375 288 580 316 EPISTOLAE
612 286 667 314 An
698 286 885 315 GALATAS
916 287 1150 314 exposnm.
1372 278 1448 314 101

79 353 198 411 ligno
213 387 224 407 ‚
251 352 513 397 contumelia
529 354 575 397 in
592 353 824 397 Dominum
843 351 1052 411 putanda.
1075 354 1137 395 Ex
1156 362 1275 410 parte
1294 354 1457 412 quippe

79 421 250 472 mortali
284 423 490 482 pependit
522 424 568 467 in
602 423 720 481 ligno
748 441 756 466 :
781 422 1020 466 mortalitas
1051 431 1196 465 autem
1230 422 1344 465 unde
1369 424 1451 477 sit,

79 502 232 538 notum
253 503 317 537 est
338 493 615 538 credentibus
642 513 650 538 :
672 510 721 537 ex
744 509 876 553 poena
893 493 1055 553 quippe
1077 501 1166 546 est,
1191 500 1234 534 et
1252 491 1456 535 maledic-

80 564 197 607 tione
217 564 382 622 peccati
403 564 531 622 primi
554 564 740 608 hominis
757 599 767 618 ‚
808 579 940 622 quam
972 563 1180 606 Dominus
1201 562 1388 620 suscepit
1415 571 1458 605 et

78 643 250 693 peccata
286 643 431 678 nostra
451 634 632 693 pertulit
655 636 699 678 in
728 649 909 694 corpore
930 649 1008 678 suo
1029 648 1158 693 super
1178 633 1388 691 lignum1.
1415 632 1457 677 Si

78 719 179 762 ergo
202 704 419 749 diceretur
433 740 444 760 ,
469 708 585 750 Mors
603 705 833 750 maledicta
847 714 935 762 est3
954 719 1083 748 nemo
1103 704 1422 748 exhorresceret
1445 722 1454 746 ε

78 775 185 834 quid
206 784 352 819 autem
374 776 453 819 nisi
473 791 589 820 mors
612 776 783 821 Domini
806 774 1014 834 pependit
1034 776 1078 818 in
1098 774 1245 834 ligno,
1270 783 1321 818 ut
1341 788 1459 817 mor-

80 854 165 889 tem
199 844 425 889 moriendo
449 856 671 905 superaret
697 866 706 890 :
731 835 883 889 eadem
916 846 1049 904 igitur
1077 844 1307 889 maledicta
1324 879 1335 899 ‚
1360 859 1460 904 quae

77 915 190 959 victa
211 923 288 958 est.
326 919 435 959 Item
458 916 490 958 si
522 915 761 969 diceretur,
797 919 1028 959 Peccatum
1060 915 1341 959 maledictum
1370 924 1456 971 est;

77 999 206 1028 nemo
228 985 456 1028 miraretur
476 1004 485 1028 :
506 984 615 1044 quid
639 994 783 1029 autem
802 985 1011 1044 pependit
1032 986 1076 1028 in
1092 984 1209 1042 ligno
1223 1020 1234 1039 ,
1260 985 1339 1028 nisi
1360 1000 1461 1043 pec-

76 1064 222 1099 catum
244 1055 399 1099 veteris
422 1056 632 1109 hominis,
662 1055 781 1115 quod
804 1056 1014 1100 Dominus
1036 1072 1115 1115 pro
1147 1056 1272 1100 nobis
1300 1056 1346 1098 in
1369 1056 1459 1114 ipsa

76 1125 214 1170 carnis
237 1125 499 1169 mortalitate
521 1127 739 1185 suscepit?
759 1125 881 1170 Unde
898 1141 978 1169 nec
1000 1126 1191 1179 erubuit,
1211 1141 1291 1170 nec
1316 1126 1460 1170 timuit

75 1195 310 1254 Apostolus
323 1194 482 1249 dicere,
498 1206 726 1254 peccatum
744 1211 842 1239 eum
859 1196 1007 1240 fecisse
1019 1211 1097 1254 pro
1112 1196 1251 1250 nobis,
1268 1196 1455 1240 addens:

78 1283 99 1306 «
123 1266 180 1308 Ut
191 1265 246 1308 de
261 1274 439 1323 peccato
453 1265 767 1309 condemnaret
780 1274 1005 1323 peccatum
1016 1269 1047 1308 ².
1063 1284 1082 1305 η
1094 1268 1192 1309 Νοη
1205 1266 1321 1308 enim
1335 1274 1378 1308 et
1390 1280 1461 1308 ve-

76 1343 143 1378 tus
159 1335 292 1378 homo
310 1343 456 1378 noster
472 1335 600 1378 simul
617 1335 958 1392 crucifigeretur,
974 1335 1085 1378 sicut
1097 1336 1212 1379 idern
1228 1334 1462 1394 Apostolus

74 1403 177 1448 alibi
197 1403 322 1458 dicit,
346 1405 425 1448 nisi
444 1405 487 1447 in
513 1404 585 1448 illa
604 1414 742 1448 morte
772 1405 941 1448 Domini
964 1405 1128 1462 peccati
1158 1404 1294 1448 nostri
1319 1405 1459 1463 figura

72 1473 296 1533 penderet,
308 1483 648 1518 utevacuaretur
656 1489 811 1532 corpus
825 1473 1004 1531 peccati,
1016 1483 1065 1516 ut
1078 1474 1189 1517 ultra
1202 1489 1291 1518 non
1304 1475 1455 1517 servia-

72 1560 168 1588 mus
185 1546 404 1603 pcccato3.
426 1547 474 1587 In
489 1545 614 1603 cujus
628 1544 793 1603 peccati
808 1553 850 1588 et
866 1544 1014 1588 mortis
1028 1545 1180 1601 figura,
1197 1544 1326 1588 etiam
1340 1547 1459 1601 Moy-

71 1628 135 1657 ses
147 1614 193 1656 in
204 1628 348 1657 eremo
360 1614 664 1672 superlignum
677 1613 879 1657 exaltavit
891 1616 1153 1672 serpentem*
1163 1616 1457 1658 .Persuasione

71 1684 234 1743 quippe
249 1683 460 1742 serpentis
477 1684 608 1727 homo
622 1685 664 1726 in
684 1683 1006 1727 damnationem
1022 1684 1170 1727 mortis
1185 1684 1354 1728 cecidit.
1377 1688 1457 1727 Ita-

70 1770 158 1814 que
170 1769 343 1813 serpens
360 1753 414 1797 ad
435 1754 790 1811 significationem
815 1754 948 1812 ipsius
967 1755 1130 1808 mortis,
1148 1755 1454 1797 convenienter

68 1826 111 1868 in
126 1824 244 1883 ligno
262 1823 469 1868 exaltatus
491 1833 552 1867 cst
570 1843 578 1868 :
596 1824 639 1867 in
659 1823 730 1867 illa
745 1825 861 1868 enim
875 1824 1010 1881 figura
1027 1839 1141 1868 mors
1159 1824 1325 1868 Domini
1344 1840 1451 1883 pen-

70 1894 201 1939 debat
224 1895 268 1937 in
291 1894 422 1950 ligno.
451 1895 555 1946 Quis
580 1903 725 1937 autem
749 1895 1023 1945 abhorreret,
1042 1895 1072 1936 si
1095 1893 1334 1947 diceretur,
1362 1898 1451 1937 Ma-

69 1963 256 2007 ledictus
277 1978 451 2022 serpens
469 1965 545 2022 qui
582 1964 741 2022 pendct
764 1964 808 2006 in
839 1962 990 2019 ligno?
1020 1966 1074 2007 Et
1095 1973 1238 2007 tamen
1267 1977 1446 2008 mortem

69 2033 208 2078 carnis
225 2033 395 2076 Domini
411 2034 692 2092 praefigurans
711 2048 884 2091 serpens
907 2034 1125 2090 pendebat
1148 2034 1192 2076 in
1216 2034 1355 2092 ligno,
1376 2035 1445 2077 cui

67 2114 336 2148 sacramento
358 2105 447 2162 ipse
478 2104 686 2148 Dominus
709 2113 933 2147 attestatus
956 2113 1017 2147 est
1038 2139 1048 2156 ‚
1073 2103 1219 2147 dicens
1241 2124 1251 2149 ;
1280 2124 1299 2145 «ι
1328 2105 1447 2148 Sicut

73 2193 92 2215 »
126 2174 330 2218 exaltavit
372 2177 542 2232 Moyses
589 2184 830 2233 serpentem
871 2175 915 2217 in
956 2189 1100 2218 eremo
1118 2209 1128 2228 ‚
1174 2175 1230 2218 ita
1270 2174 1445 2218 exaltari

71 2261 90 2284 n
126 2252 296 2302 oportet
320 2243 458 2288 filium
489 2244 675 2288 hominis
706 2260 834 2303 super
858 2254 1012 2287 terram
1031 2246 1061 2286 ⁵.
1091 2263 1110 2284 η
1138 2246 1232 2288 Νοη
1261 2244 1376 2287 enim
1400 2254 1442 2288 ct

68 2313 150 2357 hoc
183 2313 226 2356 in
261 2313 568 2357 contumeliam
596 2314 761 2357 Domini
785 2317 967 2371 Moysen
991 2312 1157 2367 fecisse,
1195 2313 1348 2373 aliquis
1378 2315 1446 2358 di-

69 2383 175 2427 xerit
190 2418 201 2438 ‚
227 2398 326 2427 cum
363 2393 522 2427 tantam
563 2385 605 2427 in
629 2399 676 2427 ea
717 2399 843 2428 cruce
878 2383 1060 2428 salutem
1096 2384 1321 2428 hominum
1355 2401 1443 2427 esse

68 2462 361 2510 cognosceret,
388 2463 436 2498 ut
459 2469 545 2499 non
567 2456 624 2497 ob
647 2454 763 2498 aliud
787 2453 841 2498 ad
859 2456 950 2513 ejus
972 2454 1178 2498 indicium
1201 2463 1441 2513 serpentem

117 2556 123 2570 ¹
154 2551 266 2581 =!‘‹·tr.
286 2550 388 2591 nstz‘f.
413 2567 449 2572 -—
473 2558 484 2572 ⁷
509 2552 598 2581 Rom.
618 2561 687 2590 vm,
711 2552 738 2581 i.
763 2567 802 2573 -
832 2549 895 2580 ³m
928 2561 974 2588 vi,
999 2550 1031 2580 (ἱ.
1053 2567 1084 2573 -
1107 2549 1121 2577 f.
1149 2551 1238 2581 Num.
1260 2560 1327 2585 ui,
1347 2563 1368 2588 q
1398 2567 1439 2573 -

75 2603 192 2636 ”.Ιι»ἰιι.
214 2617 258 2643 ιιι,
284 2605 333 2647 14.
