1924 3309
501 317 586 358 410
925 329 959 360 s.
995 328 1226 359 mausum
1258 329 1441 361 nmscom

497 394 645 454 epulas
664 396 948 452 convenistis,
989 396 1101 440 bene
1134 395 1350 440 comedite
1377 414 1386 441 :
1419 396 1494 441 sed
1520 411 1623 441 cum
1655 396 1849 443 abieritis
1866 433 1878 455 ‚

498 465 610 509 bene
630 465 826 525 digerite.
862 470 979 511 Bene
1001 466 1117 510 enim
1142 464 1378 510 manducat
1403 475 1447 510 et
1473 467 1585 512 male
1602 466 1758 526 digerit
1774 503 1785 523 ‚
1805 469 1882 529 qui
1903 424 1907 510 l

497 535 619 581 audit
647 537 829 582 verbum
862 538 936 582 Dei
966 545 1009 581 et
1039 551 1127 581 non
1153 534 1287 581 facit:
1312 551 1402 580 non
1435 538 1550 580 enirn
1573 537 1693 582 ducit
1729 538 1905 612 utilem

495 621 673 652 succum
688 643 698 663 ‚
727 608 801 653 sed
824 608 1010 652 crudum
1032 615 1175 651 ructat
1196 606 1485 666 indigestione
1505 606 1745 653 fastidium.
1902 617 1905 642 ³

554 682 635 724 III.
662 682 750 725 Nec
771 679 986 723 miremini
1003 678 1124 739 quod
1146 678 1279 723 corda
1300 688 1447 723 nostra
1469 679 1529 723 sic
1552 679 1808 739 epulantur,
1832 690 1883 726 ut

494 759 537 794 et
553 750 642 810 ipsa
665 751 928 805 reficiantur,
949 758 993 794 et
1009 765 1100 795 non
1116 750 1320 793 minuant
1340 749 1460 793 unde
1483 749 1748 795 reficiantur.
1773 753 1884 796 Cor-

493 821 711 880 poralibus
734 822 869 866 oculis
886 822 1042 866 nostris
1067 825 1181 866 Deus
1201 820 1333 867 talem
1356 820 1503 866 cibum
1525 820 1660 866 dedit.
1678 824 1786 868 Nam
1806 822 1881 868 lux

492 892 571 936 ista
589 892 710 936 cibus
735 901 795 937 est
813 891 1042 937 oculorum
1061 913 1072 950 3
1096 893 1176 937 hac
1199 892 1366 936 lumina
1386 901 1531 937 nostra
1554 902 1790 952 pascuntur
1804 929 1815 950 ‚
1838 902 1882 938 et

491 963 525 1007 si
547 963 643 1023 quis
665 964 830 1008 diutius
852 964 898 1007 in
921 963 1110 1008 tenebris
1133 963 1265 1008 fuerit
1280 999 1291 1019 ‚
1312 972 1522 1023 tanquam
1539 963 1779 1023 jejunando
1801 963 1880 1008 de·
1915 968 1917 970 ’

490 1033 658 1077 ficiunt.
682 1033 973 1078 Perdiderunt
995 1034 1109 1077 enim
1128 1034 1326 1078 homines
1353 1032 1502 1078 oculos
1529 1033 1722 1078 sedendo
1744 1034 1791 1078 in
1811 1044 1876 1079 te-

490 1105 635 1147 nebris
650 1140 660 1159 ,
683 1120 762 1149 nec
786 1104 952 1165 aliquid
982 1106 1107 1148 irruit
1130 1104 1266 1149 oculis
1282 1140 1292 1160 ,
1314 1120 1394 1149 nec
1413 1105 1625 1164 quispiam
1644 1106 1876 1164 percussit,
1896 1127 1898 1131 v

489 1188 570 1217 nec
594 1175 752 1218 humor
773 1174 939 1219 alienus
961 1175 1159 1229 influxit,
1181 1190 1261 1218 nec
1284 1175 1426 1234 pulvis
1443 1209 1453 1228 ‚
1475 1190 1555 1219 nec
1578 1174 1727 1219 fumus
1753 1195 1762 1220 2
1782 1191 1879 1235 pro-

488 1243 664 1288 ducitur
686 1245 819 1289 homo
843 1254 940 1304 post
961 1246 1163 1289 tenebras
1177 1279 1188 1299 ‚
1214 1254 1257 1289 et
1278 1260 1368 1289 non
1389 1244 1509 1289 videt
1525 1245 1646 1304 quod
1668 1245 1844 1291 videbat
1864 1266 1872 1292 :

486 1315 600 1360 oculi
622 1317 713 1376 ejus
729 1315 846 1361 fame
863 1317 1025 1361 mortui
1043 1325 1167 1374 sunt3
1185 1316 1333 1360 cibum
1356 1330 1500 1371 suum,
1526 1316 1610 1361 hoc
1628 1326 1707 1372 est,
1733 1316 1876 1362 lucem

485 1402 574 1431 non
607 1387 819 1432 sumendo
853 1387 1124 1432 defecerunt.
1162 1386 1319 1431 Videte
1352 1402 1454 1446 ergo
1483 1387 1606 1448 quod
1638 1389 1895 1448 proposui‚'

484 1457 624 1518 qualis
647 1459 700 1502 sit
723 1459 846 1503 cibus
868 1458 1099 1503 oculorum
1120 1466 1386 1502 nostrorum.
1414 1461 1499 1502 Ista
1525 1458 1601 1502 lux
1621 1458 1795 1504 videtur
1817 1459 1873 1503 ab
1891 1432 1894 1500 l

484 1529 703 1585 omnibus,
727 1530 864 1589 pascit
881 1531 1076 1575 omnium
1096 1529 1268 1588 oculos;
1289 1538 1332 1574 et
1348 1538 1545 1589 aspectus
1567 1529 1755 1575 videntis
1773 1505 1894 1581 reti-l

483 1600 618 1654 citur,
651 1609 693 1643 et
716 1598 789 1644 lux
817 1602 985 1660 integra
1015 1609 1274 1660 perseverat.
1309 1600 1352 1646 Si
1384 1600 1473 1644 duo
1508 1599 1712 1655 videant,
1752 1609 1872 1645 tanta

482 1681 735 1730 permanet3
775 1673 809 1716 si
841 1673 988 1732 plures
1021 1672 1222 1727 videant,
1261 1671 1415 1716 eadem
1448 1681 1708 1732 permanet:
1752 1644 1892 1717 dives

479 1741 623 1786 videat
638 1777 648 1796 ,
674 1757 840 1801 pauper
855 1741 1001 1786 videat
1018 1776 1028 1796 ‚
1049 1743 1228 1802 aequalis
1249 1752 1312 1786 est
1334 1743 1555 1786 omnibus.
1582 1742 1737 1788 Nullus
1754 1744 1800 1787 in
1821 1758 1870 1787 ea
1888 1716 1891 1772 Ι

478 1812 635 1856 limites
656 1812 750 1871 figit
767 1848 777 1868 ‚
802 1812 1009 1872 impletur
1033 1812 1233 1872 pauperis
1255 1812 1399 1872 inopia
1416 1847 1427 1867 ,
1454 1821 1578 1857 vacat
1600 1812 1744 1857 divitis
1763 1829 1868 1859 ava-

479 1884 589 1927 ritia.
607 1882 830 1943 Numquid
846 1883 960 1926 enim
983 1883 1058 1942 qui
1080 1883 1178 1941 plus
1202 1883 1335 1927 habet
1352 1917 1363 1937 ‚
1389 1883 1488 1941 plus
1510 1883 1645 1938 videt,
1671 1893 1748 1928 aut
1765 1900 1868 1944 pro-

477 1955 566 1999 lato
583 1971 688 1999 auro
711 1964 989 2014 praeoccupat
1005 1969 1260 2015 pauperem,
1278 1964 1321 1999 et
1334 1955 1440 2000 emit
1457 1956 1539 2000 sibi
1560 1957 1680 2016 quod
1701 1956 1862 2014 videat,

476 2037 525 2070 ut
546 2025 619 2069 ille
642 2041 730 2070 non
753 2025 944 2069 habeat?
967 2024 1009 2070 Si
1031 2040 1134 2084 ergo
1157 2024 1254 2069 talis
1276 2025 1400 2070 cibus
1422 2035 1486 2070 est
1514 2027 1650 2071 oculis
1677 2027 1834 2072 nostris
1849 2061 1861 2083 ,
1884 2048 1886 2055 κ

475 2098 582 2158 quid
601 2106 663 2141 est
684 2098 774 2157 ipse
792 2100 905 2141 Deus
923 2097 1144 2141 mentibus
1167 2097 1356 2141 nostris?

536 2170 607 2212 IV.
645 2171 701 2212 Et
729 2168 899 2212 aurium
923 2168 1103 2228 quidam
1127 2167 1249 2211 cibus
1275 2182 1407 2212 sonus
1429 2176 1514 2223 est,
1540 2176 1584 2212 et
1609 2167 1700 2227 ipse
1723 2167 1862 2228 qualis

474 2240 572 2282 est?
606 2242 667 2283 De
688 2239 752 2284 his
788 2239 904 2283 enim
933 2238 1130 2283 sensibus
1165 2238 1357 2298 corporis
1390 2239 1545 2283 mentis
1571 2238 1887 2299 intelligibilia

475 2309 769 2369 conjiciamus,
796 2313 908 2355 Ecce
932 2309 1090 2370 loquor
1106 2308 1317 2355 Charitati
1335 2312 1520 2355 Vcstrae:
1543 2310 1702 2355 adsunt
1717 2325 1856 2367 aures,
1880 2319 1882 2328 '

476 2380 634 2424 adsunt
666 2389 845 2424 mentes.
871 2383 967 2424 Duo
995 2380 1196 2440 quaedam
1231 2379 1475 2435 nominavi,
1512 2397 1635 2426 aures
1663 2391 1705 2426 et
1733 2397 1881 2432 men-

476 2460 590 2508 tem3
620 2459 662 2494 ct
684 2451 729 2494 in
751 2466 801 2495 eo
831 2450 950 2511 quod
977 2451 1160 2511 loquor,
1194 2450 1282 2495 duo
1306 2451 1509 2512 quaedam
1540 2461 1642 2497 sunt
1666 2467 1797 2497 sonus
1815 2463 1857 2498 et

474 2520 749 2580 intellectus3
781 2521 909 2566 simul
931 2521 1132 2567 feruntur
1147 2557 1158 2577 ‚
1184 2520 1313 2566 simul
1342 2524 1396 2566 ad
1420 2538 1543 2567 aures
1565 2524 1853 2584 perveniunt3

473 2608 602 2637 sonus
617 2594 869 2638 remanetin
891 2609 1009 2649 aure,
1026 2592 1273 2638 intellectus
1295 2593 1518 2638 descendit
1539 2594 1583 2638 in
1601 2594 1746 2639 corde.
1767 2595 1850 2641 Sed

471 2663 526 2708 de
554 2679 659 2709 sono
691 2665 780 2724 ipso
799 2665 917 2724 prius
940 2665 1210 2711 advertamus
1232 2674 1399 2725 quanto
1417 2664 1696 2711 excellentius
1718 2664 1848 2711 intel·
1870 2720 1871 2724 Ἰ
1891 2686 1895 2688 v
