1867 3320
378 304 517 333 senno
551 307 591 332 v.
632 306 686 332 DE
719 301 984 333 anTA‘i-ronss
1017 303 1156 332 saeos.
1373 294 1457 334 207

75 387 156 419 nus
172 371 272 427 det,
298 370 450 416 fratres
469 406 480 427 ,
505 370 718 431 explicare
735 379 907 416 tantum
928 371 1202 428 mysterium.
1226 373 1455 427 Luctatur,

75 441 302 504 praevalet,
331 450 375 486 et
400 440 495 486 vult
516 441 717 486 benedici
739 442 794 485 ab
821 456 873 486 eo
894 441 964 486 cui
986 439 1230 501 praevaluit.
1261 440 1375 493 Quid
1398 451 1462 487 est

76 529 175 573 ergo
196 512 318 573 quod
335 512 543 568 luctatur,
563 521 606 556 et
623 512 719 557 vult
736 521 883 557 tenere
895 513 914 556 Ρ
928 512 1001 556 Ait
1023 510 1232 555 Dominus
1254 510 1298 553 in
1316 513 1462 556 Evan-

76 583 186 644 gelio
211 602 220 628 :
250 602 270 626 «
296 586 496 642 Regnum
530 582 745 628 coelorum
776 583 865 627 vim
889 582 1079 642 patitur,
1113 590 1156 625 et
1181 583 1259 642 qui
1289 582 1376 626 vim
1400 581 1459 626 fa-

78 672 98 696 »
132 654 269 710 ciunt,
285 653 499 714 diripiunt
520 653 632 699 illud
649 657 679 698 ¹.
701 672 720 696 »
744 657 836 699 Hoc
858 663 921 698 est
943 653 1063 714 quod
1085 654 1336 698 dicebamus
1351 655 1464 714 jam·

74 723 241 769 dudum
254 728 271 751 ²
298 743 307 770 :
334 728 518 770 Luctare
531 760 542 780 ,
563 734 613 769 ut
629 733 776 769 teneas
797 725 1019 770 Christum
1034 759 1045 779 ,
1071 733 1122 769 ut
1141 723 1296 784 diligas
1317 724 1464 768 inimi-

73 811 188 840 cum.
216 798 352 840 Tenes
369 796 482 840 enim
501 796 724 841 Christum
747 795 818 840 hic
835 831 846 850 ,
872 796 905 839 si
922 795 1147 840 inimicum
1172 794 1385 840 dilexeris.
1408 798 1464 839 Et

72 865 179 926 quid
207 866 314 911 dicit
334 867 423 926 ipse
448 866 654 910 Dominus
670 901 680 921 ,
709 865 754 910 id
771 874 834 910 est
852 901 862 920 ,
895 866 1088 925 Angelus
1109 866 1152 910 in
1169 881 1352 926 persona
1374 869 1464 910 Do-

73 937 208 990 mini,
233 952 331 981 cum
361 935 614 996 praevaleret
640 945 683 981 et
714 945 883 980 teneret
916 938 1053 980 eum?
1083 936 1243 996 Tetigit
1265 936 1464 981 latitudi-

72 1022 172 1051 nem
195 1007 370 1052 femoris
392 1008 484 1068 ejus
502 1042 513 1062 ,
539 1016 583 1051 et
604 1008 796 1063 exaruit,
822 1016 865 1052 et
893 1006 994 1052 ideo
1008 1006 1285 1052 claudicabat
1307 1008 1460 1052 Jacob.

72 1077 183 1122 Dicit
217 1078 286 1122 ei:
316 1097 335 1119 «
367 1079 542 1122 Dimitte
575 1093 673 1133 me,
705 1079 795 1138 jam
820 1078 935 1122 enim
965 1092 1094 1123 mane
1121 1087 1199 1122 est.
1229 1097 1248 1119 »
1276 1081 1333 1122 Et
1363 1077 1462 1133 ille,

77 1167 96 1190 «
130 1151 226 1193 Non
255 1158 296 1193 te
324 1148 497 1194 dimitto
515 1185 525 1204 ,
561 1150 639 1194 nisi
672 1148 942 1193 benedixeris
975 1150 1090 1193 me3.
1115 1167 1134 1190 n
1162 1152 1218 1194 Et
1239 1148 1465 1193 benedixit

73 1218 196 1263 illum
220 1239 228 1264 ε
254 1221 509 1279 quomodo?
532 1219 746 1265 Mutando
771 1219 835 1263 illi
869 1235 1045 1264 nomen.
1077 1239 1096 1262 α
1121 1222 1219 1265 Non
1240 1219 1464 1264 vocaberis

75 1307 95 1331 »
131 1290 289 1344 Jacob,
311 1290 384 1334 sed
407 1289 537 1334 Israel
557 1310 565 1335 ι
587 1290 794 1350 quoniam
819 1290 1082 1350 praevaluisti
1106 1305 1206 1335 cum
1226 1294 1338 1346 Deo,
1359 1306 1464 1350 prae-

75 1377 95 1401 »
131 1360 313 1415 valebis,
340 1370 382 1405 et
411 1375 511 1405 cum
529 1360 822 1405 hominibus&
852 1379 872 1401 »
899 1363 984 1405 Ista
1008 1360 1258 1405 benedictio
1280 1370 1357 1406 est.
1387 1361 1463 1404 Vi·
1490 1368 1497 1385 ³

72 1431 171 1475 dete
195 1446 334 1475 unum
360 1433 605 1488 hominem,
630 1448 681 1475 cx
703 1439 825 1490 parte
844 1431 1061 1490 tangitur,
1083 1440 1125 1476 et
1148 1432 1323 1489 arescit,
1349 1440 1394 1476 et
1415 1448 1465 1476 ex

72 1510 193 1560 parte
214 1501 500 1545 benedicitur.
514 1504 528 1544 1
537 1516 609 1560 pse
632 1515 744 1544 unus
766 1501 897 1545 homo
915 1516 968 1545 ex
989 1510 1111 1560 parte
1132 1502 1261 1558 aruit,
1283 1511 1327 1547 et
1344 1501 1465 1547 clau-

73 1571 189 1616 dicat
209 1592 220 1629 3
240 1580 283 1615 et
300 1587 350 1614 ex
369 1580 490 1630 parte
514 1571 789 1616 benedicitur
802 1607 813 1626 ,
834 1580 877 1616 et
898 1572 1030 1630 viget.

132 1644 231 1686 vll.
257 1641 375 1696 Quid
396 1651 460 1686 est
481 1651 627 1686 autem
649 1662 658 1687 ;
683 1645 924 1702 (quantum
946 1643 1155 1687 Dominus
1177 1644 1383 1702 suggerit,
1401 1644 1465 1688 di-

74 1714 232 1768 cimus,
260 1715 351 1758 sine
382 1713 636 1774 praejudicio
670 1713 858 1757 melioris
890 1713 1136 1759 intellectus
1164 1734 1173 1759 2
1202 1718 1219 1772 )
1242 1714 1350 1775 quid
1377 1725 1461 1771 est,

77 1802 98 1826 «
134 1787 244 1828 Ecce
266 1785 492 1843 manejam
511 1784 658 1839 venit,
685 1783 857 1827 dimitte
880 1786 983 1828 me?
1004 1803 1023 1825 »
1043 1786 1136 1829 Hoc
1158 1785 1359 1846 estquod
1383 1789 1465 1831 Do-

76 1855 218 1899 minus
239 1853 343 1899 dicit
373 1864 468 1914 post
490 1855 729 1914 passionem
768 1854 939 1899 mulie-ri
956 1891 966 1909 ,
988 1871 1089 1915 quae
1119 1855 1295 1901 volebat
1318 1856 1380 1901 illi
1404 1866 1464 1901 tc-

75 1940 179 1970 nere
200 1924 344 1984 pedes.
374 1943 393 1965 «
420 1923 516 1969 Noli
539 1939 609 1968 me
628 1934 819 1982 tangere,
846 1924 1044 1968 nondum
1068 1926 1184 1969 enim
1213 1926 1384 1971 ascendi
1410 1927 1464 1972 ad

68 1995 99 2037 ⁴»
138 1999 307 2040 Patrem
324 1997 354 2038 ⁵.
376 2012 395 2035 υ
421 1994 537 2048 Quid
558 2003 620 2039 est
640 1995 758 2038 hoc?
788 1997 895 2040 Nam
921 2004 963 2039 et
991 2011 1091 2039 cum
1123 1995 1342 2056 legeretur
1374 1999 1464 2057 ipsa

77 2065 227 2121 lectio,
270 2066 448 2110 tractavi
486 2064 589 2109 inde
632 2064 867 2125 aliquando
891 2101 902 2120 ,
942 2065 1165 2125 quomodo
1202 2067 1422 2112 diceretur
1454 2088 1463 2113 :

81 2155 103 2180 «
136 2136 233 2183 Noli
252 2152 321 2180 mc
345 2145 546 2195 tangere,
574 2136 772 2180 nondum
790 2137 962 2181 ascendi
979 2137 1033 2180 ad
1057 2141 1271 2181 Patrem.»
1290 2141 1467 2192 Quare?

80 2210 215 2255 Nemo
236 2208 358 2252 illum
379 2209 517 2266 tetigit
538 2208 821 2268 corporaliter
838 2244 848 2263 ‚
871 2209 949 2252 nisi
973 2224 1072 2253 cum
1097 2209 1288 2254 ascendit
1309 2211 1363 2255 ad
1391 2214 1469 2255 Pa·

82 2282 222 2324 trem?
239 2279 396 2324 Adhuc
418 2279 486 2322 liic
508 2287 626 2333 erat,
652 2278 843 2339 palpavit
871 2279 1090 2323 cicatrices
1125 2280 1367 2340 Discipulus
1389 2282 1466 2341 qui

82 2365 170 2396 non
192 2350 411 2395 credebat.
437 2349 664 2403 Quomodo
687 2365 790 2410 crgo
821 2350 995 2394 nolebat
1029 2365 1073 2393 sc
1099 2352 1242 2409 tangi,
1269 2352 1348 2395 nisi
1366 2352 1468 2413 qnia

83 2421 164 2467 hoc
184 2423 366 2482 liguratc
388 2420 550 2466 dictum
579 2423 666 2465 cst?
689 2420 765 2466 llla
790 2421 946 2465 mulier
965 2420 1152 2466 Ecclesia
1172 2431 1264 2467 erat
1288 2443 1295 2468 :
1321 2432 1363 2468 ct
1387 2424 1468 2468 lioc.

85 2501 173 2547 est,
208 2492 306 2538 Noli
342 2507 411 2536 mc
453 2501 658 2552 tangere,
684 2492 771 2537 noli
798 2508 866 2536 me
896 2491 1126 2537 carnaliter
1151 2502 1353 2552 tangere,
1393 2495 1468 2538 scd

135 2596 141 2612 ¹
160 2590 270 2623 Manli.
294 2602 336 2631 xi,
363 2599 412 2622 ι’).
431 2601 470 2613 ·—
490 2598 499 2613 ²
521 2590 598 2622 Vide
611 2602 704 2632 supra
722 2604 752 2623 ιι.
775 2592 806 2623 3.
829 2608 867 2614 —-
890 2588 999 2622 ³tlcn.
1024 2602 1122 2633 xxxii,
1138 2591 1382 2626 26.-411ιίι1-
1413 2592 1466 2625 28.

89 2660 129 2669 —
145 2645 159 2670 ⁵
183 2649 273 2680 Joan.
295 2658 348 2688 xx,
375 2657 423 2688 ¹7·
