1867 3320
383 267 523 295 SERMO
557 266 606 304 x,
642 266 695 292 Dr:
727 267 892 293 summo
924 264 1170 296 sALouoms.
1382 261 1465 298 269

89 332 191 394 qula
213 346 361 377 omnes
384 346 435 375 ex
456 330 694 390 cupiditate
715 331 862 376 saeculi
879 340 1192 376 convertuntur
1212 332 1267 377 ad
1288 335 1466 392 gratiam

89 404 166 447 Dei
183 416 300 458 ‚nec
321 400 376 446 de
405 400 621 461 prioribus
644 401 824 461 justitiae
854 401 1017 446 meritis
1047 416 1146 445 vere
1177 411 1317 460 potest
1351 406 1470 463 quis·

88 488 222 533 quam
237 471 426 532 gloriari.
438 472 643 517 Meretrix
663 480 809 517 autem
830 470 952 533 quod
966 470 1221 526 fornicatur,
1237 472 1367 531 ipsius
1383 484 1465 518 est:

88 544 210 604 quod
230 543 363 588 habet
383 542 525 588 filium
542 578 553 599 ‚
578 544 656 588 Dei
677 552 753 588 est.
779 544 940 587 Omnes
961 543 1078 587 enim
1093 543 1290 587 homines
1308 544 1361 587 ab
1385 560 1471 588 uno

89 617 180 659 Deo
206 621 400 658 creatore
424 612 684 658 formantur.
711 616 799 659 Nec
820 613 1071 657 mirandum
1091 622 1154 657 est
1173 647 1184 668 ,
1207 612 1328 673 quod
1345 614 1471 657 etiam

89 685 134 729 in
156 685 343 745 peccatis
364 685 594 729 hominum
617 687 729 729 Deus
751 684 864 729 bene
894 693 1112 744 operatur.
1137 686 1247 729 Nam
1268 683 1397 728 etiam
1420 683 1473 727 de

88 755 248 802 scelere
280 755 408 800 Judae
437 756 656 801 traditoris
678 756 888 801 Dominus
910 765 1056 801 noster
1080 755 1262 800 salutem
1295 755 1474 798 humani

89 828 254 886 generis
284 837 484 887 operatus
507 837 583 872 est.
611 827 696 873 Sed
713 828 797 872 hoc
818 827 1024 882 interest,
1050 827 1170 887 quod
1187 826 1241 870 de
1263 827 1473 886 cujusque

88 907 266 957 peccato
284 913 385 942 cum
408 897 576 958 aliquid
594 897 701 942 boni
726 900 838 941 Deus
860 895 1022 952 fecerit,
1047 896 1305 956 plerumque
1323 896 1368 940 id
1385 894 1475 940 nol-

90 968 150 1013 let
171 967 244 1012 ille
261 964 589 1027 peccatorinon
609 967 752 1012 solum
774 967 876 1027 quia
898 983 999 1012 cum
1015 977 1180 1026 peccat,
1205 982 1293 1011 non
1312 982 1362 1010 eo
1380 981 1478 1025 pcc-

89 1047 158 1084 cat
180 1038 342 1093 animo,
360 1054 447 1098 qua
464 1036 739 1097 providentia
751 1039 866 1081 Deus
890 1037 944 1081 de
967 1046 1146 1096 peccato
1168 1038 1259 1097 ejus
1277 1045 1478 1095 operatur

83 1108 297 1169 justitiam
321 1127 329 1152 :
345 1112 465 1167 (non
482 1108 599 1152 enim
619 1108 704 1152 hoc
721 1107 865 1151 animo
883 1109 906 1151 J
911 1106 1017 1151 udas
1040 1106 1217 1151 tradidit
1238 1106 1475 1159 Christum,

90 1195 179 1239 quo
201 1179 346 1224 animo
368 1179 566 1224 Christus
589 1193 633 1222 se
656 1177 768 1222 tradi
788 1192 937 1236 passus
964 1186 1027 1221 est
1049 1196 1056 1221 :
1085 1180 1101 1234 )
1123 1176 1198 1220 sed
1220 1177 1348 1220 etiam
1377 1176 1478 1236 quia

89 1250 255 1310 peccati
278 1250 344 1294 sui
371 1258 577 1293 eventum
595 1284 606 1304 ‚
639 1264 740 1292 cum
764 1249 808 1292 in
837 1248 1002 1307 aliquid
1025 1248 1179 1292 melius
1195 1283 1205 1302 ‚
1244 1246 1363 1307 quod
1387 1248 1477 1306 ipse

88 1321 226 1366 nollet
240 1356 250 1376 ‚
277 1320 502 1380 pervenire
517 1320 786 1379 cognoverit,
808 1318 928 1363 dolet
950 1320 1109 1378 potius,
1133 1334 1264 1378 quam
1287 1318 1471 1361 laetatur.

91 1395 318 1452 Tanquam
338 1392 374 1436 si
396 1406 614 1435 venenum
643 1390 796 1450 aliquis
821 1390 995 1434 inimico
1017 1390 1246 1449 aegrotanti
1273 1390 1374 1432 dare
1396 1404 1474 1432 cu-

89 1463 211 1523 piens
232 1461 410 1507 fallatur
432 1463 477 1506 in
498 1461 639 1521 specie
661 1459 983 1515 medicamenti,
1001 1470 1044 1504 et
1065 1459 1183 1504 aliud
1205 1474 1284 1519 pro
1307 1458 1389 1503 alio
1411 1474 1478 1502 sa-

89 1537 228 1579 lutare
266 1533 433 1595 aliquid
470 1533 653 1590 offerat3
679 1533 756 1576 fiat
777 1540 821 1576 et
848 1547 962 1591 aeger
989 1547 1116 1576 sanus
1140 1532 1215 1576 Dei
1239 1531 1474 1583 beneficio,

90 1605 166 1665 qui
182 1603 350 1650 facinus
367 1604 531 1648 inimici
547 1604 637 1664 ejus
652 1610 905 1647 convertere
922 1602 1059 1647 voluit
1073 1603 1118 1646 in
1132 1600 1312 1645 salutem
1332 1620 1339 1644 z
1359 1600 1477 1661 quod

91 1685 238 1721 tamen
265 1690 366 1720 cum
390 1674 530 1718 malus
557 1673 630 1717 ille
659 1672 932 1731 cognoverit,
964 1672 1018 1716 de
1051 1672 1232 1716 sanitate
1263 1671 1475 1724 hominis,

89 1761 190 1807 quae
211 1761 288 1806 per
308 1760 463 1790 manus
485 1746 578 1805 ejus
601 1753 719 1803 gesta
742 1752 832 1799 est,
859 1743 1090 1787 cruciatur.
1132 1743 1171 1786 Si
1207 1750 1351 1785 autem
1386 1757 1478 1784 mc-

90 1816 221 1860 retrix
242 1823 505 1872 conceptum
524 1814 664 1855 silium
682 1813 871 1853 libenter
892 1812 1068 1863 habeat,
1087 1826 1166 1852 nee
1183 1810 1379 1864 libidine,
1402 1825 1480 1853 nec

92 1885 270 1932 avaritia
288 1884 426 1944 turpis
448 1881 659 1927 mercedis
680 1880 865 1940 impulsa
889 1880 1126 1924 abortionis
1150 1879 1308 1939 poculo
1326 1880 1380 1924 de
1399 1882 1482 1925 vis·

92 1957 263 2003 ceribus
292 1955 434 2016 ejiciat
461 1952 582 2014 quod
604 1959 891 2010 conceperat,
912 1966 967 1993 ne
998 1950 1193 2010 peccanti
1217 1949 1480 1995 foecunditas

92 2027 385 2078 contradicat;
404 2023 617 2085 cupiditas
636 2022 724 2077 illa,
742 2037 842 2082 quae
865 2020 1087 2065 defluebat
1107 2021 1150 2064 in
1174 2021 1398 2080 plurimos,
1426 2021 1480 2065 ad

98 2115 235 2146 unum
255 2098 332 2143 Dei
350 2097 517 2142 donum
532 2097 545 2122 ¹
569 2108 775 2140 conversa
791 2127 802 2147 ‚
823 2108 912 2137 non
938 2094 1027 2151 jam
1051 2090 1264 2150 cupiditas
1279 2126 1289 2144 ,
1316 2091 1389 2135 scd
1411 2091 1481 2135 di-

94 2171 224 2217 lectio
246 2169 558 2216 nominabitur.
593 2164 831 2211 Meretricis
860 2178 960 2221 ergo
996 2162 1106 2206 filius
1136 2172 1248 2206 recte
1272 2161 1478 2220 intelligi-

96 2252 168 2288 tur
192 2240 327 2302 gratia
345 2238 608 2300 peccatricis.
637 2239 700 2280 Ex
720 2244 863 2280 vetere
882 2243 1026 2277 autem
1050 2231 1321 2292 turpitudine
1345 2247 1481 2276 novus

96 2315 227 2360 homo
243 2322 369 2358 natus
386 2309 655 2368 indulgentia
679 2315 955 2367 peccatorum
981 2313 1057 2347 cst.

170 2388 243 2429 Vl.
283 2382 492 2428 Dominus
522 2395 622 2439 crgo
650 2388 692 2422 et
729 2378 771 2421 iu
806 2377 896 2435 ipso
930 2388 1109 2418 numero
1134 2371 1479 2431 Discipulorum,

98 2457 297 2520 quamvis
324 2473 373 2499 cx
400 2452 696 2514 peccatoribus
728 2464 877 2494 omncs
906 2446 1080 2504 clegerit
1102 2480 1112 2499 ,
1146 2445 1305 2503 priores·
1334 2456 1480 2488 tamon

98 2529 226 2588 elegit
248 2534 592 2588 perseveraturos
609 2523 653 2568 in
679 2520 936 2573 dilectione,
961 2531 1092 2578 quam
1114 2519 1135 2561 J
1144 2515 1273 2560 udam
1296 2515 1472 2561 simula-

151 2620 159 2636 ¹
180 2615 284 2648 Forte
299 2612 395 2646 dono.
