1924 3309
505 317 586 354 298
931 328 965 355 s.
1001 325 1226 354 Aucus-rim
1257 324 1439 351 Enscom

501 405 711 451 pauperes
727 425 738 445 ‚
759 393 895 451 aperti
912 400 1013 434 sunt
1034 389 1201 433 divites
1227 387 1343 432 Audi
1363 404 1466 448 ergo
1498 405 1568 434 me
1586 391 1641 435 de
1658 393 1742 437 hoc
1764 396 1885 454 quod

499 461 788 521 proposuisti,
827 461 987 504 domne
1016 473 1197 517 pauper.
1222 460 1336 503 Cum
1373 459 1489 504 enim
1527 460 1652 504 illum
1687 473 1885 508 sanctum

500 533 745 577 ulcerosum
781 542 822 576 te
856 546 944 575 esse
964 529 1095 583 diciS,
1133 529 1267 573 timeo
1296 545 1350 573 ne
1381 532 1677 590 superbiendo
1715 550 1802 578 non
1831 536 1886 579 sis

499 605 620 663 quod
643 604 764 647 dicis.
791 601 887 647 Noli
909 609 1186 644 contemnere
1207 599 1360 644 divites
1383 602 1681 660 misericordes
1696 639 1707 658 ‚
1731 604 1885 650 divites
1918 620 1919 653 ἦ

498 675 710 730 humiles,
733 683 775 717 et
798 681 846 716 ut
867 671 991 715 citius
1013 670 1152 714 dicam
1172 706 1182 726 ,
1208 672 1329 731 quod
1351 672 1483 731 paulo
1505 683 1605 717 ante
1628 673 1714 718 dixi
1733 709 1745 729 ,
1770 676 1884 721 divi·
1917 703 1920 711 ν

498 755 561 790 tes
583 759 791 804 pauperes
818 741 907 786 noli
931 750 1224 785 contemnere.
1256 743 1293 786 O
1312 758 1498 802 pauper,
1524 755 1616 788 esto
1633 754 1676 788 et
1702 754 1749 789 tu
1777 761 1886 804 pau·
1918 774 1919 796 ;

497 831 603 874 per,
637 829 823 874 pauper,
857 811 903 856 id
941 821 1034 867 est,
1075 811 1267 856 humilis.
1296 814 1339 857 Si
1362 814 1474 856 enim
1504 814 1623 858 dives
1658 814 1800 860 factus
1822 826 1885 862 est
1918 843 1920 852 ›

494 886 697 939 humilis,
723 893 890 943 quanto
914 883 1049 942 magis
1080 899 1245 942 pauper
1266 899 1356 927 esse
1385 883 1516 929 debe-t
1538 885 1744 930 humilis?
1774 890 1888 931 Pau·
1918 897 1920 941 ξ

493 971 571 1016 per
593 972 678 1000 non
697 955 830 999 habet
853 955 970 999 unde
992 955 1169 998 infletur
1185 990 1195 1009 ,
1222 955 1340 998 dives
1359 955 1492 999 habet
1513 970 1613 999 cum
1636 973 1725 1016 quo
1739 957 1884 1002 lucte-

495 1034 582 1070 tur.
617 1026 729 1069 Audi
759 1041 859 1082 ergo
887 1040 970 1068 me.
1008 1029 1109 1069 Esto
1141 1041 1268 1068 verus
1296 1041 1487 1085 pauper,
1523 1035 1614 1070 esto
1640 1027 1738 1085 pius
1757 1062 1768 1081 ,
1793 1038 1885 1073 esto
1918 1025 1919 1042 ³

494 1096 684 1140 humilis.
711 1099 816 1139 Nam
841 1097 874 1139 si
907 1095 961 1139 de
996 1096 1074 1139 ista
1106 1112 1298 1154 pannosa
1327 1106 1370 1139 et
1407 1096 1600 1140 ulcerosa
1631 1109 1884 1156 paupertate
1918 1091 1919 1096 ¹

494 1166 704 1225 gloriaris,
727 1168 827 1226 quia
853 1167 950 1210 >talis
975 1166 1055 1210 suit
1078 1166 1152 1210 ille
1175 1167 1251 1226 qui
1274 1176 1373 1210 ante
1396 1166 1575 1211 domum
1599 1167 1742 1211 divitis
1759 1170 1884 1228 inops

485 1236 660 1297 jacebat
679 1258 690 1293 3
711 1237 897 1280 attendis
915 1237 1016 1296 quia
1043 1253 1205 1296 pauper
1228 1237 1333 1289 fuit,
1356 1246 1399 1280 et
1422 1236 1539 1280 aliud
1567 1252 1654 1280 non
1678 1240 1879 1283 attendis.

490 1308 621 1361 Quid,
645 1309 807 1367 inquis,
833 1309 1045 1351 attendo?
1069 1311 1183 1367 Lege
1209 1309 1468 1366 Scripturas,
1489 1317 1531 1352 et
1551 1308 1746 1352 invenies
1764 1311 1884 1369 quod

489 1380 601 1424 dico.
629 1383 814 1424 Lazarus
839 1396 1003 1439 pauper
1020 1378 1105 1422 fuit
1133 1399 1141 1423 ε
1167 1380 1210 1422 in
1234 1381 1357 1439 cujus
1374 1380 1514 1423 sinum
1534 1379 1700 1423 levatus
1721 1390 1800 1433 est,
1821 1381 1884 1425 di-

486 1465 560 1495 ves
585 1449 680 1493 fuit.
711 1450 927 1507 Contigit,
953 1449 1124 1509 inquit,
1150 1450 1259 1493 mori
1282 1450 1455 1508 inopem
1480 1450 1603 1493 illum
1622 1485 1633 1504 ,
1658 1460 1701 1494 et
1723 1450 1884 1496 auferri

487 1520 542 1564 ab
566 1520 739 1579 Angelis
756 1523 785 1563 ¹.
808 1522 931 1573 Quo?
958 1524 1006 1564 In
1030 1520 1171 1564 sinum
1193 1520 1404 1573 Abrabae,
1426 1520 1470 1563 id
1490 1530 1579 1574 est,
1605 1521 1650 1563 in
1669 1530 1883 1565 secretum

485 1591 561 1635 ubi
583 1602 674 1635 erat
693 1592 929 1635 Abraham.
946 1589 1088 1636 Nolite
1110 1591 1226 1634 enim
1245 1589 1744 1650 carnaliterintelligere‚
1761 1591 1883 1650 quod

486 1662 607 1705 velut
630 1663 676 1702 in
698 1662 839 1705 sinum
864 1663 1024 1721 tunicae
1047 1662 1237 1706 Abrahae
1270 1660 1438 1703 levatus
1463 1660 1519 1702 sit
1547 1673 1728 1717 pauper.
1758 1662 1883 1706 Sinus

487 1740 601 1784 erat,
627 1729 728 1788 quia
766 1739 979 1772 secretum
1021 1738 1127 1770 erat.
1162 1729 1287 1770 Unde
1312 1730 1506 1771 dicitur:
1541 1726 1694 1771 Redde
1730 1729 1882 1775 vicinis

487 1802 644 1845 nostris
666 1801 712 1843 in
736 1800 879 1844 sinum
903 1814 1071 1843 eorum.
1098 1798 1215 1851 Quid
1238 1807 1326 1853 est,
1365 1797 1412 1840 in
1443 1798 1587 1842 sinum
1621 1802 1806 1844 eorum?
1830 1804 1881 1845 In

487 1884 648 1918 secreta
667 1887 835 1916 eorum.
857 1870 974 1924 Quid
995 1880 1083 1924 est,
1105 1868 1258 1913 Redde
1277 1869 1321 1913 in
1348 1869 1490 1913 sinum
1508 1872 1688 1914 eorum?
1708 1873 1880 1932 Torque

487 1944 795 1989 conscientiam
825 1957 991 1986 eorum.
1019 1945 1162 1999 Lege,
1182 1950 1258 1984 aut
1274 1941 1308 1984 si
1327 1939 1474 1998 ·legere
1491 1956 1579 1985 non
1602 1950 1724 1999 potes
1739 1977 1751 1996 ‚
1777 1942 1878 1988 audi

487 2030 587 2059 cum
610 2014 793 2071 legitur,
819 2021 863 2057 et
882 2012 984 2055 vide
1019 2011 1237 2056 Abraham
1269 2009 1648 2069 opulentissimum
1675 2010 1810 2056 fuisse
1832 2014 1878 2057 in

486 2095 598 2130 terra
618 2120 628 2139 ,
662 2100 768 2129 auro
785 2119 796 2139 ‚
837 2092 1043 2142 argento,
1084 2082 1246 2126 familia
1263 2117 1273 2137 ,
1299 2097 1455 2141 pecore
1471 2116 1482 2135 ‚
1514 2083 1809 2141 possessione:
1834 2093 1878 2129 et

488 2166 632 2200 tamen
652 2156 770 2199 dives
791 2156 870 2198 iste
893 2169 1057 2212 pauper
1081 2152 1162 2197 fuit
1178 2189 1188 2206 ‚
1215 2153 1316 2212 quia
1338 2153 1514 2197 humilis
1536 2152 1620 2198 fuit
1637 2157 1670 2197 ².
1691 2154 1876 2199 Humilis

489 2237 631 2271 autem
658 2226 740 2270 fuit
758 2245 766 2270 ε
787 2224 1022 2270 «Credidit
1043 2224 1156 2268 enim
1177 2223 1396 2267 Abraham
1422 2226 1528 2277 Deo,
1549 2233 1592 2267 et
1613 2225 1873 2284 deputatum

491 2315 512 2338 >n
547 2307 609 2340 est
638 2296 699 2340 illi
729 2296 783 2341 ad
804 2296 1014 2356 justitiam
1031 2296 1062 2339 ³.
1088 2314 1107 2336 »
1125 2295 1391 2338 Justificatus
1413 2305 1476 2339 est
1499 2295 1633 2353 gratia
1657 2296 1758 2349 Dei,
1786 2312 1874 2340 non

489 2367 662 2425 propria
687 2366 1036 2425 praesumptione.
1062 2364 1221 2408 Fidelis
1243 2375 1349 2415 erat,
1375 2366 1484 2408 bene
1503 2365 1780 2424 operabatur.
1809 2366 1874 2410 Fi-

489 2436 594 2480 lium
619 2438 761 2496 jussus
783 2449 846 2481 est
874 2436 1125 2493 immolare3
1151 2451 1293 2495 neque
1315 2445 1543 2479 cunctatus
1574 2445 1637 2479 est
1654 2437 1692 2479 ei
1716 2436 1874 2480 offerre

490 2506 609 2565 quod
633 2517 869 2565 acceperat,
890 2524 910 2550 a
931 2522 1019 2567 quo
1042 2515 1279 2565 acceperat.
1302 2507 1515 2549 Probatus
1537 2515 1600 2549 est
1624 2509 1728 2559 Deo,
1749 2521 1873 2549 cons-

491 2577 645 2620 titutus
673 2588 735 2621 est
757 2578 1002 2637 exemplum
1026 2577 1140 2621 fidei.
1167 2580 1264 2622 Jam
1293 2580 1382 2621 Deo
1405 2587 1534 2623 notus
1551 2585 1642 2622 erat
1664 2595 1673 2622 ι
1698 2575 1773 2621 sed
1788 2592 1871 2621 no-

540 2667 549 2681 1
567 2661 643 2693 Luc,
664 2672 730 2703 xvr,
752 2670 805 2694 22.
825 2679 866 2686 -
886 2670 899 2686 2
917 2666 996 2698 Gen.
1015 2673 1085 2705 xm,
1105 2671 1136 2697 2.
1159 2660 1226 2685 ...3
1243 2662 1290 2695 ld.
1311 2673 1368 2703 xv,
1386 2662 1419 2694 6.
