1924 3309
488 162 572 200 302
919 160 958 197 εξ
989 165 1222 199 Ausus-nm
1253 169 1435 199 Emscom

486 242 791 296 Paupertatem
813 236 1050 294 cogitemus
1064 272 1075 290 ‚,
1106 253 1161 280 ne
1178 237 1290 281 forte
1307 250 1517 297 pauperes
1545 234 1616 280 vel
1641 236 1776 296 ipsam
1794 252 1869 282 ca-

485 307 668 366 piamus.
709 307 965 366 Concipitur
1001 317 1126 352 utero
1149 306 1340 352 foeminae
1371 307 1588 367 virginali,
1632 306 1899 375 includitur}

484 378 721 423 visceribus
748 379 910 423 matris.
957 381 993 424 Ο
1029 380 1281 438 paupertas!
1325 383 1376 423 In
1414 389 1598 439 angusto
1635 378 1898 442 diversoriot

484 450 690 503 nascitur,
725 449 948 495 involutus
990 449 1264 494 infantilibus
1300 452 1560 508 tegumentis
1593 451 1637 495 in
1664 451 1875 511 praesepio
1896 446 1903 505 ὶ

486 521 678 580 ponitur,
714 522 764 565 fit
791 522 946 567 cibaria
968 521 1177 580 jumentis
1201 522 1466 581 pauperibus
1492 543 1504 579 3
1535 521 1693 567 deinde
1711 520 1812 566 coeli
1833 510 1904 582 et}

485 599 611 635 terrae
631 592 839 636 Dominus
851 628 861 644 ,
884 601 1050 636 creator
1066 591 1332 650 Angelorum
1348 627 1359 646 ‚
1374 592 1571 637 omnium
1587 592 1820 636 visibilium
1834 600 1880 637 et
1898 604 1906 624 t

485 661 770 705 invisibilium
801 662 982 707 effector
1022 673 1066 706 et
1087 663 1289 706 conditor
1321 664 1460 721 sugit,
1500 663 1640 720 vagit,
1666 663 1904 726 nutritur,⁵

487 733 661 787 crescit,
688 731 844 776 tolerat
865 742 1036 776 aetatem
1056 767 1067 787 ‚
1092 733 1281 777 occultat
1305 735 1573 793 majestatem
1604 752 1614 779 ε
1643 743 1791 793 postea
1814 742 1882 776 te·
1903 767 1907 789 ἲ

486 812 633 857 netur,
681 804 994 858 contemnitur,
1036 804 1298 863 flagellatur,
1339 804 1556 860 illuditur,
1597 804 1880 863 conspuitur,

487 946 747 1004 perloratur.
774 948 811 990 Ο
841 947 1092 1005 paupertas!
1129 950 1240 991 Ecce
1262 957 1392 1006 caput
1419 962 1661 1007 pauperum
1684 961 1793 1006 quos
1816 960 1885 989 re·

487 1015 638 1074 quiro,
674 1017 797 1076 cujus
820 1017 1019 1077 pauperis
1047 1018 1294 1062 membrum
1319 1018 1566 1062 invenimus
1596 1031 1747 1063 verum
1770 1031 1882 1075 pau·
1908 1039 1916 1076 ξ.

488 1100 653 1144 perem.

548 1158 605 1200 X.
632 1156 825 1200 Breviter
848 1172 1096 1216 quaeramus
1118 1157 1337 1217 pupillum
1368 1177 1377 1202 ε
1403 1158 1505 1217 quia
1527 1158 1573 1200 in
1596 1170 1787 1215 paupere
1815 1171 1887 1199 re·
1912 1171 1917 1219 ξ’

489 1227 706 1285 quirendo
737 1226 899 1285 fatigati
917 1244 1082 1272 sumus.
1112 1229 1293 1272 Domine
1311 1232 1413 1273 Jesu
1430 1264 1441 1283 ,
1466 1227 1681 1287 pupillum
1702 1241 1852 1287 quaero
1872 1246 1886 1286 3

490 1295 696 1354 fatigatus
720 1313 870 1358 quaero
895 1317 904 1343 :
929 1299 1017 1343 cito
1040 1300 1270 1358 responde,
1290 1308 1339 1343 ut
1361 1299 1592 1343 inveniam.
1623 1317 1643 1340 «
1668 1301 1730 1343 Ne
1747 1298 1885 1353 vobis,
1915 1312 1919 1346 ³:

493 1385 513 1408 »
548 1368 720 1428 inquit,
765 1369 922 1413 dicatis
951 1380 1117 1429 patrem
1153 1370 1198 1414 in
1227 1374 1384 1414 terra¹.
1416 1389 1436 1412 »
1463 1369 1659 1430 Pupillus
1681 1370 1726 1412 in
1750 1378 1885 1424 terra,

490 1437 779 1482 immortalem
804 1450 971 1499 patrem
996 1441 1163 1484 invenit
1194 1441 1239 1484 in
1261 1441 1391 1485 coelo.
1433 1461 1453 1484 «
1483 1444 1547 1486 Ne
1564 1440 1702 1492 vobis,
1721 1439 1886 1500 inquit,

493 1527 512 1549 »
549 1509 703 1555 dicatis
737 1522 905 1569 patrem
937 1512 983 1556 in
1012 1522 1141 1556 terra.
1170 1531 1190 1554 »
1216 1516 1427 1558 Inventus
1461 1523 1525 1557 est
1556 1512 1750 1572 pupillus
1790 1511 1885 1555 iste.

490 1581 596 1623 Oret
622 1582 810 1640 pupillus
847 1583 961 1628 iste:
1004 1583 1229 1627 audiamus
1270 1600 1393 1638 enm,
1434 1593 1478 1627 et
1509 1584 1732 1626 imitemur
1767 1595 1885 1625 eum.

490 1652 598 1703 Quae
621 1662 684 1693 est
707 1653 798 1709 ejus
821 1654 986 1697 oratio?
1012 1674 1031 1695 «
1058 1654 1273 1706 Quoniam
1298 1663 1420 1712 pater
1438 1668 1559 1697 meus
1576 1661 1620 1695 et
1641 1661 1780 1694 mater
1792 1666 1889 1696 mea

493 1738 514 1762 »
551 1720 977 1779 dereliqueruntnie.
1001 1724 1143 1774 Pater,
1169 1721 1327 1780 inquit,
1343 1737 1478 1773 meus,
1494 1731 1536 1764 et
1552 1730 1687 1765 mater
1706 1737 1800 1765 mea
1814 1720 1889 1765 de·

494 1808 514 1830 »
550 1790 823 1850 reliquerunt
840 1806 906 1833 me
925 1809 934 1835 ι
956 1790 1165 1834 Dominus
1185 1800 1329 1834 autem
1349 1792 1698 1850 assumpsitme2.
1724 1791 1765 1835 Si
1783 1806 1887 1849 ergo

495 1878 515 1902 »
555 1861 667 1903 beati
699 1876 907 1920 pauperes
930 1861 1109 1920 spiritu,
1152 1863 1359 1921 quoniam
1391 1864 1583 1922 ipsorum
1612 1870 1675 1905 est
1702 1876 1889 1920 regnum

495 1949 516 1972 υ
551 1932 789 1975 coelorum³
804 1954 815 1989 3
832 1933 909 1975 tibi
929 1931 1161 1976 derelictus
1173 1943 1237 1977 est
1256 1949 1434 1992 pauper.
1458 1952 1477 1975 »
1503 1934 1545 1978 Si
1566 1942 1687 1993 pater
1704 1948 1824 1977 meus
1844 1940 1893 1976 et.

493 2012 630 2046 mater
645 2019 738 2046 mea
762 2002 1090 2062 dereliquerunt
1107 2019 1200 2051 me,
1240 2005 1449 2049 Dominus
1484 2013 1632 2048 autem
1658 2003 1888 2064 assumpsit

494 2088 563 2117 me
589 2095 600 2132 3
631 2094 651 2116 «
686 2074 860 2133 Pupillo
883 2083 932 2117 tu
949 2074 1030 2117 eris
1054 2074 1241 2133 adjutor.
1279 2093 1300 2116 »

544 2177 553 2193 ¹
572 2171 686 2203 Matth.
705 2181 798 2213 xxm,
816 2182 851 2213 9.
871 2186 914 2193 --
930 2176 944 2192 ²
968 2170 1048 2202 Psal.
1072 2180 1160 2212 xxvi,
1183 2181 1234 2204 10.
1255 2187 1296 2193 —
1317 2168 1330 2193 ³
1350 2170 1471 2203 Matth.
1491 2181 1525 2212 v,
1549 2169 1581 2202 3.
