1867 3320
293 254 432 282 sszo
463 254 583 294 xx11,
617 258 671 284 DE
704 247 728 286 3
761 259 894 290 νεικεῖ]
925 262 1074 295 psum
1105 270 1231 299 van.
1355 266 1436 307 359

73 327 224 374 muta,
254 333 348 363 cras
380 328 424 363 te
445 318 628 365 alterum
649 323 854 371 inveniat.
887 330 972 373 Nos
997 340 1138 376 autem
1166 341 1436 392 perversitate

12 447 24 453 „
73 398 220 435 nostra
235 390 296 434 sic
311 388 514 436 volumus
532 394 670 436 Deum
687 395 1022 454 misericordem,
1042 410 1090 445 ut
1108 419 1195 448 non
1209 407 1260 450 sit
1280 410 1433 466 justus.

75 459 161 505 Alii
190 475 336 504 rursus
369 461 493 521 quasi
526 462 798 521 praesidentes
821 467 876 511 de
892 469 1058 528 justitia
1080 486 1154 516 sua
1171 508 1182 528 ,
1205 476 1261 520 sic
1288 479 1438 526 volunt

67 532 262 592 justum,
299 540 350 575 ut
383 530 525 576 nolint
556 533 890 582 misericordem.
928 541 1169 601 Utrumque
1196 558 1238 587 se
1273 549 1439 594 exhibet

72 607 184 645 Deus
199 635 210 655 ‚
236 609 474 661 utrumque
497 612 697 661 praestat,
734 620 813 650 nee
839 608 1125 655 misericordia
1143 614 1232 672 ejus
1253 621 1440 674 praescri-

72 671 138 716 bit
151 671 331 732 justitiae
345 707 357 728 ‚
379 687 459 717 nec
476 673 643 732 justitia
664 676 754 735 ejus
781 675 924 721 aufert
944 679 1292 728 misericordiam.
1317 688 1443 731 Mise-

72 743 205 787 ricors
222 752 266 787 et
282 744 425 803 justus
448 752 526 788 est.
544 743 670 789 Unde
691 746 1010 794 misericordem
1031 752 1285 810 probamus?
1307 759 1445 804 Parcit

72 811 205 857 modo
218 813 521 872 peccatoribus
537 849 548 869 ,
573 813 649 859 dat
669 816 838 862 veniam
860 820 1181 867 confitentibus.
1208 825 1330 869 Unde
1351 842 1444 886 pro-

71 883 225 928 bamus
246 883 368 943 quod
396 885 539 944 justus
567 888 664 929 est?
691 888 802 940 Quia
833 899 1040 935 venturus
1061 902 1125 936 est
1157 894 1245 938 dies
1261 895 1408 955 judieii
1428 934 1439 953 ,

71 968 203 1013 quem
225 954 358 999 modo
380 954 551 1010 differt,
585 971 674 1000 non
704 957 865 1014 aufert,
890 969 932 1003 et
960 976 1058 1005 eum
1086 964 1249 1008 venerit
1265 999 1276 1019 ‚
1301 966 1443 1010 reddi-

70 1033 195 1068 turus
218 1033 282 1069 est
304 1040 384 1084 pro
405 1025 585 1070 meritis.
618 1029 687 1070 An
708 1027 792 1072 hoe
813 1029 942 1074 vultis
964 1040 1014 1074 ut
1036 1030 1238 1076 reddatur
1261 1037 1412 1081 aversis
1429 1072 1438 1085 ,

68 1096 191 1155 quod
212 1096 421 1141 reddetur
440 1098 691 1142 conversis?
714 1101 883 1145 Fratres
900 1136 910 1156 ,
930 1103 1094 1161 justum
1115 1103 1284 1149 videtur
1305 1108 1439 1161 vobis,

67 1175 118 1211 ut
139 1166 200 1210 ibi
222 1176 411 1226 ponatur
439 1168 598 1223 Judas,
626 1169 703 1212 ubi
725 1170 887 1228 positus
909 1181 971 1216 est
995 1176 1173 1217 Petrus?
1194 1177 1248 1219 Et
1269 1176 1358 1235 ipse
1383 1178 1443 1221 ibi

67 1247 328 1296 poneretur,
354 1239 388 1282 si
410 1254 454 1283 se
476 1240 740 1285 correxisset.
766 1241 848 1286 Sed
878 1241 931 1286 de
953 1244 1074 1288 venia
1097 1244 1344 1304 desperans,
1364 1263 1443 1307 po-

26 1345 29 1348 .
68 1308 153 1353 tius
183 1309 265 1354 sibi
297 1309 462 1355 collum
482 1309 633 1370 ligavit
649 1347 660 1367 ‚
685 1328 817 1373 quam
840 1315 966 1373 Regis
986 1314 1255 1361 elementiam
1276 1318 1439 1378 suppli-

64 1388 192 1425 cavit.

142 1452 218 1495 vl.
251 1453 426 1511 Itaque,
463 1450 638 1508 fratres,
676 1454 789 1498 sicut
820 1455 959 1498 dicere
993 1470 1231 1515 coeperam,
1257 1472 1344 1501 non
1381 1469 1441 1503 est

66 1519 185 1565 unde
206 1520 576 1581 reprehendamus
595 1526 749 1568 Deum.
772 1524 888 1577 Quid
911 1528 1059 1569 contra
1081 1525 1202 1569 illum
1225 1526 1414 1572 dicamus
1428 1564 1438 1582 ‚

64 1607 153 1636 non
176 1592 278 1648 erit,
302 1608 403 1637 cum
424 1595 592 1638 venerit
608 1594 818 1654 judicare.
845 1596 1014 1654 Cogitet
1035 1598 1327 1657 unusquisque
1349 1615 1440 1657 pec-

65 1670 159 1706 cata
174 1677 268 1718 sua,
286 1662 475 1708 etmodo
495 1663 569 1708 illa
592 1665 811 1720 emendet,
834 1681 932 1709 curn
956 1675 1122 1724 tempus
1145 1676 1219 1710 est.
1244 1668 1304 1710 Sit
1324 1668 1439 1712 truc-

63 1741 216 1778 tuosus
248 1732 399 1788 dolor,
433 1749 524 1778 non
561 1735 615 1778 sit
651 1735 803 1780 sterilis
831 1736 1075 1795 poenitudo.
1103 1740 1322 1796 Tanquam
1358 1738 1437 1782 hoe

62 1805 166 1849 dicit
209 1807 323 1850 Deus
359 1824 368 1850 ι
409 1808 521 1850 Ecce
570 1805 754 1851 indicavi
796 1808 1050 1851 sententiam
1075 1842 1086 1861 ‚
1126 1801 1200 1851 sed
1246 1808 1436 1852 nondum

62 1875 225 1935 protuli
251 1895 260 1921 :
295 1875 500 1936 praedixi,
532 1892 628 1939 non·
652 1879 737 1922 fixi.
776 1879 887 1932 Quid
924 1878 1045 1923 times
1059 1914 1070 1933 ,
1112 1880 1209 1938 quia
1246 1880 1330 1923 dixi
1344 1884 1361 1923 ζ’)
1395 1881 1434 1923 Si

61 1947 242 1991 mutaris
260 1982 271 2002 ‚
311 1957 522 1993 mutatur.
558 1951 666 1994 Nam
701 1950 904 2008 scriptum
946 1958 1033 2002 est,
1074 1950 1190 2007 quod
1229 1950 1435 2006 poeniteat

0 2025 2 2029 '
61 2019 243 2063 Deum1.
265 2020 491 2079 Numquid
504 2019 725 2080 quomodo
744 2020 977 2073 hominem,
997 2019 1054 2062 sic
1078 2019 1255 2077 poenitet
1278 2022 1434 2062 Deum?

60 2091 168 2135 Nam
191 2088 358 2134 dictum
384 2099 449 2135 est
470 2110 479 2136 :
504 2110 524 2134 «
549 2092 591 2136 Si
606 2091 859 2151 poenituerit
881 2106 953 2135 vos
976 2090 1029 2133 de
1052 2089 1231 2148 peccatis
1254 2091 1397 2133 vestris
1419 2125 1429 2142 ‚

63 2176 84 2201 ³)
119 2160 352 2218 poenitebit
378 2170 423 2206 et
450 2177 520 2205 me
541 2162 597 2206 de
617 2162 820 2206 omnibus
842 2161 962 2204 malis
991 2176 1087 2219 quae
1108 2160 1296 2203 tacturus
1318 2175 1431 2203 cram

64 2248 84 2271 »
119 2230 241 2275 vobis
257 2233 289 2276 ².
304 2250 324 2274 »
351 2233 572 2293 Numquid
591 2234 714 2293 quasi
731 2242 942 2277 errantem
966 2232 1142 2291 poenitet
1170 2234 1326 2273 neum?
1347 2230 1428 2274 Sed

61 2301 318 2360 poenitentia
340 2302 501 2347 dieitur
522 2305 567 2347 in
590 2307 678 2348 Deo
700 2302 882 2348 mutatio
899 2302 1131 2346 sententiae.
1159 2303 1250 2345 Non
1269 2310 1331 2343 cst
1349 2300 1427 2343 ini-

0 2374 2 2392 ³
59 2386 146 2430 qua
165 2406 176 2426 ‚
199 2371 275 2416 sed
290 2373 422 2432 justa.
459 2377 602 2427 Quare
619 2376 734 2434 justa
752 2376 770 2418 P
791 2377 979 2419 Mutatus
1009 2380 1069 2414 est
1106 2386 1199 2413 reus
1215 2406 1225 2420 ,
1253 2371 1437 2413 mutavit

0 2452 2 2457 ’
55 2440 191 2501 judex
210 2444 486 2488 sententiam.
512 2444 608 2490 Noli
631 2445 793 2489 terreri.
822 2443 1037 2488 Sententia
1061 2451 1221 2486 mutata
1245 2451 1322 2491 est,
1349 2456 1432 2483 non

0 2521 1 2557 ζ
55 2513 239 2572 justitia.
264 2516 437 2560 Justitia
460 2516 626 2575 integra
653 2526 797 2561 manet
819 2536 827 2561 :
853 2516 951 2574 quia
982 2522 1148 2558 mutato
1175 2513 1302 2556 debet
1334 2528 1435 2570 par-

109 2605 117 2622 ¹
138 2600 216 2632 Gen.
236 2610 279 2642 vl,
297 2600 331 2633 6.
352 2618 393 2624 -
415 2609 426 2625 ²
441 2604 560 2635 Jerem.
582 2612 668 2642 xvm,
689 2603 718 2633 8.
