1867 3320
385 267 524 297 senno
555 268 599 296 v.
634 267 688 295 niz
722 263 989 295 mennon-E
1022 265 1159 295 neon.
1379 259 1459 298 201

84 347 166 383 tur.
198 338 230 380 E
256 344 406 381 contra
429 345 551 392 sunt,
577 337 653 396 qui
678 334 959 395 corporaliter
982 335 1188 379 videntur
1221 337 1342 394 quasi
1365 338 1465 382 red-

82 407 209 465 dere3
233 406 308 451 sed
331 407 564 467 corporalis
586 405 659 452 illa
684 406 900 466 correptio
922 405 1045 466 quasi
1075 403 1251 449 dilectio
1279 416 1341 451 est
1367 427 1375 452 :
1409 409 1465 453 ad

82 479 240 523 bonam
272 479 406 522 vitam
428 478 524 523 vult
546 478 672 522 illum
710 478 963 537 pervenire3
988 485 1032 521 et
1063 485 1186 520 tanto
1217 477 1349 534 magis
1372 478 1466 523 vult

81 564 178 594 eum
196 549 548 609 corripi,quanto
569 547 695 593 illum
719 558 848 592 amat.
865 549 931 592 Sic
948 557 991 592 et
1003 550 1117 592 Deus
1137 545 1354 606 numquid
1377 563 1467 592 non

81 635 156 664 nos
178 619 350 678 diligit?
372 635 460 664 non
481 619 535 664 ad
552 620 636 664 hoc
659 635 736 664 nos
757 620 976 672 hortatur,
1004 627 1052 662 ut
1073 616 1306 676 diligamus
1328 617 1468 661 inimi-

81 705 150 736 cos
185 699 380 743 nostros,
411 700 460 736 ut
483 691 707 751 quomodo
734 705 984 750 possumus,
1016 687 1172 733 similes
1205 688 1269 732 illi
1302 689 1468 733 simus?

80 763 185 807 Nam
207 761 265 804 sic
287 760 397 805 dixit
420 781 428 806 :
456 780 476 802 «
501 763 652 805 Estote
675 770 821 805 autem
852 776 927 817 vos
960 758 1170 820 perfecti,
1195 759 1308 804 sicut
1342 762 1469 803 Pater

85 850 103 873 »
138 840 279 876 vester
300 832 377 891 qui
402 831 447 875 in
463 831 583 876 coelis
605 841 669 876 est
685 834 718 887 ¹,
736 832 812 891 qui
833 830 967 875 solem
992 845 1119 875 suum
1143 830 1245 875 o‘riri
1266 828 1370 875 facit
1391 846 1468 874 su-

83 920 102 943 »
138 917 214 960 per
244 902 382 947 bonos
417 911 459 946 et
482 902 640 956 malos,
667 914 706 946 et
727 901 841 961 pluit
862 917 990 961 super
1007 902 1146 961 justos
1163 911 1206 946 et
1228 902 1423 961 injustOS.
1442 919 1462 942 »

78 974 249 1025 Quanta
283 988 386 1032 ergo
413 972 589 1017 dilectio
623 982 686 1017 est
717 973 762 1016 in
795 972 980 1017 Domino
999 1008 1009 1027 ,
1041 972 1219 1033 quando
1257 988 1337 1032 pro
1360 987 1466 1032 pec-

76 1043 294 1087 catoribus
332 1053 375 1087 et
420 1044 561 1103 impiis
595 1043 816 1089 Christum
858 1042 1204 1102 crucifigendum
1242 1042 1385 1098 misit,
1423 1052 1467 1087 et

76 1113 214 1172 pretio
246 1113 467 1173 sanguinis
492 1115 583 1174 ejus
613 1129 691 1159 nos
714 1114 920 1169 redemit,
947 1114 1024 1174 qui
1041 1114 1079 1158 ei
1096 1113 1259 1158 inimici
1274 1128 1462 1169 eramus,

10 1174 12 1218 ῗ
76 1185 260 1229 amando
296 1200 345 1230 ea
373 1202 472 1245 quae
502 1183 607 1230 fecit
640 1202 718 1245 pro
747 1202 798 1231 eo
826 1187 902 1246 qui
937 1185 1068 1231 fecit?
1100 1188 1214 1231 Cum
1248 1201 1353 1244 ergo
1385 1186 1465 1231 ista

76 1254 343 1311 faceremus,
380 1256 494 1301 misit
526 1260 666 1312 Deus,
704 1258 816 1301 sicut
854 1258 1088 1317 Apostolus
1123 1256 1257 1311 dicit,
1302 1256 1465 1300 Filium

10 1320 13 1345 ³
75 1341 201 1369 suum
216 1328 232 1351 ²
251 1347 262 1383 3
286 1336 329 1370 et
351 1341 450 1370 eum
473 1343 552 1387 pro
579 1328 704 1372 nobis
725 1328 887 1387 impiis,
914 1328 968 1371 ab
989 1326 1081 1371 aliis
1099 1327 1242 1386 impiis
1261 1327 1465 1372 occiden-

12 3141 19 3320 ——--.-
14 3036 18 3121 ——2
14 2954 16 2986 -*

74 1397 180 1440 dum
206 1396 396 1441 tradidit.
432 1400 486 1441 Et
505 1398 539 1441 si
569 1397 767 1442 nondum
790 1397 990 1442 fidelibus
1008 1406 1179 1442 tantum
1203 1413 1364 1442 munus
1385 1399 1465 1442 da-

77 1475 166 1509 tum
205 1476 295 1521 est,
336 1466 444 1527 quid
475 1483 578 1526 ergo
615 1478 811 1512 servatur
845 1468 1081 1512 fidelibus?
1101 1471 1215 1512 Ecce
1237 1469 1462 1529 quomodo

74 1538 185 1579 Deus
208 1535 347 1593 diligit
365 1537 575 1581 homines.
603 1537 910 1593 Attendamus,
936 1537 1105 1593 fratres,
1132 1538 1348 1599 numquid
1373 1553 1463 1583 non

74 1605 167 1650 illos
193 1606 416 1665 flagellat?
445 1608 663 1667 numquid
688 1624 778 1653 non
808 1609 904 1653 illos
935 1610 1143 1669 corripit?
1177 1610 1220 1655 Si
1255 1626 1343 1654 non
1367 1609 1462 1655 illos

73 1677 266 1735 corripit,
287 1676 406 1721 unde
425 1675 582 1721 fames?
595 1678 712 1722 unde
729 1680 1008 1737 aegritudines
1021 1682 1039 1723 Ρ
1052 1680 1169 1724 unde
1184 1680 1457 1740 pestilentiae,

73 1757 115 1792 et
137 1748 308 1792 morbi?
335 1749 496 1793 Omnes
520 1750 634 1792 enim
657 1750 749 1794 istae
780 1752 1075 1810 correptiones
1096 1752 1172 1796 Dei
1194 1761 1310 1796 sunt.
1341 1753 1460 1797 Sicut

72 1832 172 1876 ergo
200 1817 274 1862 ille
296 1818 461 1877 diligit,
487 1829 530 1864 et
558 1829 701 1864 tamen
732 1822 939 1880 corripit:
966 1823 1025 1866 sic
1048 1832 1091 1866 et
1123 1832 1169 1866 tu
1188 1858 1198 1877 ,
1225 1823 1359 1867 habes
1377 1823 1458 1867 ali-

71 1905 201 1949 quem
225 1890 267 1932 in
296 1898 507 1948 potestate
523 1925 534 1946 ‚
559 1892 757 1950 quamvis
780 1907 920 1936 serves
943 1893 1148 1937 affectum
1181 1893 1428 1939 dilectionis
1444 1931 1455 1950 ,

72 1959 160 2003 noli
187 1969 329 2004 tamen
354 1975 509 2018 negare
533 1960 752 2019 flagellum
771 1964 1070 2022 correptionis.
1093 1964 1200 2016 Quia
1219 1966 1250 2008 si
1274 1981 1459 2024 negave-

73 2030 147 2084 ris,
179 2045 266 2074 non
291 2030 455 2074 tenebis
477 2030 755 2075 dilectionem
780 2052 788 2077 :
813 2033 914 2092 quia
938 2032 1010 2076 ille
1033 2035 1216 2078 moritur
1239 2036 1281 2078 in
1300 2051 1454 2094 pecca-

73 2100 148 2155 tis,
174 2100 249 2161 qui
268 2100 380 2145 forte
401 2111 625 2161 correptus
647 2118 695 2146 ca
721 2103 981 2164 relinqueret
1002 2126 1010 2154 ;
1037 2114 1078 2148 ct
1102 2106 1234 2164 magis
1260 2106 1338 2150 tibi
1372 2107 1455 2150 ini-

73 2179 249 2230 putatur
270 2187 422 2215 verum
445 2171 610 2216 odium.

139 2244 216 2286 ΙΙΙ,
244 2244 380 2287 Nemo
412 2257 514 2300 ergo
535 2242 649 2286 dicat
669 2279 679 2297 ‚
712 2244 817 2297 Quis
850 2246 964 2289 istud
995 2255 1136 2305 potest
1152 2248 1169 2290 Ρ
1191 2247 1455 2291 Contendite

73 2311 151 2354 hoc
174 2311 352 2371 implere
376 2312 418 2355 in
440 2314 645 2357 cordibus
662 2315 812 2359 vestris
831 2336 841 2372 3
868 2325 1026 2369 teni-te,
1049 2326 1097 2360 ut
1122 2316 1322 2375 diligatis.
1344 2321 1455 2361 Luc-

74 2382 218 2425 tamini
235 2418 246 2436 ,
271 2392 314 2426 ct
336 2383 527 2427 vincetis.
554 2385 749 2429 Christus
778 2387 893 2429 enim
914 2387 971 2429 ibi
996 2388 1144 2431 vincit.
1166 2391 1327 2432 Contra
1347 2389 1453 2449 quid

72 2451 291 2497 luctamini
304 2456 321 2498 P
332 2465 479 2498 contra
501 2465 725 2514 peccatum
743 2457 984 2511 luctamini,
1002 2468 1152 2504 contra
1167 2461 1296 2504 verba
1316 2461 1455 2504 honri-

73 2539 172 2567 num
204 2524 314 2569 male
337 2525 574 2570 dicentium
600 2548 606 2572 2
639 2531 752 2586 Ergo
777 2545 863 2572 non
887 2538 925 2572 te
950 2530 1140 2575 vindicas
1156 2533 1291 2590 ⁴?ergo
1319 2546 1453 2575 renia-

120 2616 126 2630 ¹
148 2609 264 2642 Manli.
291 2621 323 2651 v,
344 2610 398 2652 (08,
425 2616 487 2642 vic.
519 2629 550 2635 —
571 2619 581 2634 ²
601 2612 704 2643 ‹iah-t.
723 2624 766 2653 iv,
788 2612 818 2653 *l-
