1867 3320
514 275 652 305 senno
681 277 778 319 xlx,
812 280 858 308 m
887 278 1046 311 esaum
1080 287 1129 324 1.,
1163 279 1202 315 5.
1376 264 1379 265 ⁷
1447 284 1521 324 331

178 349 283 387 runt
302 349 346 386 et
366 340 431 384 illi
449 342 526 402 qui
542 342 827 402 scripserunt:
864 364 885 388 «
908 346 1101 404 Credidi,
1138 362 1307 411 propter
1325 358 1441 416 quod
1462 360 1527 405 lo·

179 431 202 456 ³)
236 420 363 458 cutus
385 426 497 456 sum.
523 413 736 459 Habentes
760 430 862 475 ergo
883 417 1104 474 eumdem,
1141 421 1276 481 inquit
1294 459 1305 479 ,
1338 428 1526 486 spiritum

180 501 204 526 n
235 481 360 539 fidei,
390 491 568 542 propter
591 484 707 544 quod
730 487 936 546 scriptum
953 497 1015 532 est
1036 488 1089 532 ab
1110 492 1319 552 AntiquiS,
1338 497 1526 554 Credidi,

180 572 203 596 n
235 562 416 614 propter
435 553 556 614 quod
590 553 761 600 locutus
782 572 893 612 sum,
932 567 976 602 et
995 573 1073 603 nos
1093 560 1301 607 credimus
1318 599 1328 618 ,
1363 578 1532 627 propter

179 642 202 667 n
235 624 356 685 quod
378 633 422 668 et
442 623 678 684 loquimur.
707 644 727 667 »
753 627 935 680 Quando
954 643 1055 688 ergo
1080 629 1212 674 David
1225 642 1390 677 sanctus
1403 636 1458 679 ita
1475 637 1533 681 di-

176 695 305 740 cebat
325 715 334 742 :
354 713 375 739 α
409 696 626 749 Quoniam
647 697 680 740 si
700 698 900 743 voluisses
921 700 1188 754 sacrificium,
1224 701 1427 747 dedissem
1450 707 1534 749 uti-

180 783 202 808 »
235 781 338 827 que,
362 765 624 810 holocaustis
646 782 735 811 non
757 767 1045 824 delectaberis,
1075 789 1094 812 »
1130 780 1233 816 tunc
1251 772 1322 817 illa
1338 775 1534 820 sacrificia

177 836 591 892 offerebanturDeo,
612 852 709 897 quae
720 837 849 882 modo
862 854 949 883 non
960 840 1216 885 offeruntur.
1241 844 1353 901 Ergo
1368 845 1536 903 quando

176 906 397 962 cantabat,
422 907 733 967 prophetabat,
758 917 800 952 et
821 910 1042 967 praesentia
1064 912 1307 970 spernebat,
1332 922 1372 956 et
1395 912 1535 958 sutura

176 976 460 1039 praevidebat.
486 997 507 1020 «
527 977 813 1033 Holocaustis,
831 996 850 1019 n
867 979 1030 1038 inquit,
1058 998 1077 1020 «
1103 995 1188 1024 non
1209 981 1536 1027 delectaberis.»

176 1048 364 1103 Quando
385 1064 489 1108 ergo
506 1048 766 1093 holocaustis
788 1064 876 1093 non
901 1047 1196 1104 delectaberis,
1234 1052 1322 1094 sine
1343 1053 1540 1097 sacrificio

175 1120 444 1164 remanebis?
465 1120 606 1165 Absit.
636 1140 656 1162 «
683 1120 945 1165 Sacrificium
975 1123 1062 1164 Deo
1090 1122 1258 1181 spiritus
1288 1123 1542 1167 contribula·

178 1208 201 1232 »
235 1199 306 1235 tus
331 1209 342 1236 z
366 1205 441 1236 cor
460 1191 698 1235 contritum
722 1199 764 1234 et
784 1190 1059 1234 humiliatum
1081 1193 1192 1234 Deus
1213 1206 1299 1234 non
1322 1194 1493 1250 spernis.
1518 1213 1536 1234 n

177 1262 320 1307 Habes
339 1261 467 1323 quod*
477 1263 647 1308 offeras.
669 1265 765 1307 Non
784 1277 953 1321 gregem
968 1262 1291 1322 circumspicias,
1317 1277 1401 1306 non
1421 1265 1540 1307 navi-

176 1333 244 1393 gia
276 1349 493 1394 praepares
508 1369 520 1390 ,
557 1343 600 1378 et
623 1348 813 1394 permees
834 1333 886 1376 ad
908 1341 1112 1376 extremas
1134 1332 1388 1392 provincias,
1427 1334 1541 1377 unde

176 1414 370 1450 aromata
386 1404 554 1450 deferas
576 1424 585 1450 :
606 1419 752 1465 quaere
767 1405 811 1447 in
831 1402 959 1448 corde
975 1412 1051 1447 tuo
1063 1402 1177 1462 quod
1193 1411 1358 1461 gratum
1372 1403 1422 1446 sit
1437 1405 1536 1446 Deo.

175 1477 263 1521 Cor
276 1474 595 1521 conterendum
608 1483 686 1519 est.
708 1473 823 1528 Quid
838 1473 958 1517 times
976 1488 1029 1517 ne
1046 1473 1274 1517 contritum
1294 1474 1458 1531 pereat?
1479 1474 1539 1516 lbi

174 1545 309 1591 habes
334 1566 342 1590 :
373 1566 392 1589 «
418 1547 505 1590 Cor
524 1544 741 1590 mundum
763 1558 857 1588 crea
873 1543 916 1586 in
938 1558 1021 1597 me,
1047 1545 1170 1587 Deus.
1195 1561 1214 1583 »
1236 1545 1291 1586 Ut
1311 1557 1410 1601 ergo
1426 1556 1541 1586 cree-

175 1626 248 1662 tur
266 1615 484 1661 mundum
503 1632 594 1671 cor,
611 1623 862 1660 conteratur
874 1614 1160 1658 immundum.

234 1689 311 1731 IV.
332 1684 682 1745 Discipliceamus
705 1685 830 1730 nobis
853 1684 1026 1744 quando
1045 1696 1268 1742 peccamus
1282 1716 1292 1735 ‚
1316 1682 1415 1741 quia
1445 1697 1542 1741 pec-

173 1765 268 1802 cata
297 1755 528 1816 displicent
552 1758 656 1800 Deo.
689 1757 745 1799 Et
766 1755 868 1815 quia
890 1754 980 1797 sine
1000 1761 1172 1812 peccato
1191 1767 1277 1795 non
1294 1766 1453 1804 sumus,
1478 1753 1541 1795 vei

174 1828 219 1873 in
239 1828 324 1872 hoc
345 1829 437 1872 Deo
454 1825 613 1871 similes
634 1841 798 1880 sumus,
823 1825 923 1885 quia
941 1824 1024 1868 hoc
1047 1823 1169 1867 nobis
1191 1821 1404 1881 displicet,
1428 1822 1541 1882 quod

174 1897 252 1942 illi.
276 1900 342 1942 Ex
363 1897 509 1959 aliqua
532 1905 652 1957 parte
673 1894 945 1954 conjungeris
977 1892 1186 1936 voluntati
1218 1893 1316 1945 Dei,
1343 1893 1441 1952 quia
1466 1893 1543 1936 hoc

174 1969 255 2014 tibi
277 1968 475 2029 displicet
492 1969 537 2012 in
564 1977 626 2022 te,
667 1964 787 2027 quod
807 1960 898 2009 odit
921 1972 962 2007 et
985 1962 1055 2006 ille
1081 1963 1155 2023 qui
1179 1961 1278 2006 lecit
1301 1971 1355 2006 te.
1383 1964 1539 2006 Artifex

176 2049 276 2086 tuus
297 2041 389 2101 ipse
410 2049 474 2085 est
499 2059 508 2084 :
534 2037 610 2084 sed
635 2038 732 2082 vide
755 2046 796 2080 te
818 2036 980 2096 ipsum,
1003 2043 1044 2077 et
1059 2032 1154 2077 dele
1173 2033 1214 2076 in
1244 2041 1284 2076 te
1315 2033 1404 2091 ipso
1425 2033 1540 2092 quod

175 2125 267 2156 non
288 2119 421 2155 estex
442 2110 574 2171 ipsius
592 2108 779 2153 officina.
805 2108 917 2150 Deus
931 2104 1042 2148 enim
1058 2139 1069 2157 ,
1090 2103 1195 2147 sicut
1217 2102 1420 2161 scriptum
1442 2111 1503 2145 est
1528 2138 1538 2154 ‚

173 2182 335 2227 creavit
347 2182 570 2226 hominem
588 2180 795 2224 rectum¹.
820 2197 838 2219 «
860 2179 996 2230 Quam
1017 2176 1153 2219 bonus
1163 2172 1406 2218 Deuslsran'e'l
1421 2174 1541 2216 rectis

178 2272 198 2295 »
233 2252 412 2298 corde²l
443 2270 464 2293 n
502 2252 545 2297 Si
567 2266 669 2310 ergo
692 2250 745 2295 sis
763 2257 902 2293 rectus
924 2246 1050 2291 cordc
1065 2281 1075 2299 ‚
1098 2261 1183 2289 non
1208 2244 1283 2288 tibi
1306 2242 1539 2302 displicebit

174 2326 304 2379 Deus,
330 2324 471 2368 bonus
485 2322 562 2367 tibi
586 2322 666 2366 crit
681 2323 810 2375 Deus,
831 2316 1022 2362 laudabis
1042 2319 1190 2359 Deum.
1215 2314 1416 2362 Omnino,
1441 2323 1481 2356 et
1500 2315 1539 2355 in

173 2409 226 2439 eo
240 2392 359 2456 quod
378 2402 575 2455 praestat,
606 2401 648 2437 et
672 2392 716 2436 in
738 2405 789 2435 eo
806 2387 921 2450 quod
943 2387 1138 2445 castigat,
1178 2383 1369 2429 laudabis
1389 2386 1534 2426 Deum

174 2463 254 2509 lue
288 2465 404 2510 enim
441 2464 518 2526 qui
544 2463 651 2507 dixit
676 2481 685 2507 :
720 2480 738 2502 «
764 2463 900 2514 Quam
937 2459 1072 2502 bonus
1108 2459 1217 2500 Deus
1255 2453 1376 2498 lsi-³4²!
1417 2454 1539 2496 rectis

175 2553 197 2576 »
229 2533 382 2591 corde,
411 2556 431 2576 »
454 2549 500 2579 se
515 2535 655 2594 ipsum
680 2533 937 2590 inspexerat,
981 2528 1054 2587 qui
1076 2525 1307 2586 aliquando
1336 2538 1421 2568 non
1445 2533 1533 2565 «ϊειι

221 2627 231 2645 ¹
248 2620 414 2664 Eccli-vu,
434 2620 487 2655 30.
507 2636 548 2644 —
569 2617 676 2653 ²Psai.
698 2627 795 2656 um,
820 2627 852 2648 1.
