1867 3320
350 279 488 306 senno
522 280 568 306 11.
605 280 659 306 nr,
683 278 960 307 -TENTATIORE
994 278 1182 306 Animum..
1375 269 1456 307 165

84 354 208 389 natus
231 353 295 388 est
316 345 525 399 Abrahae,
551 352 593 388 et
610 343 775 403 aliquid
806 344 1077 402 significavit.
1105 345 1224 387 Sicut
1242 353 1284 387 et
1307 346 1463 389 immo-

82 416 172 459 lare
185 414 323 458 filium
339 416 484 474 jussus
498 414 768 473 obtemperat
786 416 890 469 Deo,
903 412 1102 473 perducit
1121 412 1176 456 ad
1194 412 1356 468 locum,
1368 430 1462 474 per·

82 485 201 530 venit
221 484 382 540 triduo,
401 484 583 529 dimittit
601 484 711 528 duos
732 499 876 528 servos
893 499 992 528 suos
1014 498 1113 527 cum
1130 484 1347 543 jumento,
1367 499 1464 543 per-

83 556 143 614 git
158 556 247 615 ipse
264 571 352 616 quo
367 559 480 600 Deus
495 565 783 615 praeceperat3
806 554 921 599 levat
934 555 1104 614 lignum
1119 555 1164 598 in
1187 553 1335 608 altare,
1352 553 1466 598 levat

83 624 220 669 filium
239 641 368 685 super
390 625 575 685 lignum.
596 629 842 686 Antequam
865 625 1011 670 veniat
1031 625 1146 669 filius
1163 623 1218 667 ad
1234 623 1381 668 locum
1403 639 1463 668 sa-

82 696 252 751 crificii,
275 705 419 755 portat
439 695 609 754 lignum
632 711 720 756 quo
741 695 952 741 levandus
969 704 1047 740 est.
1073 693 1242 740 Deinde
1256 709 1358 738 cum
1375 695 1463 754 jam

82 780 193 825 pene
215 765 430 821 feriretur,
453 775 577 811 sonat
596 782 690 821 vox,
713 776 761 810 ut
778 775 980 825 parcatur
1006 786 1014 810 :
1040 775 1083 810 et
1105 781 1194 810 non
1212 774 1359 809 tamen
1376 765 1466 808 sine

81 836 288 881 sacrificio
311 846 354 880 et
374 838 464 880 sine
481 838 690 896 sanguine
713 837 810 882 fuso
827 836 1058 882 receditur.
1085 840 1279 896 Apparet
1295 836 1402 880 aries
1420 836 1465 879 in

81 923 211 966 vepre
233 909 447 952 inhaerens
470 908 675 952 cornibus
695 943 706 962 ‚
746 908 1021 963 immolatur,
1058 908 1278 967 peragitur
1300 907 1463 951 sacrifi-

83 979 215 1022 cium.
242 982 422 1023 Peracto
442 979 648 1023 sacrificio
671 978 830 1023 dicitur
849 980 904 1023 ad
926 980 1146 1024 Abraham
1171 999 1179 1024 :
1205 999 1224 1021 «
1248 979 1376 1023 Facio
1399 993 1467 1022 se-

84 1069 104 1092 »
141 1066 240 1094 men
264 1059 387 1093 tuum
409 1085 418 1103 ‚
446 1050 558 1094 sicut
576 1049 718 1094 stellas
737 1049 864 1104 coeli,
886 1060 928 1094 et
950 1065 1123 1094 arenam
1144 1050 1299 1108 maris;
1324 1059 1366 1093 et
1384 1049 1467 1093 ob-

84 1140 104 1163 »
140 1120 296 1165 tinebit
318 1135 464 1164 semen
486 1129 612 1163 tuum
635 1120 828 1165 civitates
861 1120 1202 1165 adversariorum
1222 1142 1232 1177 3
1265 1129 1307 1164 et
1329 1120 1468 1164 hene-

84 1209 105 1232 »
140 1190 340 1234 dicentur
372 1191 418 1233 in
457 1191 619 1234 semine
655 1200 732 1234 tuo
754 1205 903 1234 omnes
927 1200 1075 1249 gentes
1101 1200 1245 1245 terrae,
1273 1205 1324 1234 eo
1346 1189 1467 1250 quod

84 1280 104 1302 »
139 1260 346 1304 exaudisti
388 1275 537 1304 vocem
561 1275 702 1303 meam
722 1263 750 1304 ¹.
780 1279 798 1301 »
827 1260 938 1304 Vide
966 1276 1068 1319 ergo
1096 1260 1274 1320 quando
1303 1259 1466 1304 factum

80 1339 144 1374 est
159 1365 170 1385 ,
197 1339 240 1373 et
261 1329 438 1388 quando
459 1330 508 1373 fit
525 1332 880 1374 commemoratio
903 1329 1004 1374 facti
1022 1331 1168 1389 ipsius.
1196 1329 1379 1382 Quando
1399 1328 1468 1372 di-

80 1401 139 1444 cit
159 1400 232 1443 ille
254 1400 372 1443 Aries
400 1419 408 1443 2
437 1418 455 1441 «
480 1400 705 1443 Foderunt
726 1415 878 1444 manus
901 1415 1017 1444 meas
1040 1410 1083 1444 et
1105 1400 1234 1459 pedes
1260 1414 1375 1444 meos
1392 1435 1401 1451 ,
1423 1409 1466 1443 et

83 1489 104 1512 »
139 1480 291 1515 caetera
306 1474 337 1513 ².
363 1489 382 1511 »
404 1469 590 1523 Quando
607 1479 831 1529 peractum
850 1480 913 1514 est
930 1469 1040 1514 illud
1058 1470 1102 1513 in
1122 1469 1292 1513 Psalmo
1310 1469 1466 1513 sacrifi-

81 1542 220 1596 cium,
247 1550 351 1584 tunc
380 1540 424 1583 in
458 1540 550 1598 ipso
583 1540 753 1584 Psalmo
779 1540 946 1585 dictum
970 1549 1033 1584 est
1057 1560 1064 1584 :
1096 1559 1115 1581 «
1142 1542 1467 1585 Commemora-

84 1630 104 1653 »
140 1612 306 1655 buntur
339 1620 380 1654 et
417 1620 726 1655 convertentur
763 1611 817 1654 ad
856 1611 1090 1654 Dominum
1133 1610 1321 1653 universi
1361 1610 1467 1652 fines

83 1699 104 1723 »
140 1691 293 1739 terrae3
319 1691 362 1726 ct
379 1681 624 1725 adorabunt
646 1682 688 1725 in
711 1690 946 1740 conspeetu
971 1682 1060 1739 ejus
1083 1680 1294 1724 universa}
1317 1680 1467 1738 patriae

84 1770 104 1793 »
141 1753 332 1809 gentium
360 1771 368 1795 :
394 1752 601 1808 quoniam
622 1751 753 1810 ipsius
770 1760 834 1795 est
852 1766 1032 1808 regnum
1051 1786 1062 1805 ‚
1088 1760 1131 1794 et
1153 1751 1242 1809 ipse
1265 1750 1465 1794 domina-

86 1840 105 1861 »
140 1820 259 1864 bitur
282 1820 521 1877 gentium³.
550 1838 568 1859 »
607 1822 649 1862 Si
672 1822 1156 1875 commemorabuntur,
1182 1821 1349 1865 dictum
1375 1830 1435 1864 est
1454 1855 1464 1874 ‚

83 1891 392 1950 praesignatum
415 1898 478 1932 est
496 1888 731 1947 aliquando
749 1923 759 1941 ‚
784 1888 905 1947 quod
928 1889 1019 1931 fieri
1036 1893 1125 1947 jam
1150 1893 1360 1934 videmus.

143 1962 221 2003 lx.
254 1959 485 2002 Videamus
519 1973 622 2015 crgo
660 1956 882 2015 quomodo
912 1956 1138 2016 impletum
1176 1960 1256 2011 sit,
1284 1968 1326 2002 ct
1350 1960 1467 2003 unde

84 2030 338 2088 impletum,
376 2044 465 2088 quo
501 2027 772 2086 praecedente
806 2027 1014 2071 sacrificio
1053 2028 1280 2086 impletum
1299 2066 1309 2084 ‚
1345 2032 1465 2089 quod

85 2100 248 2144 dictum
272 2109 335 2143 est
358 2100 565 2143 Abrahae:
584 2117 603 2138 «
629 2102 677 2141 ln
700 2099 861 2141 semine
887 2107 960 2141 tuo
983 2097 1297 2144 benedicentur
1319 2117 1468 2147 omues

91 2190 109 2212 »
147 2172 341 2229 gentes⁴.
374 2189 393 2210 »
423 2170 583 2214 Felices
611 2178 787 2227 gentes,
820 2185 918 2229 quae
949 2169 1054 2212 illud
1080 2186 1166 2213 non
1204 2171 1436 2218 audierunt
1455 2211 1465 2230 ‚

88 2250 130 2285 et
154 2257 270 2284 nunc
300 2240 489 2298 legentes
508 2239 813 2292 crediderunt,
839 2240 956 2298 quod
984 2239 1167 2283 credidit
1190 2241 1261 2284 ille
1283 2244 1357 2301 qui
1388 2261 1468 2288 :iu-

89 2311 210 2356 divit.
236 2311 429 2355 Credidit
458 2311 572 2354 enim
603 2310 819 2354 Abraham
847 2314 954 2362 Deo,
989 2319 1030 2352 ‹·t
1055 2320 1301 2369 reputatum
1321 2325 1382 2358 est
1409 2317 1465 2359 illi

90 2383 142 2426 ad
158 2382 384 2442 justitiam,
406 2391 448 2425 et
465 2382 626 2424 amicus
651 2382 722 2424 Dei
746 2380 986 2439 appellatus
1009 2390 1070 2424 est
1086 2384 1116 2425 ¹⁰.
1134 2383 1262 2434 Quod
1286 2386 1464 2430 credidit

95 2457 195 2507 nno,
217 2455 331 2496 intus
350 2453 392 2495 in
410 2452 562 2506 eorde,
585 2453 627 2496 in
649 2452 735 2496 sota
760 2452 844 2494 lide
867 2454 957 2494 est¹⁵
981 2471 988 2494 :
1015 2452 1133 2511 quod
1157 2464 1299 2498 autom
1320 2457 1467 2502 immo-

141 2557 147 2572 ¹
166 2554 243 2582 Gan.
268 2562 344 2589 xxn,
366 2561 415 2591 17,
441 2552 533 2581 18.--
549 2557 560 2572 ²
582 2550 657 2581 l'sal.
682 2561 744 2589 ni,
771 2561 845 2590 ι’).Η
880 2548 985 2580 1ΙΙιῐιΙ.
1008 2552 1062 2587 128,
1078 2560 1121 2593 “9
1164 2570 1173 2571 η
1194 2553 1206 2576 ιί
1225 2556 1302 2583 nvn,
1322 2566 1397 2589 un·
1418 2562 1465 2587 ¹3·

102 2621 140 2628 —-
162 2605 174 2627 ·'¹
192 2606 303 2638 Jacob.
328 2619 360 2646 n,
381 2607 433 2636 ·›.'3.
485 2624 494 2627 -
514 2608 528 2625 ⁴¹
552 2606 630 2637 naula
647 2610 674 2637 vl
692 2605 795 2636 rhu-u>
813 2606 850 2635 :ul
873 2608 958 2635 Hom.
981 2616 1010 2636 Ιιι
