1867 3320
289 294 429 323 senmo
463 297 564 334 xm,
601 298 654 324 niz
690 298 832 325 vannis
863 301 1166 331 ECCLESIASTrcr.
1326 299 1403 334 51⁹

39 370 139 404 ante
154 361 335 419 januam
365 360 523 405 divitis.
564 365 732 421 Pauper
761 364 840 407 iste
871 365 1165 412 miserabiliter
1187 368 1268 414 fuit
1289 372 1406 415 infir-

35 445 133 475 mus
155 448 164 474 :
188 444 269 473 nec
298 428 448 473 saltem
469 430 601 489 ipsius
623 431 800 475 tenebat
819 433 1042 478 sanitatem
1064 440 1264 496 corporis,
1290 443 1406 500 quod

36 509 101 544 est
122 499 435 559 patrimonium
458 501 652 559 pauperi.
681 499 906 547 Ulcerosus
923 504 1048 548 etiam
1068 504 1169 561 fuit,
1190 524 1313 553 canes
1330 510 1408 554 lin-

37 570 197 628 gebant
218 568 365 613 ulcera
395 570 499 629 ejus.
540 573 645 614 Erat
678 580 821 615 autem
852 573 895 616 in
914 573 986 617 illa
1007 574 1136 619 domo
1153 576 1294 632 dives,
1334 581 1408 639 qui

35 639 301 683 induebatur
342 655 535 699 purpura
577 649 619 684 et
657 641 800 698 bysso,
848 651 891 686 et
932 643 1189 702 epulabatur
1217 649 1408 705 quotidie

35 708 262 769 splendide
277 745 287 764 ,
313 719 357 753 et
377 709 554 753 nolebat
584 709 714 754 fidem
734 711 950 770 possidere
966 728 1065 756 cum
1089 729 1290 774 paupere.
1315 720 1408 760 Me-

34 780 118 824 rito
141 780 351 823 Dominus
385 782 524 835 Jesus,
559 779 660 824 fidei
689 790 854 825 amator
875 792 915 826 et
939 782 1078 838 dator,
1109 784 1205 843 plus
1228 787 1409 831 attendit

34 850 167 909 ipsam
190 849 322 893 fidem
339 850 384 892 in
397 865 601 909 paupere,
623 866 753 910 quam
770 867 925 894 aurum
940 862 982 896 et
997 852 1168 898 delicias
1182 856 1224 898 in
1239 855 1369 900 divite
1394 876 1403 900 ε

33 919 131 979 plus
165 919 349 964 attendit
368 921 567 980 pauperis
590 921 918 980 possessionem,
939 938 1069 981 quam
1091 923 1234 968 divitis
1256 925 1408 970 elatio-

33 1005 149 1033 nem.
184 992 291 1034 Nam
316 989 415 1034 ideo
439 1006 675 1049 pauperem
697 991 826 1046 illum„
838 993 1074 1037 nominavit
1099 1015 1110 1048 3
1133 994 1246 1038 illius
1268 1006 1408 1039 autem

34 1073 196 1103 nomen
228 1072 318 1102 esse
357 1060 592 1102 tacendum
619 1059 844 1118 judicavit.
891 1064 1060 1116 «Erat,
1095 1063 1258 1121 inquit,
1297 1063 1412 1108 (lives

36 1146 57 1169 »
80 1127 256 1187 quidam
270 1162 280 1180 ,
322 1127 399 1186 qui
419 1127 686 1172 induebatur
707 1143 898 1187 purpura
912 1139 955 1173 et
976 1130 1118 1187 bysso,
1139 1140 1182 1174 et
1203 1133 1413 1190 epulaba-

36 1215 56 1238 »
82 1207 155 1242 tur
171 1196 366 1257 quotidie
377 1197 618 1256 splendide:
632 1213 794 1256 pauper
803 1208 946 1242 autem
960 1199 1136 1258 quidam
1150 1203 1321 1244 nominc
1336 1205 1411 1245 La-

37 1285 56 1308 »
75 1269 267 1311 zarus¹.»
282 1269 437 1310 Nonne
453 1266 627 1310 videtur
647 1267 768 1310 vobis
789 1266 842 1310 de
864 1267 976 1311 libro
995 1268 1204 1322 recitasse,
1231 1270 1304 1312 ubi
1328 1286 1409 1314 no-

33 1352 132 1381 men
156 1337 356 1396 pauperis
392 1337 600 1395 scriptum
631 1336 810 1390 invenit,
837 1335 1270 1382 divitisnoninvcnit?
1285 1341 1411 1384 Liber

34 1408 148 1451 euim
164 1406 237 1450 ille
258 1408 456 1450 vivorum
470 1416 561 1450 erat
576 1416 706 1466 atque
722 1408 954 1465 justorum,
971 1410 1349 1467 nonsuperborum
1369 1422 1409 1454 et

34 1478 300 1537 iniquorum.
329 1476 646 1521 Nominabatur
664 1475 781 1519 dives
797 1476 867 1520 ille
881 1477 934 1520 ab
956 1478 1223 1530 hominibus,
1249 1495 1412 1538 pauper

35 1548 262 1592 tacebatur
281 1567 289 1592 :
309 1556 459 1591 contra
480 1547 690 1591 Dominus
707 1562 940 1606 pauperem
966 1548 1217 1601 nominavit,
1234 1550 1410 1593 divitem

35 1619 182 1663 tacuit.
198 1618 471 1676 Noluitergo
484 1617 611 1660 fidem
632 1616 847 1676 possidere
862 1632 959 1660 cum
978 1633 1166 1676 paupere
1186 1617 1301 1661 dives
1323 1619 1408 1662 ille.

33 1689 196 1733 Mortui
213 1696 315 1731 sunt
337 1687 484 1730 ambo.
515 1707 535 1729 «
565 1688 756 1745 Contigit
781 1688 887 1729 mori
910 1688 1081 1743 inopem
1104 1688 1247 1739 illum,
1273 1698 1312 1729 et
1337 1704 1412 1730 au-

37 1775 57 1799 »
92 1756 193 1801 ferri
225 1757 280 1800 ab
302 1755 482 1814 Angelis
504 1756 547 1798 in
576 1757 718 1798 sinum
742 1755 942 1798 Abrahae.
967 1757 1163 1798 Mortuus
1186 1766 1246 1799 est
1266 1756 1382 1799 dives
1399 1793 1409 1810 ‚

36 1846 56 1869 »
92 1837 135 1872 et
170 1825 395 1886 sepultus,
425 1827 442 1883 (
464 1840 564 1868 nam
590 1824 769 1869 fortasse
794 1824 866 1867 ille
895 1839 973 1868 nec
1000 1824 1191 1883 sepultus
1218 1829 1312 1882 cst)
1339 1846 1345 1869 :
1372 1837 1411 1870 vt

37 1914 58 1939 »
91 1911 192 1940 cum
234 1894 350 1954 apud
392 1893 575 1947 inferos,
616 1903 667 1937 ut
702 1893 900 1950 legimus,
939 1894 981 1936 in
1021 1895 1242 1937 tormentis
1285 1905 1406 1947 esset,

37 1985 57 2007 »
91 1965 251 2010 levavit
272 1964 421 2009 oculos
443 1978 543 2007 suos
566 1979 589 2007 a
611 1962 762 2021 longe,
798 1972 840 2006 et
866 1963 970 2005 vidit
990 1978 1218 2021 pauperem
1246 1964 1288 2006 in
1316 1966 1409 2006 sinu

0 2053 1 2061 ¹
37 2054 56 2077 »
93 2036 303 2088 Abrahae,
334 2048 464 2093 quem
496 2034 758 2092 contempsit
781 2041 879 2076 ante
896 2034 1071 2091 januam
1105 2048 1239 2075 suam.
1270 2051 1288 2071 »
1316 2035 1406 2076 Nou

34 2119 129 2148 cum
145 2102 218 2147 illo
229 2104 370 2162 potuit
386 2103 546 2145 habere
563 2117 839 2146 communem
860 2102 1065 2160 requiem,
1077 2117 1173 2144 cum
1185 2117 1271 2159 quo
1283 2101 1406 2144 fldem

35 2173 349 2218 noluitliabere
370 2186 662 2216 communem.
685 2172 1017 2230 «Pater,inquit,
1033 2171 1261 2223 Abraham,
1290 2173 1408 2213 unitu-

40 2264 55 2286 »
73 2247 304 2297 Lazarum,
332 2251 380 2286 ut
402 2242 587 2300 intingat
606 2241 788 2298 digitum
813 2242 991 2284 suumin
1015 2255 1190 2301 aquam,
1217 2249 1256 2282 vt
1280 2241 1407 2284 mlh-1

41 2334 57 2355 »
77 2313 327 2372 inlinguam
348 2313 619 2372 meam3quia
643 2312 811 2355 crucior
829 2312 869 2354 iu
887 2311 965 2353 liae
983 2311 1168 2353 llamma.
1188 2332 1203 2349 »
1219 2314 1409 2368 Respon-

35 2399 129 2427 sum
154 2394 238 2436 est,
262 2402 277 2422 α
307 2386 543 2436 Memento,
567 2381 647 2435 fili,
667 2382 766 2441 quia
793 2379 1013 2439 percepisti
1041 2379 1149 2421 bona
1177 2389 1243 2422 tua
1266 2381 1304 2422 iu
1323 2397 1337 2421 x
1353 2382 1402 2422 ita

40 2473 57 2495 »
79 2463 175 2507 tua,
205 2456 385 2497 Lazarus
408 2462 550 2496 autem
573 2451 711 2495 mala:
739 2466 851 2493 nunc·
881 2464 979 2505 crgo
1000 2450 1065 2490 tm·
1085 2450 1328 2506 requiescit.
1359 2462 1400 2491 tu

38 2540 59 2564 »
84 2538 186 2567 vero
207 2523 433 2582 torqueris.
462 2525 514 2564 Et
538 2537 666 2579 super
685 2522 774 2564 lism-
792 2519 954 2563 omnia.
981 2520 1363 2572 ‹·11ao<m.·1;z·mm.-
1391 2531 1397 2558 t

84 2615 90 2628 ¹
116 2610 190 2639 Luc.
210 2618 275 2644 ινι,
304 2619 352 2645 ιι),
374 2611 435 2635 μίν.
