1924 3309
442 243 523 279 360
887 253 917 280 s.
958 252 1180 279 Aucus‘rmi
1218 250 1394 278 iwtscow

440 334 534 362 cere
570 319 645 378 qui
673 319 815 378 justus
851 330 928 364 cst.
955 319 1185 373 Quomodo
1218 316 1427 375 pertinaci
1456 331 1545 360 non
1574 317 1732 375 parcit,
1764 317 1820 360 sic

442 397 609 433 mutato
626 390 778 448 parcit.
816 393 912 449 Ipse
945 404 1016 432 rex
1052 396 1115 431 est
1137 384 1423 444 indulgentiae
1441 421 1452 441 ,
1488 386 1564 445 qui
1599 385 1724 431 dator
1759 395 1823 431 est

438 459 559 518 legis.
586 460 701 505 Misit
722 460 860 519 legem
874 496 885 516 ,
905 460 1024 505 venit
1040 473 1140 502 cum
1162 457 1449 516 indulgentia.
1476 460 1617 502 Reum
1638 468 1682 502 te
1702 458 1823 502 fece-

439 538 504 573 rat
528 529 619 584 lex,
651 530 836 575 absolvit
859 539 900 574 te
924 529 1000 589 qui
1022 527 1144 571 dedit
1164 527 1322 586 legem.
1360 530 1453 571 Imo
1485 543 1575 572 non
1597 528 1783 573 absolvit
1810 547 1819 572 ;

439 615 540 644 nam
563 600 786 645 absolvere
803 609 865 644 est
882 601 1157 643 innocentem
1172 597 1388 657 judicare:
1404 598 1539 642 donat
1561 600 1704 657 potius
1726 615 1824 659 pec-

438 680 533 715 cata
570 686 792 715 converso.
831 672 991 714 Omnes
1018 669 1136 713 enim
1170 677 1272 712 sunt
1305 670 1393 724 rei,
1426 669 1502 728 qui
1531 670 1716 728 peccatis
1737 671 1824 714 suis

438 741 622 785 involuti
641 750 755 784 sunt.
780 743 914 785 Nemo
939 756 983 783 se
1001 749 1123 799 optet
1148 738 1313 783 absolvi
1335 758 1344 784 ;
1374 755 1522 783 omnes
1553 741 1724 783 veniam
1747 742 1825 784 de-

436 826 679 870 precemur.
709 812 844 855 Venia
877 826 979 855 vero
1005 810 1134 854 datur
1162 819 1332 854 mutato
1363 829 1372 855 :
1403 820 1447 854 et
1474 810 1632 854 erimus
1667 812 1821 866 securi,

436 897 538 925 cum
553 882 816 926 audierimus
833 902 841 927 :
861 902 880 924 «
900 883 1020 927 Sicut
1033 882 1131 927 fluit
1145 897 1241 926 cera
1257 897 1279 925 a
1298 880 1407 926 facie
1424 882 1551 940 ignis,
1573 882 1630 926 sic
1646 891 1825 940 pereant

440 970 460 993 n
497 961 743 1011 peccatores
761 968 784 995 a
806 952 914 996 facie
937 952 1053 996 Deil.
1077 971 1094 993 »

497 1024 595 1066 VII.
613 1024 756 1076 Certe,
774 1021 942 1077 fratres,
958 1022 1090 1067 modo
1104 1031 1284 1081 pereant
1301 1031 1565 1080 peccatores,
1582 1031 1626 1065 et
1641 1037 1730 1065 non
1750 1036 1826 1080 pe-

439 1101 566 1135 reunt
580 1103 840 1150 peccatores.
858 1093 898 1137 Si
912 1092 1122 1151 incipiant
1137 1094 1252 1151 juste
1266 1091 1426 1147 vivere,
1445 1092 1652 1151 peribunt
1675 1092 1827 1150 utique

438 1171 701 1220 peccatores,
714 1161 788 1205 sed
803 1178 890 1205 non
906 1163 1112 1220 peribunt
1127 1163 1339 1215 homines.
1352 1165 1495 1206 Homo
1508 1171 1726 1222 peccator,
1738 1162 1827 1207 duo

439 1231 615 1274 nomina
638 1240 740 1275 sunt
760 1251 768 1275 :
788 1232 920 1275 homo
941 1247 1081 1276 unum
1107 1247 1269 1275 nomen
1290 1240 1376 1286 est,
1400 1241 1443 1276 et
1465 1240 1668 1290 peccator
1689 1247 1827 1275 unum

438 1316 599 1345 nomen
623 1311 701 1346 est.
729 1305 780 1345 In
805 1303 871 1346 his
899 1302 1072 1347 duobus
1104 1302 1356 1347 nominibus
1379 1302 1687 1360 intelligimus,
1725 1303 1826 1362 quia

439 1387 577 1416 unum
589 1373 746 1417 horum
764 1375 877 1417 Deus
894 1373 1012 1428 fecit,
1030 1373 1216 1418 alterum
1229 1374 1388 1418 horum
1404 1377 1534 1418 homo
1549 1373 1666 1418 fecit.
1680 1374 1829 1418 Homi-

439 1457 540 1485 nem
562 1442 676 1486 enim
691 1445 804 1486 Deus
822 1442 941 1497 fecit,
959 1452 1232 1502 peccatorem
1250 1458 1294 1487 se
1313 1444 1404 1502 ipse
1420 1444 1553 1488 homo
1574 1441 1692 1487 fecit.
1714 1444 1829 1496 Quid

440 1527 541 1570 ergo
555 1514 866 1568 contremiscis,
892 1514 1070 1574 quando
1092 1514 1173 1559 tibi
1195 1514 1300 1558 dicit
1318 1518 1430 1558 Deus
1449 1534 1457 1559 :
1475 1518 1659 1558 Pereant
1678 1530 1829 1574 pecca-

444 1593 554 1627 tores
572 1599 596 1626 a
629 1582 739 1628 facie
773 1586 899 1627 mea?
917 1587 1010 1628 Hoc
1027 1585 1108 1628 tibi
1131 1584 1236 1629 dicit
1254 1587 1365 1628 Deus
1383 1604 1391 1629 :
1411 1588 1562 1629 Pereat
1581 1586 1626 1628 in
1643 1593 1686 1628 te
1709 1585 1830 1645 quod

443 1663 489 1697 tu
514 1651 679 1707 fecisti,
699 1663 742 1697 ct
775 1669 898 1697 servo
924 1654 1044 1713 quod
1069 1669 1149 1712 ego
1170 1653 1266 1697 feci.
1284 1657 1342 1698 Et
1362 1654 1495 1699 modo
1521 1654 1767 1713 ardetignis
1784 1655 1830 1698 in

440 1722 583 1767 calore
602 1722 725 1767 verbi
743 1744 754 1779 3
773 1738 838 1766 res
854 1732 917 1766 est
948 1725 993 1767 in
1013 1723 1180 1767 fervore
1206 1724 1388 1782 Spiritus
1410 1725 1567 1778 sancti,
1585 1725 1697 1769 sicut
1717 1724 1829 1768 dixi-

442 1808 537 1836 mus
552 1791 814 1851 jamdudum
833 1827 843 1846 ,
870 1793 971 1850 quia
998 1793 1207 1851 scriptum
1225 1801 1288 1836 est
1307 1793 1351 1836 in
1367 1793 1451 1838 alio
1472 1793 1642 1838 Psalmo
1661 1813 1671 1839 ς
1702 1814 1721 1835 «
1741 1797 1829 1839 Nec

446 1882 466 1905 »
501 1873 564 1907 est
585 1863 660 1922 qui
682 1878 726 1906 se
751 1862 990 1906 abscondat
1019 1880 1042 1906 a
1069 1862 1212 1907 calore
1238 1864 1372 1922 ejus2.
1398 1882 1416 1904 »
1446 1865 1655 1922 Spiritum
1684 1874 1828 1909 autem

443 1943 641 1977 sanctum
665 1947 753 1975 esse
772 1932 972 1987 calorem,
988 1931 1094 1976 dicit
1116 1932 1365 1991 Apostolus,
1384 1934 1548 1992 Spiritu
1570 1933 1824 1979 ferventesss.

443 2006 556 2061 Ergo
580 2017 659 2061 pro
693 2001 803 2045 facie
836 2002 936 2055 Dei,
971 2001 1051 2044 tibi
1075 2017 1188 2060 pone
1218 2002 1389 2046 interim
1425 2005 1690 2062 Scripturam
1715 2005 1791 2048 Dei
1815 2025 1823 2049 :

440 2073 626 2133 liquesce
649 2072 704 2116 ab
738 2071 838 2129 illa,
864 2072 1075 2131 poeniteat
1101 2081 1158 2127 te,
1183 2087 1283 2116 cum
1305 2071 1428 2116 audis
1450 2073 1542 2117 haec
1563 2073 1617 2117 de
1641 2075 1827 2133 peccatis

443 2145 538 2188 tuis.
579 2145 691 2189 Cum
714 2152 860 2187 autem
889 2152 932 2187 te
963 2143 1176 2202 poenitet,
1199 2152 1243 2187 et
1266 2158 1365 2187 cum
1389 2152 1431 2187 te
1449 2145 1591 2203 ipsum
1610 2146 1827 2189 excrucias

440 2215 521 2258 sub
559 2214 699 2258 calore
735 2213 885 2268 verbi,
918 2228 1019 2257 cum
1045 2213 1175 2257 etiam
1205 2213 1409 2271 lacrymas
1431 2224 1643 2270 currunt,
1680 2231 1826 2260 nonne

439 2300 549 2327 cerae
572 2284 831 2339 tabescenti,
858 2292 901 2327 et
930 2293 1138 2343 tanquam
1166 2284 1212 2327 in
1233 2283 1444 2341 lacrymas
1464 2285 1656 2329 currenti
1679 2285 1825 2329 similis

441 2354 673 2398 inveniris?
694 2354 826 2398 Modo
849 2369 951 2412 ergo
973 2354 1041 2407 fac
1057 2352 1177 2413 quod
1197 2354 1241 2396 in
1259 2362 1482 2413 posterum
1503 2355 1627 2399 times
1645 2391 1656 2409 ,
1677 2364 1719 2399 et
1735 2370 1823 2400 non

443 2424 619 2468 habebis
637 2424 758 2484 quod
775 2425 819 2467 in
839 2434 1058 2483 posterum
1084 2424 1249 2468 timeas.

496 2497 617 2539 VIII.
652 2498 837 2539 Tantum
861 2513 948 2541 non
973 2496 1083 2540 sicut
1102 2494 1248 2539 tumus
1271 2494 1489 2541 deficiant.
1509 2500 1617 2543 Nam
1646 2506 1820 2541 utrum-

489 2589 494 2601 ¹
527 2580 716 2616 ratim-11,
742 2582 766 2612 “1v
794 2600 830 2603 *v
856 2590 864 2602 ³
888 2583 930 2612 M.
953 2593 1037 2622 xviii,
1066 2592 1094 2623 7.
1123 2600 1160 2603 *—
1185 2581 1308 2612 3I'1mn.
1337 2593 1396 2623 xit,
1420 2594 1468 2615 11.
