1867 3320
354 277 564 307 1-:1’1810LAE
594 276 651 306 An
681 275 869 306 GALATAS
901 280 1137 308 Exposmrm.
1388 274 1444 311 99

62 361 141 407 pro
156 346 256 405 ipsis
274 344 475 403 operibus
492 343 619 402 Legis
641 358 759 387 nunc
780 343 924 403 posuit
941 379 952 397 ‚
973 344 1095 404 quod
1115 345 1161 388 in
1193 348 1442 404 posteriori-

61 417 143 462 bus
180 415 499 460 manifestatur.
524 414 593 460 Ait
626 415 766 469 enim,
794 433 814 455 «
839 417 925 458 Lex
950 425 1094 458 autem
1117 431 1206 459 non
1238 426 1300 460 est
1325 418 1411 462 fide
1429 452 1442 474 ‚

64 506 84 530 »
118 486 193 532 sed
211 487 287 547 qui
307 485 439 530 suerit
460 501 534 540 ea,
560 485 674 529 vivet
694 486 738 528 in
761 485 844 529 illis
859 488 890 530 1.
914 505 934 527 »
959 489 1055 531 Non
1079 487 1159 539 ait,
1185 487 1270 539 Qui
1291 488 1441 533 fecerit

62 573 181 612 eam,
214 557 330 601 vivet
353 556 397 600 in
419 572 468 600 ea
495 575 503 600 :
527 565 576 599 ut
610 554 825 614 intelligas
858 559 1016 614 Legem
1050 557 1095 599 in
1123 557 1205 600 hoc
1244 558 1338 601 loeo
1367 573 1445 616 pro

61 627 162 687 ipsis
195 627 400 686 operibus
421 626 618 685 positam.
644 626 729 678 Qui
751 635 896 669 autem
918 626 1120 670 vivebant
1147 627 1190 670 in
1214 627 1278 670 his
1300 628 1445 686 operi-

62 697 165 753 bus,
195 697 410 741 timebant
431 697 582 756 utique
604 712 658 740 ne
676 731 688 751 ‚
721 697 756 740 si
778 712 867 740 non
892 713 940 741 ea
961 696 1159 742 fecissent
1178 733 1189 752 ‚
1211 698 1445 757 lapidatio-

63 784 162 814 nem
176 804 188 824 ,
202 767 272 813 vel
289 783 480 823 crucem,
498 766 565 811 vel
584 767 748 827 aliquid
774 768 1020 827 hujusmodi
1041 778 1306 828 paterentur.
1330 773 1446 828 Ergo

67 859 85 882 α
120 840 196 900 qui
231 838 381 884 fecerit
415 854 487 894 ea,
522 839 694 897 inquit,
731 838 860 882 vivet·
879 839 924 882 in
954 838 1066 895 illis,
1104 858 1124 881 »
1165 841 1210 885 id
1245 850 1333 895 est,
1367 842 1448 885 ha-

61 909 184 954 bebit
206 910 433 968 praemium
450 943 461 963 ‚
484 923 538 952 ne
558 909 636 952 ista
655 919 794 952 morte
822 910 1043 968 puniatur.
1076 914 1170 955 Non
1201 927 1304 970 ergo
1332 912 1449 971 apud

64 984 218 1034 Deum,
243 982 365 1041 eujus
383 997 432 1024 ex
453 979 539 1023 fide
568 980 601 1023 si
621 981 717 1040 quis
739 981 783 1024 in
804 981 885 1024 hac
907 982 992 1025 vita
1014 982 1186 1035 vixerit,
1219 999 1319 1027 cum
1346 985 1449 1028 hine

63 1051 321 1106 excesserit,
361 1060 468 1094 tunc
515 1066 616 1094 eum
664 1052 797 1110 magis
844 1053 1024 1096 habebit
1071 1056 1449 1112 praesentissimum

63 1123 307 1182 praemium.
333 1124 428 1166 Non
456 1121 603 1181 itaque
624 1137 675 1165 ex
712 1123 800 1166 fide
828 1124 961 1179 vivit,
991 1124 1185 1185 quisquis
1224 1127 1451 1184 praesentia

63 1209 163 1253 quae
185 1192 415 1247 videntur,
449 1192 519 1237 vel
541 1192 685 1252 cupit,
722 1193 791 1237 vel
826 1194 951 1237 timet
987 1213 995 1238 :
1026 1196 1127 1254 quia
1150 1198 1256 1241 fides
1294 1198 1369 1241 Dei
1398 1196 1452 1241 ad

63 1263 294 1307 invisibilia
335 1263 551 1322 pertinet,
595 1279 696 1322 quae
719 1273 817 1323 post
853 1264 1092 1309 dabuntur.
1134 1269 1243 1310 Nam
1277 1278 1340 1311 est
1372 1269 1450 1312 ista

63 1333 266 1394 quaedam
299 1334 344 1377 in
377 1334 581 1392 operibus
618 1335 741 1391 Legis
775 1336 966 1394 justitia,
998 1339 1210 1396 (quando
1243 1340 1334 1383 sine
1372 1355 1451 1384 suo

63 1404 245 1464 praemio
266 1404 414 1448 relicta
437 1419 526 1447 non
547 1413 633 1457 est,
653 1407 668 1460 )
698 1414 745 1448 ut
777 1406 852 1464 qui
886 1405 1037 1450 fecerit
1065 1421 1113 1450 ea
1129 1442 1140 1460 ,
1164 1409 1280 1452 vivat
1301 1409 1344 1452 in
1374 1410 1449 1453 eis.

64 1474 190 1519 Unde
212 1484 255 1518 et
271 1474 327 1517 ad
349 1477 568 1518 Romanos
590 1472 697 1518 dicit
719 1493 728 1518 ι
757 1493 777 1515 «
805 1475 847 1519 Si
870 1477 983 1518 enim
1004 1476 1221 1520 Abraham
1242 1494 1291 1521 ex
1309 1481 1453 1538 operi-

64 1544 416 1604 busjustificatus
432 1553 496 1588 est
515 1578 526 1598 ‚
548 1544 679 1587 habet
702 1543 883 1602 gloriam
899 1579 910 1598 ‚
931 1545 1005 1589 sed
1024 1562 1112 1590 non
1135 1548 1188 1591 ad
1216 1551 1350 1593 Deum
1365 1553 1397 1593 ².
1428 1568 1448 1590 n

65 1614 197 1660 Aliud
219 1623 284 1659 est
301 1629 426 1673 ergo,
447 1629 536 1658 non
553 1614 779 1674 justificari
802 1615 965 1670 zabud,
987 1632 1075 1660 non
1094 1619 1317 1677 justificari
1337 1619 1452 1678 apud

66 1688 221 1731 Deum.
252 1686 337 1738 Qui
362 1684 540 1729 omnino
563 1700 651 1728 non
668 1686 952 1744 justificatur,
974 1703 1054 1731 nec
1077 1688 1148 1732 illa
1172 1700 1333 1744 servat,
1353 1707 1452 1750 quse

67 1755 306 1814 temporale
325 1755 490 1798 habent
512 1755 742 1813 praemium
757 1790 768 1809 ‚
793 1771 873 1800 nec
894 1756 967 1800 illa
991 1773 1091 1817 quae
1106 1768 1318 1804 aeternum
1345 1781 1353 1805 :
1376 1762 1452 1820 qui

69 1836 214 1870 autem
228 1826 272 1869 in
286 1825 490 1884 operibus
502 1826 914 1885 Legisjustilicatur‚
929 1842 1018 1871 non
1032 1830 1149 1887 apud
1169 1833 1300 1875 Deum
1319 1833 1452 1891 justi—

70 1898 244 1953 ficatur3
262 1896 363 1957 quia
377 1896 659 1955 temporalem
682 1898 784 1940 inde
801 1908 999 1956 expectat
1015 1900 1319 1961 visibilemque
1340 1919 1452 1947 mer-

69 1968 235 2012 cedem.
264 1966 347 2012 Sed
376 1977 521 2010 tamen
543 1976 607 2010 est
629 1968 756 2010 etiam
781 1967 859 2011 ista
880 2002 890 2021 ‚
931 1977 980 2012 ut
1002 1968 1091 2012 dixi
1112 2005 1122 2023 ‚
1149 1972 1349 2030 quaedam
1367 2010 1378 2027 ,
1407 1984 1454 2018 ut

70 2038 129 2084 sic
149 2039 290 2083 dicam
307 2072 318 2091 ‚
340 2047 505 2081 terrena
529 2038 799 2097 carnalisque
815 2039 976 2096 justitia
995 2058 1003 2082 z
1024 2055 1122 2082 nam
1147 2042 1295 2101 etipse
1315 2049 1454 2103 Apos-

73 2110 186 2155 tolus
207 2124 300 2153 eam
319 2109 527 2168 justitiam
548 2118 694 2163 vocat,
719 2124 819 2153 eum
847 2110 949 2153 alibi
982 2110 1088 2155 dicit
1122 2131 1130 2156 z
1158 2131 1175 2152 «
1205 2115 1453 2159 Secundum

78 2199 98 2224 «
125 2181 336 2241 justitiam
358 2195 458 2240 quae
476 2181 522 2226 in
544 2184 658 2238 Lege
679 2190 743 2225 est
759 2215 769 2235 ‚
790 2190 1066 2225 conversatus
1084 2183 1158 2242 qui
1181 2183 1339 2229 fuerim
1363 2186 1455 2231 sine

77 2268 98 2293 >›
131 2250 354 2311 querela³.
382 2267 404 2291 ι»

131 2323 275 2365 xxti.
304 2324 533 2379 Propterea
557 2320 766 2364 Dominus
788 2323 911 2364 Jesus
933 2321 1128 2365 Christus
1145 2323 1235 2381 jam
1272 2324 1452 2370 liberta-

76 2400 161 2436 tem
184 2392 366 2436 daturus
383 2391 660 2435 credentibus
679 2426 689 2445 ‚
715 2392 914 2450 quwdam
939 2407 1084 2436 earum
1104 2393 1456 2440 observationum

77 2478 163 2507 non
182 2464 368 2507 servavit
388 2463 442 2506 ad
474 2461 677 2507 litteram.
715 2463 835 2506 Unde
861 2463 988 2505 ctiam
1013 2478 1110 2506 cnm
1146 2465 1327 2508 sabbato
1357 2484 1455 2510 esu-

77 2533 233 2580 rientes
257 2533 463 2594 Discipuli
484 2535 620 2593 spicas
641 2533 914 2586 evulsissent,
941 2534 1162 2593 respondit
1188 2537 1456 2595 indignanti-

126 2626 135 2645 ¹
160 2619 261 2657 Galat.
280 2631 328 2663 ui,
347 2627 399 2656 12.
418 2636 459 2645 —
475 2625 488 2645 ²
508 2621 599 2655 Rom.
618 2630 666 2661 iv,
687 2627 719 2653 2.
743 2636 780 2642 —
803 2617 816 2643 3
832 2619 843 2650 Ι
858 2619 946 2660 hitip.
970 2629 1016 2654 ιιι,
1036 2619 1066 2651 (3.

1297 2695 1327 2713 Δ.
