1867 3320
274 299 417 332 smum
451 305 603 349 xxxm,
639 314 685 342 nv
716 317 960 353 Paovznnus
991 326 1235 366 sALomoms.
1359 335 1441 376 467

61 357 110 407 'et
129 363 263 422 bysso
281 386 290 412 :
316 384 367 414 ea
382 373 531 418 tunica
553 378 748 438 ardebat,
766 402 852 446 qua
868 403 913 434 se
929 396 1140 453 expoliare
1156 418 1245 449 non
1255 419 1437 466 poterat.

63 436 148 480 Pro
165 437 304 496 epulis
317 440 508 501 ariditas,
523 455 567 491 et
577 447 834 502 desiderium
849 471 984 520 guttae
1001 465 1056 511 de
1073 468 1206 530 digito
1220 484 1431 539 pauperis,

59 504 170 551 sicut
189 506 255 552 illi
271 510 481 559 micarum
497 515 553 561 de
570 533 717 568 mensa
738 527 892 576 divitis.
916 536 1002 580 Sed
1021 536 1135 585 illius
1147 557 1308 602 egestas
1324 566 1435 609 prae-

57 576 236 634 tenens,
266 579 397 641 hujus
426 599 558 644 poena
591 605 857 649 permanens.
896 606 989 650 Hoc
1023 612 1249 660 attendant
1281 619 1434 668 divites

56 645 184 707 hujus
205 651 384 708 mundi,
413 663 457 700 et
476 672 566 702 non
584 666 770 722 superbe
797 673 977 730 sapiant.
1007 696 1027 720 α
1052 682 1195 728 Facile
1216 687 1429 748 tribuant,

58 733 79 760 »
112 724 438 771 communicent
462 729 781 783 :thesaurizent
809 741 890 786 sibi
914 744 1250 801 fundamentum
1269 758 1434 808 bonum

55 805 77 830 »
110 789 158 833 in
186 789 426 854 futurum,
454 814 474 839 »
499 799 577 845 ubi
610 816 712 851 sunt
746 811 835 854 veri
869 812 1037 874 divites,
1074 823 1149 868 sed
1181 841 1269 873 non
1304 830 1431 892 hujus

48 860 203 905 mundi
224 881 234 907 ε
258 872 309 908 ut
328 869 658 925 apprehendant
679 891 825 923 veram
849 883 996 930 vitam.

102 931 202 976 VII.
219 935 351 978 Forte
373 952 474 996 ergo
496 940 577 986 hoc
590 944 816 994 admonuit
832 954 1051 1013 Scriptura
1068 960 1230 1020 divina,
1250 969 1327 1013 ubi
1341 973 1415 1016 ait:

45 1018 67 1043 α
101 1002 213 1048 Sunt
228 1006 305 1065 qui
321 1022 364 1052 se
380 1007 533 1056 divites
555 1015 785 1075 affectant,
806 1023 917 1068 nihil
934 1027 1163 1077 habentes¹
1177 1070 1187 1089 ,
1208 1055 1228 1077 »
1245 1051 1419 1100 propter

35 1073 248 1131 ..uperbos
271 1091 502 1136 pannosos.
531 1084 574 1128 Si
595 1087 712 1132 enim
734 1090 804 1134 vix
825 1093 1035 1141 toleratur
1052 1101 1170 1148 dives
1192 1112 1417 1167 superbuS,

37 1158 275 1204 auperem
310 1153 550 1210 superbum
580 1159 676 1217 quis
697 1160 837 1207 ferat?
867 1167 1066 1216 Meliores
1091 1186 1191 1220 sunt
1225 1194 1325 1236 ergo
1358 1183 1420 1228 illi

47 1215 112 1258 ui
131 1231 176 1261 se
196 1218 443 1278 humiliant,
484 1241 585 1270 cum
613 1229 700 1274 sint
721 1230 888 1280 divites.
917 1239 1221 1292 Verumtamen
1254 1250 1308 1295 de
1325 1254 1415 1300 aliis

41 1303 53 1336 ,ι
69 1284 194 1332 ‘vitiis
209 1304 255 1333 se
275 1289 418 1337 dicere
442 1296 664 1357 Scriptura
686 1310 892 1351 testatur:
909 1320 1053 1356 secuta
1067 1316 1178 1360 enim
1193 1320 1409 1380 adjunxit:

38 1373 40 1375 ’
91 1357 351 1421 Redemptio
369 1365 524 1410 animae
547 1369 629 1413 viri
651 1370 815 1419 divitiae
829 1378 918 1437 ejus
945 1401 954 1435 3
980 1397 1144 1443 pauper
1160 1399 1304 1435 autem
1326 1411 1414 1441 non

40 1466 43 1468 Α
89 1428 246 1475 suffert
278 1433 416 1479 minas
429 1438 461 1479 ².
507 1455 527 1478 »
561 1440 806 1501 Intelligere
844 1447 1050 1496 debemus
1088 1470 1137 1499 ex
1170 1458 1249 1505 alia
1274 1466 1416 1511 nescio

43 1520 51 1555 ,¹
74 1513 120 1542 ua
140 1512 396 1561 paupertate
409 1520 664 1566 pauperem,
684 1522 728 1557 et
744 1529 795 1558 ex
809 1516 902 1562 aliis
922 1523 1066 1568 nescio
1079 1528 1238 1586 quibus
1260 1532 1300 1576 d'
1337 1536 1343 1542 '
1370 1536 1392 1544 '‘

44 1567 223 1616 'vitem.
247 1573 391 1620 Altius
414 1578 528 1623 enim
543 1579 714 1640 divites,
735 1584 781 1630 in
798 1588 929 1634 corde
949 1592 1117 1652 divites,
1143 1599 1259 1658 pleni
1287 1604 1414 1651 forti-

35 1639 196 1698 ndine,
221 1644 357 1704 opimi
375 1648 550 1706 pietate,
577 1652 850 1702 abundantes
872 1661 1105 1722 charitate,
1145 1685 1288 1717 secum
1310 1687 1410 1723 sunt

44 1710 202 1770 'vites,
245 1715 470 1765 interiores
510 1733 612 1769 sunt
653 1725 823 1773 divites.
860 1748 880 1771 «
915 1734 1024 1778 Sunt
1061 1748 1203 1784 autem
1251 1747 1328 1803 qui
1365 1763 1408 1792 se

55 1804 58 1806 ·
81 1780 237 1829 divites
256 1787 486 1847 affectant,
510 1809 613 1838 cum
636 1796 721 1841 sint
743 1813 978 1860 pauperes:
1003 1823 1024 1847 »
1041 1807 1145 1865 justi
1167 1812 1246 1856 sibi
1263 1815 1408 1862 viden-

55 1868 109 1909 r,
129 1870 231 1900 cum
248 1857 334 1903 sint
354 1860 508 1921 iniqui.
531 1864 708 1912 Divitias
726 1870 888 1930 quippe
910 1872 1003 1919 illas
1018 1876 1254 1939 intelligere
1276 1885 1405 1933 debe-

66 1939 116 1968 us
136 1944 145 1970 :
170 1928 379 1986 quoniam
391 1933 562 1990 aperuit
576 1936 795 1996 Scriptura
813 1942 920 2000 quid
935 1943 1090 1992 dixerit
1110 1970 1120 2007 3
1142 1970 1160 1992 «
1187 1954 1404 2017 Redemp-

52 2022 56 2031 ‚
77 1995 138 2041 tio
154 1998 311 2043 animae
326 2000 421 2056 viri,
447 2001 610 2049 divitiae
637 2007 784 2067 ipsius.
804 2028 824 2052 »
852 2014 1073 2076 Intellige,
1106 2020 1271 2082 inquit,
1294 2043 1399 2088 quas

64 2065 97 2109 ·i
119 2065 288 2114 divitias
309 2073 625 2120 commendem.
666 2080 878 2132 Quoniam
912 2084 1029 2133 dixi:
1060 2093 1211 2138 «Sunt
1245 2098 1318 2156 qui
1357 2115 1399 2144 se

73 2135 228 2183 divites
250 2140 479 2197 affectant,
504 2145 610 2190 nihil
633 2147 843 2196 habentes
867 2175 877 2212 3
901 2163 941 2198 et
964 2169 1064 2203 sunt
1090 2163 1162 2221 qui
1185 2179 1228 2208 se
1251 2167 1394 2212 humi-

70 2205 204 2264 liant,
229 2225 330 2255 cum
351 2212 438 2257 sint
468 2213 622 2261 divites
645 2237 653 2262 :
682 2236 702 2260 »
728 2220 822 2267 illas
845 2229 1100 2286 temporales
1132 2243 1171 2276 et
1205 2243 1389 2284 terrenas

0 2302 2 2306 =
76 2278 264 2326 visibiles
281 2281 450 2329 divitias
471 2287 692 2346 cogitabas
723 2310 733 2337 :
763 2308 844 2354 ego
867 2308 1010 2343 autem
1033 2316 1119 2346 non
1142 2304 1251 2363 ipsas
1269 2309 1387 2366 dico,

67 2368 75 2387 ·
122 2366 229 2412 quas
262 2351 405 2399 dicam
438 2371 754 2420 consequenter
786 2366 998 2413 admoneo
1032 2390 1039 2415 :
1085 2391 1103 2413 «
1132 2375 1387 2439 Redemptio

68 2421 225 2467 animae
245 2424 347 2480 viri,
371 2425 533 2472 divitiae
547 2429 678 2490 ipsius
697 2444 813 2480 sunt.
843 2456 861 2478 »
889 2441 1002 2498 Ergo
1017 2443 1091 2501 qui
1111 2460 1197 2489 non
1221 2448 1382 2497 habent

0 2529 3 2532 .
65 2505 163 2538 mae
177 2493 540 2556 redemptionem,
565 2517 819 2566 quiaimqui
836 2518 935 2553 sunt
952 2545 962 2564 ‚
988 2521 1029 2556 et
1045 2524 1179 2573 justos
1191 2532 1234 2562 se
1247 2521 1379 2568 videri

2 2625 9 2680 ἰ
28 2697 29 2701 ,
