1924 3309
472 221 554 259 436
917 229 950 258 s.
987 229 1216 260 Aucusnm
1249 232 1427 258 Emscom

469 296 590 339 nario
613 309 809 349 numero,
832 304 1007 354 propter
1025 296 1220 355 quinque
1240 295 1372 339 libros
1393 294 1548 351 Moysi.
1575 293 1691 346 Quid
1711 294 1846 351 signi—

467 367 567 409 ficat
588 365 708 424 quod
729 364 784 409 de
801 365 935 410 fluvio
952 374 1053 410 sunt
1065 365 1213 418 ablati,
1237 374 1280 408 et
1296 365 1479 423 positiin
1494 380 1587 408 vase
1600 364 1848 422 pastoritio?

466 437 563 478 Jam
586 433 784 490 diximus,
810 435 912 495 quia
927 435 972 478 in
993 434 1184 478 adventu
1205 434 1378 477 Domini
1400 434 1535 478 nostri
1555 437 1656 478 Jesu
1669 433 1845 487 Christi,

466 513 516 548 ut
546 519 648 548 vere
689 504 890 548 diabolus
926 504 1188 557 vinceretur,
1228 506 1315 546 Lex
1355 504 1522 547 transiit
1556 503 1611 547 ad
1649 502 1844 561 gratiam.

418 604 425 609 .
465 574 579 626 Quid
603 583 692 618 tam
721 573 966 632 significans
989 573 1185 632 gratiam,
1212 587 1342 632 quam
1365 571 1486 617 lactis
1507 573 1659 631 copia?
1684 571 1850 617 Sublati

465 654 567 688 sunt
597 653 743 688 autem
781 643 843 686 illi
881 642 1045 701 lapides
1087 642 1142 686 de
1178 642 1328 686 fluvio.
1365 641 1546 685 Fluvius
1582 641 1851 700 significabat

466 714 681 774 populum
703 715 886 767 fluxum,
907 712 1104 757 deditum
1131 712 1442 771 temporalibus
1467 712 1612 767 rebus,
1633 720 1850 755 amantem

463 785 745 838 transeuntia,
788 793 830 827 et
872 783 1122 842 cupiditatis
1149 783 1316 842 impetu
1350 783 1396 826 in
1417 797 1536 826 mare
1557 782 1686 840 hujus
1706 780 1852 824 saeculi

466 854 767 899 decurrentem
812 873 821 898 :
861 853 1001 913 qualis
1051 862 1141 897 erat
1184 853 1372 913 populus
1413 852 1666 897 Judaeorum
1707 860 1846 895 vetus.

464 927 700 984 Acceperat
717 927 891 981 Legem,
913 923 988 967 sed
1009 923 1206 968 calcabat
1227 926 1404 981 Legem,
1429 932 1472 966 et
1492 921 1704 966 transibat
1725 935 1853 980 super

467 998 643 1052 Legem,
670 1003 712 1038 et
731 993 951 1037 ferebatur
967 994 1011 1036 in
1035 1008 1169 1048 mare,
1190 992 1412 1053 quomodo
1425 993 1585 1036 fluvius
1606 1006 1735 1050 super
1756 990 1853 1035 illos

465 1062 643 1122 lapides.
664 1066 761 1108 Non
780 1063 894 1106 enim
916 1062 1081 1122 lapides
1103 1062 1167 1106 illi
1189 1062 1368 1106 limitem
1395 1061 1589 1106 fecerant
1611 1062 1770 1116 fluvio,
1803 1069 1854 1104 ut

469 1141 709 1176 statuerent
730 1133 931 1176 fluvium.
954 1132 1084 1184 Quod
1106 1133 1139 1176 si
1162 1133 1220 1175 ita
1243 1141 1398 1186 essent,
1424 1132 1716 1190 significarent
1735 1146 1856 1175 coer-

468 1201 673 1245 citionem
696 1201 844 1259 Legis,
881 1209 924 1243 et
946 1216 1018 1245 eos
1041 1202 1116 1260 qui
1140 1216 1239 1245 cum
1258 1202 1394 1244 fluere
1415 1202 1629 1260 coeperint
1647 1201 1853 1259 volupta-

467 1271 583 1314 tibus
600 1279 649 1314 vet
669 1269 984 1328 cupiditatibus
1017 1270 1117 1324 suis,
1155 1270 1378 1314 venientes
1408 1271 1459 1313 ad
1485 1279 1701 1329 praecepta
1730 1270 1854 1328 Legis

469 1339 734 1394 consistunt,
763 1347 806 1382 et
826 1338 1047 1382 refrenant
1070 1339 1256 1398 impetus
1277 1338 1507 1383 libidinum
1530 1355 1721 1383 suarum.
1756 1341 1855 1384 Non

470 1416 617 1452 autem
649 1408 709 1451 ita
743 1415 864 1452 erant
894 1406 958 1450 illi
987 1406 1153 1467 lapides
1180 1428 1191 1464 3
1219 1407 1295 1451 sed
1320 1408 1366 1451 in
1396 1408 1550 1461 fluvio,
1585 1423 1715 1467 super
1745 1424 1854 1468 quos

470 1478 682 1524 transibat
704 1493 838 1538 aqua,
870 1477 980 1521 sicut
1008 1492 1138 1536 super
1159 1480 1319 1535 Legem
1348 1486 1635 1535 transgressor
1667 1478 1855 1538 populus

473 1549 694 1594 transibat.
721 1549 829 1592 Inde
845 1563 946 1606 ergo
966 1548 1176 1592 Dominus
1194 1547 1296 1591 tulit
1320 1550 1480 1606 Legem
1499 1547 1552 1592 ad
1570 1549 1750 1606 gratiam.
1776 1568 1784 1593 :
1810 1549 1855 1592 id

468 1629 548 1672 est,
575 1619 628 1661 de
646 1618 780 1660 fluvio
803 1617 918 1671 tulit,
945 1626 988 1660 et
1008 1617 1053 1660 in
1075 1632 1174 1661 vase
1196 1618 1375 1676 pastoris
1398 1619 1556 1677 posuit.

530 1691 655 1732 VIII.
682 1688 763 1739 Qui
785 1703 886 1745 ergo
907 1687 1003 1731 vult
1030 1687 1208 1745 implere
1240 1691 1399 1746 Legem
1416 1724 1427 1743 ,
1466 1689 1646 1746 gratiam
1676 1689 1852 1747 cogitet.
1908 1702 1913 1735 ³.

473 1759 578 1803 Ideo
610 1766 652 1800 et
670 1755 743 1800 illa
766 1757 915 1799 decem
950 1765 1165 1814 praecepta
1189 1757 1378 1815 psalterii
1400 1757 1549 1802 decem
1573 1758 1852 1812 chordarum,

474 1831 564 1888 ipsa
600 1836 701 1871 sunt
735 1842 833 1886 quae
871 1834 992 1869 erant
1024 1827 1069 1869 in
1112 1826 1187 1870 illo
1222 1826 1387 1885 populo
1416 1837 1560 1871 vetere
1588 1828 1696 1872 :sed
1731 1829 1856 1872 illum

474 1897 687 1958 populum
734 1895 882 1939 decem
926 1904 1143 1953 praecepta
1189 1896 1343 1939 timore
1387 1897 1706 1955 opprimebant.
1760 1901 1858 1943 Non

478 1968 592 2012 enim
607 1974 698 2009 erat
716 1965 761 2007 in
780 1964 863 2007 illis
883 1964 1084 2019 charitas,
1110 1980 1209 2024 quae
1227 1974 1290 2008 est
1311 1980 1387 2024 per
1410 1967 1590 2023 gratiam
1611 1988 1621 2023 3
1639 1968 1714 2011 sed
1728 1968 1858 2012 timor

476 2047 580 2083 erat.
619 2040 838 2094 Praecepta
875 2035 1048 2079 Domini
1071 2035 1258 2094 poenalia
1292 2045 1415 2080 erant
1446 2035 1508 2080 illi
1531 2037 1695 2096 populo
1721 2055 1731 2089 3
1756 2040 1857 2097 quia

472 2107 640 2167 impleri
662 2121 752 2150 non
769 2113 970 2164 poterant
989 2119 1133 2149 amore
1147 2107 1177 2147 ⁵.
1205 2106 1507 2160 Conabantur,
1529 2106 1604 2150 sed
1620 2107 1858 2166 cupiditate

473 2177 803 2237 superabantur.
843 2177 955 2219 Cum
988 2190 1090 2233 ergo
1121 2175 1306 2235 quisque
1336 2176 1390 2219 ad
1426 2177 1604 2233 gratiam
1628 2178 1857 2222 transitum

476 2250 641 2302 iecerit,
657 2263 746 2291 non
764 2246 843 2291 alia
858 2254 1072 2304 praecepta
1087 2245 1239 2304 implet
1256 2263 1267 2289 .·
1290 2245 1364 2289 sed
1378 2247 1467 2305 ipsa
1481 2263 1579 2306 quae
1594 2248 1674 2292 hac
1689 2248 1859 2308 impleri

476 2336 565 2364 non
588 2326 786 2378 poterant
802 2353 811 2371 ,
836 2318 917 2360 hac
940 2316 1191 2374 implentur.
1218 2319 1315 2361 Non
1333 2326 1395 2360 est
1418 2326 1564 2361 tamen
1582 2318 1643 2362 vis
1664 2334 1859 2378 praecep-

475 2400 636 2442 torum,
662 2387 736 2432 sed
758 2389 820 2430 vis
844 2387 990 2444 gratiss
1004 2387 1092 2429 Dei.
1120 2389 1227 2430 Nam
1252 2387 1284 2430 si
1308 2396 1622 2445 praeceptorum
1637 2389 1758 2446 Legis
1774 2391 1856 2434 hoc
1905 2427 1910 2433 .

474 2468 598 2515 esset,
623 2467 667 2503 et
697 2457 772 2501 illa
798 2457 1009 2515 impleret.
1037 2456 1120 2508 Qui
1144 2457 1294 2500 transit
1313 2456 1369 2501 ad
1390 2457 1610 2502 Christum
1625 2492 1636 2514 ,
1657 2459 1808 2504 transit
1830 2475 1855 2504 a

526 2552 534 2568 ¹
554 2547 654 2577 Forte
667 2544 794 2576 timore.

1898 2085 1914 2225 51

1897 2230 1914 2391 ff

1903 2475 1915 2507 f

1896 2683 1899 2700 ι

1895 2725 1899 2736 ι

1896 2745 1899 2756 u

1895 2810 1899 2849 i

1896 2861 1899 2877 l

1892 3172 1913 3309 nvn-
1894 3059 1898 3155 te.-.
