1867 3320
8 166 13 253 i
211 234 349 261 senno
382 236 509 272 xxiv,
545 236 599 261 DE
633 226 656 262 2
694 237 820 264 vErisu
858 236 1006 267 rsALMi
1040 243 1203 270 Lxxxn.
1306 237 1380 274 381

31 386 80 415 us
92 370 137 414 in
151 370 326 416 sublimi
339 370 506 416 locatus
520 372 639 432 quod
657 374 712 417 ad
728 373 906 419 oculum
921 376 1130 435 pertinet,
1145 380 1256 423 auris
1271 382 1388 441 quod

38 439 68 484 d
85 456 232 486 aurem
251 441 461 501 pertinet,
479 457 633 487 manus
654 444 774 504 quod
795 445 850 489 ad
872 460 1072 501 manum,
1094 462 1167 506 pes
1195 450 1313 509 quod
1337 451 1389 495 ad

42 510 194 569 edem,
218 521 269 557 ut
289 527 378 557 non
401 513 487 558 sint
507 514 699 558 scissurae
720 515 766 559 in
787 531 988 575 corpore,
1014 516 1090 561 sed
1111 517 1226 562 idem
1251 520 1390 579 ipsum

46 590 156 641 tpro
179 597 222 627 se
244 583 431 627 invicem
457 583 640 628 sollicita
661 584 747 629 sint
775 587 985 631 membra.
1012 587 1289 633 Gratulamur
1309 591 1391 634 ita-

43 666 98 695 ue
119 660 163 696 et
184 652 454 710 gratulamur
475 653 683 698 Charitati
702 656 888 711 Vestrae,
913 657 1014 716 quia
1051 666 1199 702 sancto
1216 658 1394 704 domino

2 741 3 748 ¹
39 731 56 766 t
72 721 250 781 collegae
271 732 421 768 nostro
453 725 670 784 Episcopo
691 734 833 771 vestro
855 727 1076 782 obedistis,
1098 729 1143 772 in
1159 744 1210 773 eo
1226 764 1237 783 ,
1275 731 1393 790 quod

1 792 137 837 ‚vobis
164 808 292 837 mane
317 793 490 838 locutus
519 804 596 839 est.
624 798 716 840 Hoc
753 797 1006 856 sequimini,
1032 799 1086 842 ab
1118 798 1196 843 ista
1217 800 1284 843 via
1307 816 1394 844 non

1 862 244 917 {recedatiffi
269 878 324 907 ne
345 863 522 908 cadatis.
539 864 676 909 Valde
692 866 805 910 enim
825 867 1001 927 adjuvat
1023 871 1134 912 Deus
1155 868 1275 928 quod
1296 870 1395 913 vul·

14 932 66 977 tis
81 968 92 988 ,
116 933 150 977 si
172 933 292 993 quod
308 934 483 994 jusserit
503 934 706 980 feceritis.
725 936 842 989 Quid
854 939 991 992 enim,
1015 948 1065 982 ut
1086 938 1228 983 dicere
1246 956 1394 999 coepe-

15 1019 104 1049 ram
123 1039 134 1060 ,
170 1005 310 1049 omnis
331 1006 499 1050 homo?
529 1016 604 1050 aut
632 1022 732 1067 quae
764 1016 827 1051 est
844 1008 931 1051 vita
949 1008 1198 1063 hominum,
1239 1025 1393 1069 quam,

14 1074 123 1119 sicut
144 1075 354 1134 scriptum
377 1085 439 1120 est
458 1111 468 1130 ,
490 1092 624 1136 vapor
645 1078 700 1120 ad
727 1077 946 1122 modicum
970 1094 1179 1137 apparens
1196 1082 1242 1123 ¹?
1265 1080 1395 1138 Cogi-

15 1154 100 1190 tate
142 1160 266 1203 ergo,
304 1146 458 1190 fratres
476 1181 487 1201 ,
527 1145 803 1203 fragilitatem
845 1157 1030 1191 vestram
1052 1183 1062 1201 ,
1108 1149 1395 1192 humilitatem

0 1256 2 1258 ,
42 1225 215 1271 estram,
234 1215 530 1260 conditionem
545 1217 701 1271 carnis,
718 1218 848 1277 hujus
863 1218 1008 1262 saeculi
1025 1218 1228 1262 volaticos
1242 1220 1395 1263 transi-

15 1295 82 1330 tus
100 1307 111 1344 3
137 1296 181 1331 et
200 1287 346 1330 videte
369 1288 472 1346 quia
494 1296 600 1331 tunc
622 1288 745 1331 vobis
763 1288 875 1331 bene
893 1289 999 1342 erit,
1024 1289 1056 1332 si
1081 1298 1169 1332 tota
1187 1305 1281 1348 spes
1301 1305 1397 1332 vesu

0 1366 78 1414 ftra
93 1357 138 1400 in
160 1356 236 1401 illo
258 1357 335 1411 sit,
364 1358 410 1400 in
436 1373 524 1418 quo
553 1357 645 1402 solo
668 1367 809 1416 potest
830 1359 1010 1402 firmiter
1026 1358 1241 1403 collocari.
1274 1362 1395 1412 Quo-

0 1426 148 1482 ‚modo
166 1436 312 1472 autem
329 1428 389 1471 ibi
411 1428 491 1471 erit
508 1443 603 1486 spes
620 1437 764 1472 nostra
779 1462 789 1482 ,
807 1428 887 1471 nisi
902 1428 1155 1472 obediamus
1172 1430 1397 1488 praeceptis

0 1498 133 1557 ejus?

0 1562 1 1565 ¹
72 1571 147 1613 VI.
190 1567 417 1629 Numquid
435 1567 617 1612 dicimus
634 1603 644 1623 ,
664 1567 807 1613 Nolite
834 1568 953 1627 quod
979 1570 1137 1613 vultis?
1155 1572 1247 1613 Imo
1270 1571 1397 1614 etiam

43 1639 169 1684 ratias
186 1639 353 1698 agimus
371 1638 415 1683 id
436 1655 511 1683 vos
528 1638 639 1682 velle
656 1638 776 1698 quod
797 1642 907 1682 Deus
926 1639 1035 1683 vult.
1057 1641 1111 1683 Ut
1128 1641 1240 1683 enim
1259 1642 1398 1684 omnis

0 1704 3 1765 ξ
49 1723 288 1767 aganorum
310 1717 353 1752 et
377 1707 616 1753 Gentilium
634 1708 882 1767 superstitio
904 1707 1119 1761 deleatur,
1145 1711 1258 1752 Deus
1280 1710 1396 1763 vult,

0 1782 125 1836 ,Deus
141 1778 290 1837 jussit,
328 1781 440 1821 Deus
463 1775 685 1836 praedixit,
714 1780 825 1820 Deus
855 1778 947 1836 jam
968 1777 1148 1836 implere
1171 1777 1303 1837 coepit
1322 1814 1332 1833 ,
1358 1788 1399 1822 et

62 1847 161 1891 ultis
177 1848 268 1906 jam
293 1856 504 1890 terrarum
526 1845 631 1889 locis
653 1845 783 1889 etiam
806 1861 857 1889 ex
880 1861 1036 1904 magna
1058 1856 1178 1906 parte
1207 1848 1399 1906 comple-

30 1918 90 1962 vit.
114 1917 157 1962 Si
185 1916 386 1961 voluntas
423 1925 567 1960 nostra
590 1915 645 1959 ab
680 1916 761 1959 hac
784 1916 957 1959 civitate
986 1916 1222 1975 inciperet,
1248 1927 1295 1960 ut
1332 1919 1400 1961 hic

13 1987 215 2048 primitus
233 1985 399 2030 aboleri
415 1985 742 2045 superstitiones
759 1983 1008 2029 daemonum
1026 1987 1289 2045 quaereretis,
1312 1986 1398 2029 sor-

17 2068 126 2104 tasse
142 2058 296 2118 aliquis
314 2057 476 2102 arduus
496 2056 622 2102 labor
644 2065 751 2100 esset
765 2091 775 2110 ,
796 2071 884 2100 non
909 2065 1053 2100 tamen
1076 2056 1366 2114 desperandus
1388 2078 1395 2101 ;

17 2146 135 2174 nunc
157 2144 259 2173 vero
282 2130 314 2173 si
338 2128 450 2173 facta
471 2138 573 2172 sunt
595 2129 672 2172 ista
695 2127 927 2171 efficaciter
950 2128 1023 2170 ubi
1043 2127 1132 2170 fieri
1153 2137 1394 2185 coepcrunt.

17 2209 60 2244 et
80 2198 275 2259 exempla
294 2214 380 2243 non
397 2206 727 2258 praecesserant,
745 2206 910 2256 quanto
932 2197 1146 2240 enicat-ius
1167 2197 1209 2239 in
1225 2197 1398 2240 nomine

18 2270 205 2324 Domini,
225 2269 270 2313 in
287 2269 502 2328 adjutorio
520 2268 706 2312 dextcrae
723 2268 853 2327 ipsius
869 2268 937 2310 hic
954 2282 1128 2326 quoquc
1145 2267 1257 2309 cssici
1277 2282 1398 2325 posse

18 2340 235 2384 credimus
251 2373 262 2391 ,
287 2338 464 2398 quando
481 2340 570 2398 jam
596 2337 880 2398 praecedcntia
902 2337 1235 2396 pronuntiantur
1256 2352 1400 2379 exciu-

20 2409 124 2469 pla?
152 2410 308 2469 Utique
333 2410 401 2452 hic
432 2409 645 2453 clamastis
672 2408 931 2461 :Quomodo
964 2411 1117 2458 noma,
1143 2406 1200 2448 sic
1229 2415 1271 2450 ct
1299 2409 1399 2449 Car-

22 2481 167 2538 thago.
199 2480 241 2525 Si
264 2481 306 2524 in
329 2481 469 2539 capite
492 2480 695 2523 (lentium
729 2495 790 2522 rcs
816 2477 1023 2537 praecessit
1041 2510 1051 2528 ,
1078 2476 1267 2518 membra
1311 2493 1397 2520 nou

3 335 4 339 ,
43 297 158 344 mnia
181 315 280 361 quae
303 300 349 344 in
365 300 480 344 illius
499 315 679 360 corpore
703 312 804 347 sunt
819 338 830 358 ,
856 305 996 349 officia
1017 321 1092 351 sua
1113 326 1122 351 :
1143 307 1269 354 faciat
1286 327 1390 356 ocu-

14 455 35 484 a

70 2564 205 2596 Uacci).
224 2575 271 2603 iv,
295 2564 344 2595 15.
