<?xml version="1.0" encoding="UTF-8"?>
<!DOCTYPE html PUBLIC "-//W3C//DTD XHTML 1.0 Transitional//EN"
    "http://www.w3.org/TR/xhtml1/DTD/xhtml1-transitional.dtd">
<html xmlns="http://www.w3.org/1999/xhtml" xml:lang="en" lang="en">
 <head>
  <title>
</title>
<meta http-equiv="Content-Type" content="text/html;charset=utf-8" />
  <meta name='ocr-system' content='tesseract 3.04.00' />
  <meta name='ocr-capabilities' content='ocr_page ocr_carea ocr_par ocr_line ocrx_word'/>
</head>
<body>
  <div class='ocr_page' id='page_1' title='image "./operaomniaaccura17auguuoft_0039.png"; bbox 0 0 1867 3320; ppageno 0'>
   <div class='ocr_carea' id='block_1_1' title="bbox 290 274 1466 313">
    <p class='ocr_par' dir='ltr' id='par_1_1' title="bbox 290 274 1466 313">
     <span class='ocr_line' id='line_1_1' title="bbox 290 274 1466 313; baseline 0.004 -6"><span class='ocrx_word' id='word_1_1' title='bbox 290 274 611 308; x_wconf 73' lang='lat' dir='ltr'>PRO&#39;POSITIONES</span> <span class='ocrx_word' id='word_1_2' title='bbox 642 281 698 306; x_wconf 83' lang='lat' dir='ltr'>Ex</span> <span class='ocrx_word' id='word_1_3' title='bbox 731 278 930 307; x_wconf 78' lang='lat' dir='ltr'><strong>EPISTOLA</strong></span> <span class='ocrx_word' id='word_1_4' title='bbox 963 279 1018 307; x_wconf 78' lang='lat' dir='ltr'>AD</span> <span class='ocrx_word' id='word_1_5' title='bbox 1052 279 1264 310; x_wconf 72' lang='lat' dir='ltr'><strong>ROMANOS.</strong></span> <span class='ocrx_word' id='word_1_6' title='bbox 1411 275 1466 313; x_wconf 75' lang='lat'>29</span> 
     </span>
    </p>
   </div>
   <div class='ocr_carea' id='block_1_2' title="bbox 79 344 1470 1524">
    <p class='ocr_par' dir='ltr' id='par_1_2' title="bbox 79 344 1470 1524">
     <span class='ocr_line' id='line_1_2' title="bbox 85 344 1467 404; baseline 0.004 -16"><span class='ocrx_word' id='word_1_7' title='bbox 85 346 173 404; x_wconf 87' lang='lat' dir='ltr'>ipsa</span> <span class='ocrx_word' id='word_1_8' title='bbox 188 344 361 389; x_wconf 87' lang='lat' dir='ltr'>dilectio</span> <span class='ocrx_word' id='word_1_9' title='bbox 383 345 428 387; x_wconf 90' lang='lat' dir='ltr'>in</span> <span class='ocrx_word' id='word_1_10' title='bbox 443 359 493 388; x_wconf 93' lang='lat' dir='ltr'>eo</span> <span class='ocrx_word' id='word_1_11' title='bbox 511 345 677 389; x_wconf 86' lang='lat' dir='ltr'>bonum</span> <span class='ocrx_word' id='word_1_12' title='bbox 692 354 910 404; x_wconf 78' lang='lat' dir='ltr'>operetur.</span> <span class='ocrx_word' id='word_1_13' title='bbox 924 345 1039 398; x_wconf 87' lang='lat' dir='ltr'>Quid</span> <span class='ocrx_word' id='word_1_14' title='bbox 1061 361 1163 404; x_wconf 86' lang='lat' dir='ltr'>ergo</span> <span class='ocrx_word' id='word_1_15' title='bbox 1181 347 1310 404; x_wconf 88' lang='lat' dir='ltr'>elegit</span> <span class='ocrx_word' id='word_1_16' title='bbox 1329 352 1467 394; x_wconf 73' lang='lat' dir='ltr'>Deus?</span> 
     </span>
     <span class='ocr_line' id='line_1_3' title="bbox 87 413 1467 475; baseline 0.002 -17"><span class='ocrx_word' id='word_1_17' title='bbox 87 413 128 458; x_wconf 93' lang='lat' dir='ltr'>Si</span> <span class='ocrx_word' id='word_1_18' title='bbox 154 414 269 456; x_wconf 87' lang='lat' dir='ltr'>enim</span> <span class='ocrx_word' id='word_1_19' title='bbox 298 414 370 457; x_wconf 90' lang='lat' dir='ltr'>cui</span> <span class='ocrx_word' id='word_1_20' title='bbox 395 415 490 459; x_wconf 88' lang='lat' dir='ltr'>vult</span> <span class='ocrx_word' id='word_1_21' title='bbox 511 414 646 458; x_wconf 89' lang='lat' dir='ltr'>donat</span> <span class='ocrx_word' id='word_1_22' title='bbox 671 415 879 474; x_wconf 89' lang='lat' dir='ltr'>Spiritum</span> <span class='ocrx_word' id='word_1_23' title='bbox 902 423 1100 459; x_wconf 86' lang='lat' dir='ltr'>sanctum</span> <span class='ocrx_word' id='word_1_24' title='bbox 1117 449 1128 469; x_wconf 90' lang='lat'>‚</span> <span class='ocrx_word' id='word_1_25' title='bbox 1151 431 1228 474; x_wconf 91' lang='lat' dir='ltr'>per</span> <span class='ocrx_word' id='word_1_26' title='bbox 1248 431 1379 475; x_wconf 90' lang='lat' dir='ltr'>quem</span> <span class='ocrx_word' id='word_1_27' title='bbox 1400 419 1467 461; x_wconf 91' lang='lat' dir='ltr'>di-</span> 
     </span>
     <span class='ocr_line' id='line_1_4' title="bbox 82 482 1469 545; baseline 0.004 -18"><span class='ocrx_word' id='word_1_28' title='bbox 82 482 209 528; x_wconf 88' lang='lat' dir='ltr'>lectio</span> <span class='ocrx_word' id='word_1_29' title='bbox 248 483 414 527; x_wconf 86' lang='lat' dir='ltr'>bonum</span> <span class='ocrx_word' id='word_1_30' title='bbox 447 493 672 543; x_wconf 79' lang='lat' dir='ltr'>operatur,</span> <span class='ocrx_word' id='word_1_31' title='bbox 706 484 930 545; x_wconf 82' lang='lat' dir='ltr'>quomodo</span> <span class='ocrx_word' id='word_1_32' title='bbox 964 484 1092 542; x_wconf 85' lang='lat' dir='ltr'>elegit</span> <span class='ocrx_word' id='word_1_33' title='bbox 1123 486 1193 529; x_wconf 91' lang='lat' dir='ltr'>cui</span> <span class='ocrx_word' id='word_1_34' title='bbox 1227 485 1392 530; x_wconf 80' lang='lat' dir='ltr'>donet?</span> <span class='ocrx_word' id='word_1_35' title='bbox 1427 490 1469 533; x_wconf 91' lang='lat' dir='ltr'>Si</span> 
     </span>
     <span class='ocr_line' id='line_1_5' title="bbox 83 552 1465 615; baseline 0.004 -19"><span class='ocrx_word' id='word_1_36' title='bbox 83 552 195 597; x_wconf 90' lang='lat' dir='ltr'>enim</span> <span class='ocrx_word' id='word_1_37' title='bbox 217 552 340 598; x_wconf 87' lang='lat' dir='ltr'>nullo</span> <span class='ocrx_word' id='word_1_38' title='bbox 361 554 538 610; x_wconf 87' lang='lat' dir='ltr'>merito,</span> <span class='ocrx_word' id='word_1_39' title='bbox 563 571 653 599; x_wconf 90' lang='lat' dir='ltr'>non</span> <span class='ocrx_word' id='word_1_40' title='bbox 673 564 737 599; x_wconf 87' lang='lat' dir='ltr'>est</span> <span class='ocrx_word' id='word_1_41' title='bbox 758 555 940 614; x_wconf 76' lang='lat' dir='ltr'>electi03</span> <span class='ocrx_word' id='word_1_42' title='bbox 964 556 1155 615; x_wconf 86' lang='lat' dir='ltr'>aequales</span> <span class='ocrx_word' id='word_1_43' title='bbox 1177 556 1292 599; x_wconf 85' lang='lat' dir='ltr'>enim</span> <span class='ocrx_word' id='word_1_44' title='bbox 1315 572 1465 602; x_wconf 89' lang='lat' dir='ltr'>omnes</span> 
     </span>
     <span class='ocr_line' id='line_1_6' title="bbox 82 625 1468 686; baseline 0.004 -20"><span class='ocrx_word' id='word_1_45' title='bbox 82 631 181 667; x_wconf 89' lang='lat' dir='ltr'>sunt</span> <span class='ocrx_word' id='word_1_46' title='bbox 202 633 302 667; x_wconf 87' lang='lat' dir='ltr'>ante</span> <span class='ocrx_word' id='word_1_47' title='bbox 320 625 539 680; x_wconf 82' lang='lat' dir='ltr'>meritum,</span> <span class='ocrx_word' id='word_1_48' title='bbox 556 641 636 670; x_wconf 89' lang='lat' dir='ltr'>nec</span> <span class='ocrx_word' id='word_1_49' title='bbox 655 635 798 685; x_wconf 88' lang='lat' dir='ltr'>potest</span> <span class='ocrx_word' id='word_1_50' title='bbox 812 627 857 669; x_wconf 89' lang='lat' dir='ltr'>in</span> <span class='ocrx_word' id='word_1_51' title='bbox 879 626 1010 670; x_wconf 90' lang='lat' dir='ltr'>rebus</span> <span class='ocrx_word' id='word_1_52' title='bbox 1029 627 1209 671; x_wconf 90' lang='lat' dir='ltr'>omnino</span> <span class='ocrx_word' id='word_1_53' title='bbox 1227 627 1468 686; x_wconf 85' lang='lat' dir='ltr'>aequalibus</span> 
     </span>
     <span class='ocr_line' id='line_1_7' title="bbox 82 693 1469 756; baseline 0.004 -20"><span class='ocrx_word' id='word_1_54' title='bbox 82 693 233 737; x_wconf 87' lang='lat' dir='ltr'>electio</span> <span class='ocrx_word' id='word_1_55' title='bbox 256 695 485 739; x_wconf 85' lang='lat' dir='ltr'>nominari.</span> <span class='ocrx_word' id='word_1_56' title='bbox 504 695 589 740; x_wconf 87' lang='lat' dir='ltr'>Sed</span> <span class='ocrx_word' id='word_1_57' title='bbox 603 697 810 756; x_wconf 85' lang='lat' dir='ltr'>quoniam</span> <span class='ocrx_word' id='word_1_58' title='bbox 827 696 1011 756; x_wconf 83' lang='lat' dir='ltr'>Spiritus</span> <span class='ocrx_word' id='word_1_59' title='bbox 1036 706 1210 741; x_wconf 85' lang='lat' dir='ltr'>sanctus</span> <span class='ocrx_word' id='word_1_60' title='bbox 1227 713 1318 742; x_wconf 91' lang='lat' dir='ltr'>non</span> <span class='ocrx_word' id='word_1_61' title='bbox 1340 698 1469 742; x_wconf 90' lang='lat' dir='ltr'>datur</span> 
     </span>
     <span class='ocr_line' id='line_1_8' title="bbox 81 759 1469 828; baseline 0.005 -23"><span class='ocrx_word' id='word_1_62' title='bbox 81 762 160 806; x_wconf 88' lang='lat' dir='ltr'>nisi</span> <span class='ocrx_word' id='word_1_63' title='bbox 181 759 456 808; x_wconf 85' lang='lat' dir='ltr'>credentibus</span> <span class='ocrx_word' id='word_1_64' title='bbox 473 799 484 819; x_wconf 89' lang='lat'>,</span> <span class='ocrx_word' id='word_1_65' title='bbox 510 780 599 809; x_wconf 91' lang='lat' dir='ltr'>non</span> <span class='ocrx_word' id='word_1_66' title='bbox 621 766 799 825; x_wconf 87' lang='lat' dir='ltr'>quidem</span> <span class='ocrx_word' id='word_1_67' title='bbox 822 770 935 811; x_wconf 91' lang='lat' dir='ltr'>Deus</span> <span class='ocrx_word' id='word_1_68' title='bbox 958 766 1089 825; x_wconf 86' lang='lat' dir='ltr'>elegit</span> <span class='ocrx_word' id='word_1_69' title='bbox 1109 782 1239 826; x_wconf 89' lang='lat' dir='ltr'>opera</span> <span class='ocrx_word' id='word_1_70' title='bbox 1258 783 1356 828; x_wconf 81' lang='lat' dir='ltr'>quae</span> <span class='ocrx_word' id='word_1_71' title='bbox 1379 769 1469 827; x_wconf 89' lang='lat' dir='ltr'>ipse</span> 
     </span>
     <span class='ocr_line' id='line_1_9' title="bbox 79 831 1469 896; baseline 0.005 -21"><span class='ocrx_word' id='word_1_72' title='bbox 79 831 273 891; x_wconf 85' lang='lat' dir='ltr'>largitur,</span> <span class='ocrx_word' id='word_1_73' title='bbox 286 848 386 877; x_wconf 92' lang='lat' dir='ltr'>cum</span> <span class='ocrx_word' id='word_1_74' title='bbox 399 834 472 878; x_wconf 90' lang='lat' dir='ltr'>dat</span> <span class='ocrx_word' id='word_1_75' title='bbox 483 835 691 893; x_wconf 86' lang='lat' dir='ltr'>Spiritum</span> <span class='ocrx_word' id='word_1_76' title='bbox 704 846 918 892; x_wconf 81' lang='lat' dir='ltr'>sanctum,</span> <span class='ocrx_word' id='word_1_77' title='bbox 931 846 981 880; x_wconf 83' lang='lat' dir='ltr'>ut</span> <span class='ocrx_word' id='word_1_78' title='bbox 993 852 1070 896; x_wconf 89' lang='lat' dir='ltr'>per</span> <span class='ocrx_word' id='word_1_79' title='bbox 1084 838 1340 882; x_wconf 88' lang='lat' dir='ltr'>charitatem</span> <span class='ocrx_word' id='word_1_80' title='bbox 1355 839 1469 883; x_wconf 90' lang='lat' dir='ltr'>bona</span> 
     </span>
     <span class='ocr_line' id='line_1_10' title="bbox 79 903 1470 967; baseline 0.004 -21"><span class='ocrx_word' id='word_1_81' title='bbox 79 916 306 960; x_wconf 84' lang='lat' dir='ltr'>operemur</span> <span class='ocrx_word' id='word_1_82' title='bbox 328 922 337 947; x_wconf 91' lang='lat'>:</span> <span class='ocrx_word' id='word_1_83' title='bbox 361 903 437 947; x_wconf 89' lang='lat' dir='ltr'>sed</span> <span class='ocrx_word' id='word_1_84' title='bbox 459 913 605 948; x_wconf 87' lang='lat' dir='ltr'>tamen</span> <span class='ocrx_word' id='word_1_85' title='bbox 620 904 750 963; x_wconf 86' lang='lat' dir='ltr'>elegit</span> <span class='ocrx_word' id='word_1_86' title='bbox 767 905 915 950; x_wconf 90' lang='lat' dir='ltr'>fidem.</span> <span class='ocrx_word' id='word_1_87' title='bbox 942 907 1054 959; x_wconf 83' lang='lat' dir='ltr'>Quia</span> <span class='ocrx_word' id='word_1_88' title='bbox 1072 907 1152 950; x_wconf 90' lang='lat' dir='ltr'>nisi</span> <span class='ocrx_word' id='word_1_89' title='bbox 1174 908 1358 967; x_wconf 89' lang='lat' dir='ltr'>quisque</span> <span class='ocrx_word' id='word_1_90' title='bbox 1376 923 1470 952; x_wconf 88' lang='lat' dir='ltr'>cre-</span> 
     </span>
     <span class='ocr_line' id='line_1_11' title="bbox 79 969 1469 1034; baseline 0.005 -20"><span class='ocrx_word' id='word_1_91' title='bbox 79 969 153 1015; x_wconf 90' lang='lat' dir='ltr'>dat</span> <span class='ocrx_word' id='word_1_92' title='bbox 173 971 218 1015; x_wconf 89' lang='lat' dir='ltr'>in</span> <span class='ocrx_word' id='word_1_93' title='bbox 241 987 368 1028; x_wconf 86' lang='lat' dir='ltr'>eum,</span> <span class='ocrx_word' id='word_1_94' title='bbox 400 982 443 1016; x_wconf 91' lang='lat' dir='ltr'>et</span> <span class='ocrx_word' id='word_1_95' title='bbox 476 973 522 1017; x_wconf 91' lang='lat' dir='ltr'>in</span> <span class='ocrx_word' id='word_1_96' title='bbox 550 974 791 1032; x_wconf 86' lang='lat' dir='ltr'>accipiendi</span> <span class='ocrx_word' id='word_1_97' title='bbox 822 974 1050 1019; x_wconf 89' lang='lat' dir='ltr'>voluntate</span> <span class='ocrx_word' id='word_1_98' title='bbox 1074 986 1353 1034; x_wconf 88' lang='lat' dir='ltr'>permaneat,</span> <span class='ocrx_word' id='word_1_99' title='bbox 1379 992 1469 1021; x_wconf 91' lang='lat' dir='ltr'>non</span> 
     </span>
     <span class='ocr_line' id='line_1_12' title="bbox 79 1040 1469 1106; baseline 0.004 -22"><span class='ocrx_word' id='word_1_100' title='bbox 79 1040 234 1099; x_wconf 89' lang='lat' dir='ltr'>accipit</span> <span class='ocrx_word' id='word_1_101' title='bbox 253 1040 420 1086; x_wconf 91' lang='lat' dir='ltr'>donum</span> <span class='ocrx_word' id='word_1_102' title='bbox 446 1043 544 1097; x_wconf 90' lang='lat' dir='ltr'>Dei,</span> <span class='ocrx_word' id='word_1_103' title='bbox 567 1044 611 1087; x_wconf 91' lang='lat' dir='ltr'>id</span> <span class='ocrx_word' id='word_1_104' title='bbox 630 1053 720 1099; x_wconf 92' lang='lat' dir='ltr'>est,</span> <span class='ocrx_word' id='word_1_105' title='bbox 747 1044 955 1103; x_wconf 85' lang='lat' dir='ltr'>Spiritum</span> <span class='ocrx_word' id='word_1_106' title='bbox 979 1055 1176 1090; x_wconf 89' lang='lat' dir='ltr'>sanctum</span> <span class='ocrx_word' id='word_1_107' title='bbox 1195 1081 1205 1101; x_wconf 92' lang='lat'>,</span> <span class='ocrx_word' id='word_1_108' title='bbox 1240 1061 1317 1105; x_wconf 90' lang='lat' dir='ltr'>per</span> <span class='ocrx_word' id='word_1_109' title='bbox 1336 1062 1469 1106; x_wconf 89' lang='lat' dir='ltr'>quem</span> 
     </span>
     <span class='ocr_line' id='line_1_13' title="bbox 79 1110 1469 1174; baseline 0.004 -20"><span class='ocrx_word' id='word_1_110' title='bbox 79 1110 234 1155; x_wconf 82' lang='lat' dir='ltr'>diffusa</span> <span class='ocrx_word' id='word_1_111' title='bbox 257 1113 466 1157; x_wconf 83' lang='lat' dir='ltr'>charitate</span> <span class='ocrx_word' id='word_1_112' title='bbox 504 1113 670 1158; x_wconf 89' lang='lat' dir='ltr'>bonum</span> <span class='ocrx_word' id='word_1_113' title='bbox 694 1115 827 1173; x_wconf 85' lang='lat' dir='ltr'>possit</span> <span class='ocrx_word' id='word_1_114' title='bbox 861 1114 1045 1174; x_wconf 78' lang='lat' dir='ltr'>operari.</span> <span class='ocrx_word' id='word_1_115' title='bbox 1088 1118 1186 1161; x_wconf 91' lang='lat' dir='ltr'>Non</span> <span class='ocrx_word' id='word_1_116' title='bbox 1217 1132 1318 1174; x_wconf 86' lang='lat' dir='ltr'>ergo</span> <span class='ocrx_word' id='word_1_117' title='bbox 1341 1116 1469 1174; x_wconf 87' lang='lat' dir='ltr'>elegit</span> 
     </span>
     <span class='ocr_line' id='line_1_14' title="bbox 79 1183 1468 1245; baseline 0.004 -21"><span class='ocrx_word' id='word_1_118' title='bbox 79 1184 191 1225; x_wconf 90' lang='lat' dir='ltr'>Deus</span> <span class='ocrx_word' id='word_1_119' title='bbox 223 1196 351 1240; x_wconf 82' lang='lat' dir='ltr'>opera</span> <span class='ocrx_word' id='word_1_120' title='bbox 373 1183 630 1242; x_wconf 86' lang='lat' dir='ltr'>cujusquam</span> <span class='ocrx_word' id='word_1_121' title='bbox 654 1183 699 1227; x_wconf 91' lang='lat' dir='ltr'>in</span> <span class='ocrx_word' id='word_1_122' title='bbox 721 1184 990 1242; x_wconf 85' lang='lat' dir='ltr'>praescientia</span> <span class='ocrx_word' id='word_1_123' title='bbox 1006 1219 1017 1240; x_wconf 90' lang='lat'>,</span> <span class='ocrx_word' id='word_1_124' title='bbox 1042 1202 1142 1245; x_wconf 62' lang='lat' dir='ltr'>quae</span> <span class='ocrx_word' id='word_1_125' title='bbox 1165 1187 1255 1245; x_wconf 84' lang='lat' dir='ltr'>ipse</span> <span class='ocrx_word' id='word_1_126' title='bbox 1286 1185 1468 1230; x_wconf 89' lang='lat' dir='ltr'>daturus</span> 
     </span>
     <span class='ocr_line' id='line_1_15' title="bbox 79 1251 1468 1315; baseline 0.004 -21"><span class='ocrx_word' id='word_1_127' title='bbox 79 1260 141 1295; x_wconf 90' lang='lat' dir='ltr'>est</span> <span class='ocrx_word' id='word_1_128' title='bbox 162 1272 173 1308; x_wconf 75' lang='lat'><em>3</em></span> <span class='ocrx_word' id='word_1_129' title='bbox 195 1251 271 1295; x_wconf 90' lang='lat' dir='ltr'>sed</span> <span class='ocrx_word' id='word_1_130' title='bbox 294 1251 423 1295; x_wconf 88' lang='lat' dir='ltr'>fidem</span> <span class='ocrx_word' id='word_1_131' title='bbox 447 1252 575 1310; x_wconf 89' lang='lat' dir='ltr'>elegit</span> <span class='ocrx_word' id='word_1_132' title='bbox 603 1254 647 1297; x_wconf 87' lang='lat' dir='ltr'>in</span> <span class='ocrx_word' id='word_1_133' title='bbox 666 1255 940 1312; x_wconf 85' lang='lat' dir='ltr'>praescientia</span> <span class='ocrx_word' id='word_1_134' title='bbox 967 1275 974 1298; x_wconf 94' lang='lat'>:</span> <span class='ocrx_word' id='word_1_135' title='bbox 1002 1265 1051 1299; x_wconf 86' lang='lat' dir='ltr'>ut</span> <span class='ocrx_word' id='word_1_136' title='bbox 1072 1271 1205 1315; x_wconf 87' lang='lat' dir='ltr'>quem</span> <span class='ocrx_word' id='word_1_137' title='bbox 1226 1257 1305 1299; x_wconf 86' lang='lat' dir='ltr'>sibi</span> <span class='ocrx_word' id='word_1_138' title='bbox 1325 1257 1468 1300; x_wconf 87' lang='lat' dir='ltr'>credi-</span> 
     </span>
     <span class='ocr_line' id='line_1_16' title="bbox 80 1322 1467 1383; baseline 0.004 -19"><span class='ocrx_word' id='word_1_139' title='bbox 80 1329 226 1365; x_wconf 91' lang='lat' dir='ltr'>turum</span> <span class='ocrx_word' id='word_1_140' title='bbox 259 1335 348 1364; x_wconf 88' lang='lat' dir='ltr'>esse</span> <span class='ocrx_word' id='word_1_141' title='bbox 368 1322 610 1380; x_wconf 83' lang='lat' dir='ltr'>praescivit,</span> <span class='ocrx_word' id='word_1_142' title='bbox 636 1323 779 1381; x_wconf 92' lang='lat' dir='ltr'>ipsum</span> <span class='ocrx_word' id='word_1_143' title='bbox 809 1323 989 1381; x_wconf 86' lang='lat' dir='ltr'>elegerit</span> <span class='ocrx_word' id='word_1_144' title='bbox 1010 1325 1081 1368; x_wconf 91' lang='lat' dir='ltr'>cui</span> <span class='ocrx_word' id='word_1_145' title='bbox 1105 1326 1313 1383; x_wconf 90' lang='lat' dir='ltr'>Spiritum</span> <span class='ocrx_word' id='word_1_146' title='bbox 1340 1341 1467 1370; x_wconf 86' lang='lat' dir='ltr'>sanc-</span> 
     </span>
     <span class='ocr_line' id='line_1_17' title="bbox 81 1390 1468 1450; baseline 0.004 -16"><span class='ocrx_word' id='word_1_147' title='bbox 81 1399 171 1435; x_wconf 90' lang='lat' dir='ltr'>tum</span> <span class='ocrx_word' id='word_1_148' title='bbox 194 1390 332 1446; x_wconf 84' lang='lat' dir='ltr'>daret,</span> <span class='ocrx_word' id='word_1_149' title='bbox 350 1400 400 1435; x_wconf 82' lang='lat' dir='ltr'>ut</span> <span class='ocrx_word' id='word_1_150' title='bbox 416 1392 530 1436; x_wconf 85' lang='lat' dir='ltr'>bona</span> <span class='ocrx_word' id='word_1_151' title='bbox 546 1392 766 1450; x_wconf 85' lang='lat' dir='ltr'>operando</span> <span class='ocrx_word' id='word_1_152' title='bbox 784 1393 913 1436; x_wconf 86' lang='lat' dir='ltr'>etiam</span> <span class='ocrx_word' id='word_1_153' title='bbox 933 1394 1065 1437; x_wconf 90' lang='lat' dir='ltr'>vitam</span> <span class='ocrx_word' id='word_1_154' title='bbox 1086 1403 1292 1438; x_wconf 82' lang='lat' dir='ltr'>aeternam</span> <span class='ocrx_word' id='word_1_155' title='bbox 1316 1411 1468 1440; x_wconf 88' lang='lat' dir='ltr'>conse-</span> 
     </span>
     <span class='ocr_line' id='line_1_18' title="bbox 79 1460 1467 1524; baseline 0.004 -20"><span class='ocrx_word' id='word_1_156' title='bbox 79 1469 285 1520; x_wconf 87' lang='lat' dir='ltr'>queretur</span> <span class='ocrx_word' id='word_1_157' title='bbox 303 1462 333 1503; x_wconf 85' lang='lat'>¹.</span> <span class='ocrx_word' id='word_1_158' title='bbox 359 1461 473 1504; x_wconf 88' lang='lat' dir='ltr'>Dicit</span> <span class='ocrx_word' id='word_1_159' title='bbox 492 1461 609 1504; x_wconf 90' lang='lat' dir='ltr'>enim</span> <span class='ocrx_word' id='word_1_160' title='bbox 638 1460 872 1519; x_wconf 83' lang='lat' dir='ltr'>Apostolus</span> <span class='ocrx_word' id='word_1_161' title='bbox 892 1478 902 1504; x_wconf 93' lang='grc'>.·</span> <span class='ocrx_word' id='word_1_162' title='bbox 933 1481 952 1503; x_wconf 92' lang='lat'>«</span> <span class='ocrx_word' id='word_1_163' title='bbox 980 1461 1103 1506; x_wconf 90' lang='lat' dir='ltr'>Idem</span> <span class='ocrx_word' id='word_1_164' title='bbox 1126 1467 1239 1508; x_wconf 90' lang='lat' dir='ltr'>Deus</span> <span class='ocrx_word' id='word_1_165' title='bbox 1261 1465 1337 1524; x_wconf 91' lang='lat' dir='ltr'>qui</span> <span class='ocrx_word' id='word_1_166' title='bbox 1359 1480 1467 1524; x_wconf 91' lang='lat' dir='ltr'>ope—</span> 
     </span>
    </p>
   </div>
   <div class='ocr_carea' id='block_1_3' title="bbox 82 1531 1542 1594">
    <p class='ocr_par' dir='ltr' id='par_1_3' title="bbox 82 1531 1542 1594">
     <span class='ocr_line' id='line_1_19' title="bbox 82 1531 1542 1594; baseline 0.005 -21"><span class='ocrx_word' id='word_1_167' title='bbox 82 1549 102 1573; x_wconf 90' lang='lat'>»</span> <span class='ocrx_word' id='word_1_168' title='bbox 139 1541 257 1576; x_wconf 84' lang='lat' dir='ltr'>ratur</span> <span class='ocrx_word' id='word_1_169' title='bbox 294 1531 438 1576; x_wconf 88' lang='lat' dir='ltr'>omnia</span> <span class='ocrx_word' id='word_1_170' title='bbox 459 1532 504 1575; x_wconf 91' lang='lat' dir='ltr'>in</span> <span class='ocrx_word' id='word_1_171' title='bbox 534 1531 781 1576; x_wconf 69' lang='lat' dir='ltr'>omnibus‘2.</span> <span class='ocrx_word' id='word_1_172' title='bbox 810 1534 1076 1592; x_wconf 88' lang='lat' dir='ltr'>»Nusquam</span> <span class='ocrx_word' id='word_1_173' title='bbox 1112 1543 1259 1578; x_wconf 87' lang='lat' dir='ltr'>autem</span> <span class='ocrx_word' id='word_1_174' title='bbox 1299 1535 1468 1580; x_wconf 86' lang='lat' dir='ltr'>dictum</span> <span class='ocrx_word' id='word_1_175' title='bbox 1527 1581 1542 1594; x_wconf 62' lang='grc'>,</span> 
     </span>
    </p>
   </div>
   <div class='ocr_carea' id='block_1_4' title="bbox 80 1600 1473 2502">
    <p class='ocr_par' dir='ltr' id='par_1_4' title="bbox 80 1600 1473 2502">
     <span class='ocr_line' id='line_1_20' title="bbox 81 1600 1465 1662; baseline 0.003 -16"><span class='ocrx_word' id='word_1_176' title='bbox 81 1610 158 1656; x_wconf 90' lang='lat' dir='ltr'>est,</span> <span class='ocrx_word' id='word_1_177' title='bbox 179 1604 293 1646; x_wconf 89' lang='lat' dir='ltr'>Deus</span> <span class='ocrx_word' id='word_1_178' title='bbox 314 1600 450 1646; x_wconf 88' lang='lat' dir='ltr'>credit</span> <span class='ocrx_word' id='word_1_179' title='bbox 473 1601 618 1645; x_wconf 87' lang='lat' dir='ltr'>omnia</span> <span class='ocrx_word' id='word_1_180' title='bbox 641 1602 687 1644; x_wconf 92' lang='lat' dir='ltr'>in</span> <span class='ocrx_word' id='word_1_181' title='bbox 710 1602 929 1646; x_wconf 88' lang='lat' dir='ltr'>omnibus.</span> <span class='ocrx_word' id='word_1_182' title='bbox 949 1602 1079 1655; x_wconf 89' lang='lat' dir='ltr'>Quod</span> <span class='ocrx_word' id='word_1_183' title='bbox 1102 1619 1206 1662; x_wconf 89' lang='lat' dir='ltr'>ergo</span> <span class='ocrx_word' id='word_1_184' title='bbox 1229 1605 1465 1661; x_wconf 88' lang='lat' dir='ltr'>eredimus,</span> 
     </span>
     <span class='ocr_line' id='line_1_21' title="bbox 80 1671 1469 1735; baseline 0.003 -19"><span class='ocrx_word' id='word_1_185' title='bbox 80 1681 277 1716; x_wconf 89' lang='lat' dir='ltr'>nostrum</span> <span class='ocrx_word' id='word_1_186' title='bbox 314 1680 377 1715; x_wconf 86' lang='lat' dir='ltr'>est</span> <span class='ocrx_word' id='word_1_187' title='bbox 406 1690 413 1714; x_wconf 93' lang='lat'>:</span> <span class='ocrx_word' id='word_1_188' title='bbox 440 1671 561 1730; x_wconf 89' lang='lat' dir='ltr'>quod</span> <span class='ocrx_word' id='word_1_189' title='bbox 584 1680 730 1715; x_wconf 89' lang='lat' dir='ltr'>autem</span> <span class='ocrx_word' id='word_1_190' title='bbox 754 1671 921 1715; x_wconf 87' lang='lat' dir='ltr'>bonum</span> <span class='ocrx_word' id='word_1_191' title='bbox 960 1688 1212 1732; x_wconf 84' lang='lat' dir='ltr'>operamur,</span> <span class='ocrx_word' id='word_1_192' title='bbox 1253 1674 1368 1719; x_wconf 89' lang='lat' dir='ltr'>illius</span> <span class='ocrx_word' id='word_1_193' title='bbox 1392 1677 1469 1735; x_wconf 82' lang='lat' dir='ltr'>qui</span> 
     </span>
     <span class='ocr_line' id='line_1_22' title="bbox 81 1739 1468 1799; baseline 0.002 -14"><span class='ocrx_word' id='word_1_194' title='bbox 81 1740 356 1785; x_wconf 89' lang='lat' dir='ltr'>credentibus</span> <span class='ocrx_word' id='word_1_195' title='bbox 378 1740 423 1783; x_wconf 92' lang='lat' dir='ltr'>in</span> <span class='ocrx_word' id='word_1_196' title='bbox 442 1755 485 1784; x_wconf 91' lang='lat' dir='ltr'>se</span> <span class='ocrx_word' id='word_1_197' title='bbox 503 1739 578 1784; x_wconf 88' lang='lat' dir='ltr'>dat</span> <span class='ocrx_word' id='word_1_198' title='bbox 593 1740 800 1799; x_wconf 86' lang='lat' dir='ltr'>Spiritum</span> <span class='ocrx_word' id='word_1_199' title='bbox 821 1750 1034 1785; x_wconf 83' lang='lat' dir='ltr'>sanctum.</span> <span class='ocrx_word' id='word_1_200' title='bbox 1049 1745 1143 1786; x_wconf 88' lang='lat' dir='ltr'>Hoc</span> <span class='ocrx_word' id='word_1_201' title='bbox 1160 1752 1306 1786; x_wconf 88' lang='lat' dir='ltr'>autem</span> <span class='ocrx_word' id='word_1_202' title='bbox 1326 1759 1468 1788; x_wconf 78' lang='lat' dir='ltr'>exem-</span> 
     </span>
     <span class='ocr_line' id='line_1_23' title="bbox 82 1810 1467 1870; baseline 0.001 -15"><span class='ocrx_word' id='word_1_203' title='bbox 82 1811 203 1870; x_wconf 88' lang='lat' dir='ltr'>plum</span> <span class='ocrx_word' id='word_1_204' title='bbox 225 1810 488 1870; x_wconf 85' lang='lat' dir='ltr'>quibusdam</span> <span class='ocrx_word' id='word_1_205' title='bbox 506 1810 667 1854; x_wconf 83' lang='lat' dir='ltr'>Judaeis</span> <span class='ocrx_word' id='word_1_206' title='bbox 689 1811 909 1869; x_wconf 83' lang='lat' dir='ltr'>objectum</span> <span class='ocrx_word' id='word_1_207' title='bbox 931 1820 1016 1865; x_wconf 87' lang='lat' dir='ltr'>est,</span> <span class='ocrx_word' id='word_1_208' title='bbox 1043 1812 1118 1869; x_wconf 82' lang='lat' dir='ltr'>qui</span> <span class='ocrx_word' id='word_1_209' title='bbox 1136 1813 1306 1857; x_wconf 89' lang='lat' dir='ltr'>Christo</span> <span class='ocrx_word' id='word_1_210' title='bbox 1324 1815 1467 1857; x_wconf 87' lang='lat' dir='ltr'>credi-</span> 
     </span>
     <span class='ocr_line' id='line_1_24' title="bbox 83 1879 1468 1938; baseline 0.002 -14"><span class='ocrx_word' id='word_1_211' title='bbox 83 1880 267 1936; x_wconf 85' lang='lat' dir='ltr'>derunt,</span> <span class='ocrx_word' id='word_1_212' title='bbox 292 1889 335 1924; x_wconf 84' lang='lat' dir='ltr'>et</span> <span class='ocrx_word' id='word_1_213' title='bbox 356 1879 411 1923; x_wconf 88' lang='lat' dir='ltr'>de</span> <span class='ocrx_word' id='word_1_214' title='bbox 434 1879 638 1938; x_wconf 86' lang='lat' dir='ltr'>operibus</span> <span class='ocrx_word' id='word_1_215' title='bbox 661 1888 761 1923; x_wconf 88' lang='lat' dir='ltr'>ante</span> <span class='ocrx_word' id='word_1_216' title='bbox 781 1881 963 1938; x_wconf 82' lang='lat' dir='ltr'>gratiam</span> <span class='ocrx_word' id='word_1_217' title='bbox 987 1880 1286 1938; x_wconf 84' lang='lat' dir='ltr'>gloriabantur</span> <span class='ocrx_word' id='word_1_218' title='bbox 1305 1917 1315 1937; x_wconf 94' lang='lat'>,</span> <span class='ocrx_word' id='word_1_219' title='bbox 1336 1892 1378 1927; x_wconf 88' lang='lat' dir='ltr'>et</span> <span class='ocrx_word' id='word_1_220' title='bbox 1401 1884 1468 1927; x_wconf 83' lang='lat' dir='ltr'>di-</span> 
     </span>
     <span class='ocr_line' id='line_1_25' title="bbox 84 1948 1467 2011; baseline 0.002 -17"><span class='ocrx_word' id='word_1_221' title='bbox 84 1950 240 1994; x_wconf 84' lang='lat' dir='ltr'>cebant</span> <span class='ocrx_word' id='word_1_222' title='bbox 274 1964 317 1992; x_wconf 89' lang='lat' dir='ltr'>se</span> <span class='ocrx_word' id='word_1_223' title='bbox 355 1950 492 2008; x_wconf 89' lang='lat' dir='ltr'>ipsam</span> <span class='ocrx_word' id='word_1_224' title='bbox 532 1948 754 2007; x_wconf 82' lang='lat' dir='ltr'>Evangelii</span> <span class='ocrx_word' id='word_1_225' title='bbox 788 1949 968 2007; x_wconf 81' lang='lat' dir='ltr'>gratiam</span> <span class='ocrx_word' id='word_1_226' title='bbox 1002 1965 1079 2008; x_wconf 90' lang='lat' dir='ltr'>per</span> <span class='ocrx_word' id='word_1_227' title='bbox 1100 1966 1176 1994; x_wconf 89' lang='lat' dir='ltr'>sua</span> <span class='ocrx_word' id='word_1_228' title='bbox 1198 1950 1314 1995; x_wconf 86' lang='lat' dir='ltr'>bona</span> <span class='ocrx_word' id='word_1_229' title='bbox 1337 1968 1467 2011; x_wconf 82' lang='lat' dir='ltr'>opera</span> 
     </span>
     <span class='ocr_line' id='line_1_26' title="bbox 83 2018 1468 2081; baseline 0.001 -17"><span class='ocrx_word' id='word_1_230' title='bbox 83 2019 369 2080; x_wconf 65' lang='lat' dir='ltr'>praecedentia</span> <span class='ocrx_word' id='word_1_231' title='bbox 392 2019 610 2074; x_wconf 86' lang='lat' dir='ltr'>meruisse,</span> <span class='ocrx_word' id='word_1_232' title='bbox 636 2033 738 2062; x_wconf 91' lang='lat' dir='ltr'>cum</span> <span class='ocrx_word' id='word_1_233' title='bbox 761 2018 877 2063; x_wconf 84' lang='lat' dir='ltr'>bona</span> <span class='ocrx_word' id='word_1_234' title='bbox 899 2034 1028 2078; x_wconf 84' lang='lat' dir='ltr'>opera</span> <span class='ocrx_word' id='word_1_235' title='bbox 1046 2020 1089 2063; x_wconf 87' lang='lat' dir='ltr'>in</span> <span class='ocrx_word' id='word_1_236' title='bbox 1109 2019 1231 2064; x_wconf 89' lang='lat' dir='ltr'>nullo</span> <span class='ocrx_word' id='word_1_237' title='bbox 1253 2036 1342 2065; x_wconf 81' lang='lat' dir='ltr'>esse</span> <span class='ocrx_word' id='word_1_238' title='bbox 1368 2038 1468 2081; x_wconf 87' lang='lat' dir='ltr'>pos-</span> 
     </span>
     <span class='ocr_line' id='line_1_27' title="bbox 86 2089 1471 2149; baseline 0.001 -15"><span class='ocrx_word' id='word_1_239' title='bbox 86 2092 194 2145; x_wconf 86' lang='lat' dir='ltr'>sint,</span> <span class='ocrx_word' id='word_1_240' title='bbox 220 2090 298 2134; x_wconf 90' lang='lat' dir='ltr'>nisi</span> <span class='ocrx_word' id='word_1_241' title='bbox 320 2090 396 2149; x_wconf 83' lang='lat' dir='ltr'>qui</span> <span class='ocrx_word' id='word_1_242' title='bbox 417 2089 629 2148; x_wconf 78' lang='lat' dir='ltr'>acceperit</span> <span class='ocrx_word' id='word_1_243' title='bbox 648 2089 845 2148; x_wconf 82' lang='lat' dir='ltr'>gratiam.</span> <span class='ocrx_word' id='word_1_244' title='bbox 873 2092 949 2133; x_wconf 86' lang='lat' dir='ltr'>Est</span> <span class='ocrx_word' id='word_1_245' title='bbox 972 2099 1118 2134; x_wconf 80' lang='lat' dir='ltr'>autem</span> <span class='ocrx_word' id='word_1_246' title='bbox 1143 2090 1277 2148; x_wconf 86' lang='lat' dir='ltr'>gratia</span> <span class='ocrx_word' id='word_1_247' title='bbox 1293 2126 1304 2144; x_wconf 86' lang='lat'>,</span> <span class='ocrx_word' id='word_1_248' title='bbox 1323 2101 1372 2135; x_wconf 87' lang='lat' dir='ltr'>ut</span> <span class='ocrx_word' id='word_1_249' title='bbox 1394 2107 1471 2136; x_wconf 94' lang='lat' dir='ltr'>vo-</span> 
     </span>
     <span class='ocr_line' id='line_1_28' title="bbox 87 2161 1471 2220; baseline 0.001 -14"><span class='ocrx_word' id='word_1_250' title='bbox 87 2162 198 2206; x_wconf 86' lang='lat' dir='ltr'>catio</span> <span class='ocrx_word' id='word_1_251' title='bbox 220 2161 436 2220; x_wconf 85' lang='lat' dir='ltr'>peccatori</span> <span class='ocrx_word' id='word_1_252' title='bbox 458 2169 751 2220; x_wconf 64' lang='lat' dir='ltr'>praerogetur,</span> <span class='ocrx_word' id='word_1_253' title='bbox 775 2176 875 2205; x_wconf 89' lang='lat' dir='ltr'>cum</span> <span class='ocrx_word' id='word_1_254' title='bbox 899 2162 989 2220; x_wconf 79' lang='lat' dir='ltr'>ejus</span> <span class='ocrx_word' id='word_1_255' title='bbox 1025 2161 1176 2205; x_wconf 84' lang='lat' dir='ltr'>merita</span> <span class='ocrx_word' id='word_1_256' title='bbox 1215 2161 1334 2204; x_wconf 83' lang='lat' dir='ltr'>nulla</span> <span class='ocrx_word' id='word_1_257' title='bbox 1353 2197 1363 2215; x_wconf 89' lang='lat'>‚</span> <span class='ocrx_word' id='word_1_258' title='bbox 1391 2163 1471 2207; x_wconf 89' lang='lat' dir='ltr'>nisi</span> 
     </span>
     <span class='ocr_line' id='line_1_29' title="bbox 89 2230 1470 2290; baseline 0.001 -16"><span class='ocrx_word' id='word_1_259' title='bbox 89 2231 141 2275; x_wconf 83' lang='lat' dir='ltr'>ad</span> <span class='ocrx_word' id='word_1_260' title='bbox 163 2230 485 2275; x_wconf 85' lang='lat' dir='ltr'>damnationem</span> <span class='ocrx_word' id='word_1_261' title='bbox 503 2231 814 2290; x_wconf 86' lang='lat' dir='ltr'>praeccsserint.</span> <span class='ocrx_word' id='word_1_262' title='bbox 841 2231 971 2284; x_wconf 88' lang='lat' dir='ltr'>Quod</span> <span class='ocrx_word' id='word_1_263' title='bbox 993 2231 1026 2274; x_wconf 85' lang='lat' dir='ltr'>si</span> <span class='ocrx_word' id='word_1_264' title='bbox 1047 2241 1224 2275; x_wconf 85' lang='lat' dir='ltr'>vocatus</span> <span class='ocrx_word' id='word_1_265' title='bbox 1243 2241 1470 2276; x_wconf 85' lang='lat' dir='ltr'>vocantem</span> 
     </span>
     <span class='ocr_line' id='line_1_30' title="bbox 90 2300 1472 2361; baseline -0.001 -16"><span class='ocrx_word' id='word_1_266' title='bbox 90 2311 261 2346; x_wconf 82' lang='lat' dir='ltr'>secutus</span> <span class='ocrx_word' id='word_1_267' title='bbox 283 2300 434 2356; x_wconf 85' lang='lat' dir='ltr'>suerit,</span> <span class='ocrx_word' id='word_1_268' title='bbox 461 2301 580 2361; x_wconf 85' lang='lat' dir='ltr'>quod</span> <span class='ocrx_word' id='word_1_269' title='bbox 597 2302 759 2360; x_wconf 85' lang='lat' dir='ltr'>estjam</span> <span class='ocrx_word' id='word_1_270' title='bbox 785 2302 828 2344; x_wconf 89' lang='lat' dir='ltr'>in</span> <span class='ocrx_word' id='word_1_271' title='bbox 850 2301 989 2345; x_wconf 81' lang='lat' dir='ltr'>libero</span> <span class='ocrx_word' id='word_1_272' title='bbox 1012 2301 1208 2355; x_wconf 83' lang='lat' dir='ltr'>arbitrio,</span> <span class='ocrx_word' id='word_1_273' title='bbox 1235 2302 1472 2346; x_wconf 79' lang='lat' dir='ltr'>merebitur</span> 
     </span>
     <span class='ocr_line' id='line_1_31' title="bbox 92 2372 1473 2430; baseline 0.001 -17"><span class='ocrx_word' id='word_1_274' title='bbox 92 2381 133 2415; x_wconf 85' lang='lat' dir='ltr'>ct</span> <span class='ocrx_word' id='word_1_275' title='bbox 156 2372 360 2430; x_wconf 82' lang='lat' dir='ltr'>Spiritum</span> <span class='ocrx_word' id='word_1_276' title='bbox 384 2380 580 2414; x_wconf 83' lang='lat' dir='ltr'>sanctum</span> <span class='ocrx_word' id='word_1_277' title='bbox 599 2406 609 2425; x_wconf 90' lang='lat'>,</span> <span class='ocrx_word' id='word_1_278' title='bbox 644 2387 719 2429; x_wconf 81' lang='lat' dir='ltr'>per</span> <span class='ocrx_word' id='word_1_279' title='bbox 741 2387 872 2430; x_wconf 80' lang='lat' dir='ltr'>quem</span> <span class='ocrx_word' id='word_1_280' title='bbox 898 2372 1007 2415; x_wconf 80' lang='lat' dir='ltr'>bona</span> <span class='ocrx_word' id='word_1_281' title='bbox 1031 2372 1162 2429; x_wconf 83' lang='lat' dir='ltr'>possit</span> <span class='ocrx_word' id='word_1_282' title='bbox 1201 2373 1396 2430; x_wconf 78' lang='lat' dir='ltr'>operari,</span> <span class='ocrx_word' id='word_1_283' title='bbox 1431 2373 1473 2414; x_wconf 84' lang='lat' dir='ltr'>in</span> 
     </span>
     <span class='ocr_line' id='line_1_32' title="bbox 92 2441 1472 2502; baseline 0.001 -18"><span class='ocrx_word' id='word_1_284' title='bbox 92 2458 178 2501; x_wconf 80' lang='lat' dir='ltr'>quo</span> <span class='ocrx_word' id='word_1_285' title='bbox 205 2457 486 2501; x_wconf 78' lang='lat' dir='ltr'>permanens,</span> <span class='ocrx_word' id='word_1_286' title='bbox 521 2441 670 2502; x_wconf 82' lang='lat' dir='ltr'>(quod</span> <span class='ocrx_word' id='word_1_287' title='bbox 708 2443 844 2487; x_wconf 88' lang='lat' dir='ltr'>nihilo</span> <span class='ocrx_word' id='word_1_288' title='bbox 873 2443 1013 2485; x_wconf 84' lang='lat' dir='ltr'>minus</span> <span class='ocrx_word' id='word_1_289' title='bbox 1036 2452 1099 2486; x_wconf 79' lang='lat' dir='ltr'>cst</span> <span class='ocrx_word' id='word_1_290' title='bbox 1122 2445 1165 2486; x_wconf 86' lang='lat' dir='ltr'>in</span> <span class='ocrx_word' id='word_1_291' title='bbox 1197 2442 1334 2486; x_wconf 65' lang='lat' dir='ltr'>libero</span> <span class='ocrx_word' id='word_1_292' title='bbox 1356 2443 1472 2486; x_wconf 81' lang='lat' dir='ltr'>arbi-</span> 
     </span>
    </p>
   </div>
   <div class='ocr_carea' id='block_1_5' title="bbox 96 2538 1473 2634">
    <p class='ocr_par' dir='ltr' id='par_1_5' title="bbox 96 2538 1473 2634">
     <span class='ocr_line' id='line_1_33' title="bbox 152 2538 1473 2578; baseline -0.001 -9"><span class='ocrx_word' id='word_1_293' title='bbox 152 2544 159 2561; x_wconf 91' lang='lat'>¹</span> <span class='ocrx_word' id='word_1_294' title='bbox 185 2549 194 2569; x_wconf 87' lang='lat'>1</span> <span class='ocrx_word' id='word_1_295' title='bbox 216 2542 355 2570; x_wconf 64' lang='lat' dir='ltr'>lit-linet.</span> <span class='ocrx_word' id='word_1_296' title='bbox 382 2549 517 2578; x_wconf 74' lang='lat' dir='ltr'>xx111,u‚</span> <span class='ocrx_word' id='word_1_297' title='bbox 539 2547 572 2578; x_wconf 74' lang='lat'>2,</span> <span class='ocrx_word' id='word_1_298' title='bbox 593 2541 625 2569; x_wconf 74' lang='lat' dir='ltr'>ct</span> <span class='ocrx_word' id='word_1_299' title='bbox 644 2538 698 2570; x_wconf 80' lang='lat' dir='ltr'>lib.</span> <span class='ocrx_word' id='word_1_300' title='bbox 720 2549 728 2569; x_wconf 83' lang='lat'>1</span> <span class='ocrx_word' id='word_1_301' title='bbox 747 2539 786 2569; x_wconf 77' lang='lat' dir='ltr'>dc</span> <span class='ocrx_word' id='word_1_302' title='bbox 811 2540 956 2570; x_wconf 49' lang='lat' dir='ltr'>[nat-dmi,</span> <span class='ocrx_word' id='word_1_303' title='bbox 981 2541 1035 2570; x_wconf 67' lang='lat'>55.</span> <span class='ocrx_word' id='word_1_304' title='bbox 1065 2549 1136 2578; x_wconf 72' lang='lat' dir='ltr'>cup.</span> <span class='ocrx_word' id='word_1_305' title='bbox 1160 2539 1176 2570; x_wconf 69' lang='lat'>3</span> <span class='ocrx_word' id='word_1_306' title='bbox 1196 2538 1270 2570; x_wconf 55' lang='lat' dir='ltr'>dit-it</span> <span class='ocrx_word' id='word_1_307' title='bbox 1291 2550 1324 2570; x_wconf 65' lang='lat' dir='ltr'>&gt;c</span> <span class='ocrx_word' id='word_1_308' title='bbox 1348 2539 1397 2569; x_wconf 72' lang='lat' dir='ltr'>liic</span> <span class='ocrx_word' id='word_1_309' title='bbox 1419 2549 1473 2569; x_wconf 69' lang='lat' dir='ltr'>vr-</span> 
     </span>
     <span class='ocr_line' id='line_1_34' title="bbox 96 2596 535 2634; baseline -0.005 -9"><span class='ocrx_word' id='word_1_310' title='bbox 96 2604 187 2625; x_wconf 71' lang='lat' dir='ltr'>rufisu.</span> <span class='ocrx_word' id='word_1_311' title='bbox 208 2610 248 2616; x_wconf 87' lang='lat'>--</span> <span class='ocrx_word' id='word_1_312' title='bbox 269 2600 281 2617; x_wconf 83' lang='lat'>²</span> <span class='ocrx_word' id='word_1_313' title='bbox 298 2603 316 2625; x_wconf 68' lang='grc' dir='ltr'>ἰ</span> <span class='ocrx_word' id='word_1_314' title='bbox 337 2596 408 2625; x_wconf 71' lang='lat' dir='ltr'>Cor.</span> <span class='ocrx_word' id='word_1_315' title='bbox 428 2605 485 2634; x_wconf 83' lang='lat' dir='ltr'>xu,</span> <span class='ocrx_word' id='word_1_316' title='bbox 506 2598 535 2626; x_wconf 76' lang='grc'>6.</span> 
     </span>
    </p>
   </div>
  </div>
 </body>
</html>
