1924 3309
506 240 586 280 174
928 254 960 280 s.
997 251 1227 281 AUGUSTINI
1261 255 1441 282 EPISCOP1

501 326 544 362 ct
565 317 650 362 tale
665 317 831 379 aliquid
850 317 1107 376 dilexeritis3
1127 334 1226 362 cum
1244 319 1337 379 ipso
1355 317 1523 363 mundo
1539 318 1672 368 vultis
1694 318 1756 362 ire
1773 327 1864 371 extr

499 387 739 443 mundum,
780 388 932 433 tollere
967 390 1194 434 vobiscum
1218 389 1347 433 vultis
1377 389 1607 433 mundum.
1644 391 1743 435 Non
1763 404 1871 435 erun

499 460 559 503 ibi
581 461 674 505 ista.
691 464 784 504 Lux
800 461 863 504 ibi
881 461 962 504 erit
981 461 1200 520 quaedam,
1226 460 1345 506 unde
1362 462 1446 506 hoc
1467 470 1584 506 rorat
1600 461 1746 510 nescio
1764 461 1883 521 quid,

499 531 620 591 quod
653 530 784 575 modo
807 530 1090 588 intelligimus
1107 565 1118 584 ,
1155 540 1198 574 et
1225 530 1480 590 gaudemus.
1521 531 1605 576 Sed
1626 532 1660 575 si
1680 531 1885 587 habemus

499 601 849 646 benedictionem
873 617 895 645 a
917 616 1013 644 rore
1030 600 1129 645 coeli
1149 636 1160 656 ‚
1186 601 1398 645 habemus
1421 599 1740 651 abundantiam
1758 617 1782 647 a
1803 600 1885 655 fera

499 671 655 717 tilitate
692 681 818 721 terrae
845 691 853 716 ;
879 671 938 715 sic
973 680 1037 714 est
1066 671 1184 714 enim
1214 670 1473 715 benedictus
1505 671 1643 720 Jacob
1671 690 1680 715 :
1709 671 1765 716 ad
1790 686 1886 730 eum

498 744 815 804 pertineamus,
840 752 884 787 et
904 758 994 787 non
1016 742 1246 789 carnaliter
1263 743 1461 788 vivamus
1475 744 1506 785 ¹.
1533 743 1641 796 Quia
1663 743 1889 802 unusquisa

501 830 588 875 que
611 814 765 874 incipit
782 813 1013 858 carnaliter
1034 813 1178 858 vivere
1193 848 1203 868 ‚
1231 812 1491 874 ideoymajor
1510 812 1652 857 dictus
1675 822 1739 858 est
1760 813 1887 869 Esaii.

501 889 596 931 Duo
623 888 898 937 Testamenta
917 885 1125 930 dicuntur
1147 886 1192 929 in
1214 888 1352 944 Lege,
1373 900 1512 929 unum
1535 887 1671 930 Vetus
1689 920 1700 941 ,
1726 894 1770 930 et
1787 885 1888 938 altef-

507 973 603 1002 rum
638 959 854 1003 Novum2.
896 959 1031 1001 Vetus
1057 957 1363 1017 promissiones
1386 956 1579 1000 habebat
1609 956 1868 1016 temporales

504 1028 579 1073 sed
601 1028 933 1087 significationes
954 1027 1180 1087 spiritales.
1209 1026 1414 1071 Intendat
1437 1028 1635 1072 Charitas
1657 1030 1823 1072 Vestra.
1852 1029 1888 1085 S,

499 1099 707 1159 promissa
731 1108 795 1143 est
811 1101 834 1142 J
841 1098 973 1142 udaeis
991 1107 1104 1142 terra
1124 1098 1483 1157 repromissionis,
1501 1098 1715 1156 significat
1727 1097 1869 1158 aliqui

500 1169 749 1228 spiritaliter
785 1178 898 1213 terra
929 1168 1307 1228 repromissionis:
1332 1169 1366 1212 si
1398 1168 1608 1227 promissa
1631 1177 1696 1211 est
1728 1167 1894 1221 Judaeisi
1920 1192 1924 1199 ι

499 1240 647 1285 civitas
670 1240 785 1299 pacis
804 1237 1070 1293 Jerusalem,
1100 1238 1313 1295 significat
1335 1236 1502 1297 aliquid
1524 1252 1684 1282 nomen
1708 1237 1889 1290 civitatis

500 1309 741 1353 Jerusalem
768 1329 777 1354 ι
805 1309 838 1353 si
860 1309 961 1352 data
985 1317 1048 1352 est
1067 1311 1090 1352 J
1097 1307 1231 1351 udaeis
1250 1308 1520 1352 circumcisio
1543 1308 1683 1352 carnis
1699 1341 1710 1363 ,
1733 1307 1895 1365 signifi-⁴
1922 1309 1924 1337 ³

499 1389 568 1424 cat
590 1379 780 1439 aliquam
802 1378 1039 1439 spiritalem
1070 1379 1442 1423 circumcisionem
1465 1398 1473 1424 ι
1501 1379 1534 1423 si
1549 1379 1658 1439 jussi
1687 1388 1788 1423 sunt
1810 1381 1888 1424 Ju-

499 1450 583 1494 daei
605 1439 744 1495 unuin
766 1449 881 1494 diem
911 1450 1145 1494 sabbatum
1167 1450 1397 1494 observare
1421 1448 1476 1493 de
1509 1458 1674 1508 septem
1707 1448 1886 1506 diebus,

501 1520 713 1578 significat
734 1520 971 1580 spiritalem
1004 1520 1218 1580 quietem,
1245 1536 1344 1580 quae
1376 1536 1465 1564 non
1488 1520 1622 1564 habet
1648 1535 1886 1579 vesperam.

502 1593 609 1636 Nam
631 1600 673 1635 et
696 1591 740 1634 in
758 1591 858 1650 ipsis
881 1600 1046 1650 septem
1070 1590 1222 1636 diebus
1238 1625 1248 1645 ‚
1269 1592 1314 1634 in
1338 1590 1494 1635 Genesi
1510 1591 1557 1633 in
1578 1590 1782 1635 omnibus
1803 1590 1924 1658 ‘¹³23‘

502 1662 584 1706 lius
606 1661 775 1706 dictum
799 1671 892 1706 est:
923 1664 1055 1705 Facta
1076 1670 1139 1705 est
1173 1677 1349 1721 vespera
1378 1681 1386 1706 ε
1419 1662 1464 1706 in
1487 1661 1671 1721 septimo
1704 1660 1774 1706 die
1806 1659 1906 1715 non¹

503 1732 677 1788 dicitur,
702 1737 833 1777 Facta
852 1741 915 1776 est
937 1748 1130 1791 vespera.
1165 1734 1356 1791 Septimo
1376 1732 1445 1776 die
1463 1733 1539 1793 qui
1561 1747 1786 1789 vesperam
1807 1744 1894 1785 non

503 1804 639 1847 habet
654 1839 664 1859 ‚
691 1804 959 1862 significatur
979 1803 1105 1846 nobis
1140 1803 1308 1856 requies
1331 1799 1595 1857 sempiterna
1611 1834 1622 1853 ‚
1649 1800 1728 1843 ubi
1749 1801 1899 1858 nullust

503 1883 567 1918 est
589 1890 765 1919 occasus
780 1876 810 1913 3.
841 1875 882 1914 Si
904 1873 1005 1912 data
1028 1877 1129 1912 sunt
1157 1869 1363 1912 sacrificia
1391 1872 1415 1913 J
1421 1870 1559 1914 udaeis
1582 1871 1769 1916 carnalia
1784 1907 1794 1926 ,
1820 1886 1899 1931 per:

505 1943 699 1986 victimas
723 1939 974 1984 animalium
1003 1939 1147 1982 omnia
1177 1939 1423 1997 significant
1441 1940 1647 1985 sacrificia
1671 1928 1908 2027 spiritalia!

505 2015 622 2071 Ergo
639 2012 716 2072 qui
739 2012 798 2055 sic
815 2010 1144 2065 intellexerunt,
1166 2011 1289 2069 quasi
1316 2026 1499 2070 praesens
1520 2011 1604 2056 illis
1629 2011 1793 2073 aliquid
1815 2013 1909 2058 da-v

505 2093 627 2127 retur
653 2099 732 2143 pro
754 2097 936 2141 magno,
964 2090 1007 2125 et
1030 2080 1231 2125 futurum
1251 2081 1358 2125 nihil
1380 2082 1674 2142 quaesierunt,
1701 2100 1779 2129 nec
1808 2084 1893 2144 spi-,-

506 2154 691 2198 ritaliter
721 2168 770 2197 ea
793 2168 892 2214 quae
914 2151 1145 2196 carnaliter
1182 2152 1426 2210 agebantur
1443 2187 1453 2207 ,
1478 2152 1720 2213 intelligere
1746 2154 1893 2206 valueff

508 2235 626 2279 runt,
642 2224 697 2269 ad
719 2225 924 2284 majorem
943 2223 1081 2267 filium
1099 2223 1332 2282 pertinent,
1352 2223 1406 2268 ad
1421 2226 1556 2268 Vetus
1573 2227 1903 2278 Testamentum

507 2296 740 2355 pertinent.
1906 2305 1911 2351 1

569 2367 646 2408 IX.
679 2367 814 2409 Vetus
847 2365 963 2408 enim
997 2366 1319 2407 Testamentum
1346 2372 1409 2407 est
1431 2365 1654 2424 promissio
1676 2367 1859 2424 figurata
1879 2355 1912 2454 :t

507 2439 679 2482 Novum
711 2438 1036 2479 Testamentum
1059 2442 1122 2477 est
1143 2433 1368 2492 promissio
1390 2434 1638 2493 spiritaliter
1654 2436 1886 2481 intellecta.
1908 2458 1912 2476 ι

509 2510 619 2553 Cum
644 2506 760 2551 enim
782 2506 1021 2551 Jerusalem
1043 2520 1141 2565 quae
1158 2503 1247 2549 fuit
1267 2505 1312 2549 in
1330 2513 1447 2550 terra
1463 2541 1474 2561 ,
1498 2507 1712 2565 pertineat
1729 2506 1784 2553 ad
1805 2510 1886 2552 Ve·
1909 2477 1913 2540 l

1910 2546 1913 2555 ι

555 2598 563 2615 ¹
583 2594 661 2625 Gen.
688 2601 791 2633 xxvii,
813 2589 867 2624 28.
888 2607 931 2614 —
951 2596 964 2615 2
980 2590 1027 2624 ld.
1050 2598 1125 2631 xxv,
1144 2590 1197 2623 23.
1215 2587 1348 2622 ...314
1374 2601 1399 2632 1,
1418 2589 1451 2632 5,
1470 2593 1535 2624 etc.

1910 2556 1914 2695 ι

1910 2703 1914 2761 1

1910 2766 1914 2949 l
