1867 3320
425 281 563 311 SERMO
596 281 638 309 v.
674 280 728 308 m:
761 276 1026 309 memnona
1057 278 1194 310 neon.
1419 272 1501 311 205

125 368 145 392 »
180 357 233 394 tae
256 355 357 393 sunt
373 346 729 392 benedictiones?
749 344 935 391 benedic
957 354 1000 390 et
1020 361 1090 391 me
1114 364 1123 390 z
1151 346 1226 401 ait,
1246 348 1358 392 Cum
1378 347 1505 393 illum

123 438 144 462 »
178 418 310 465 talem
339 417 445 474 feci,
478 418 559 463 tibi
583 416 692 478 quid
713 417 854 462 habeo
872 415 988 461 dare.
1015 418 1072 460 Et
1094 414 1201 460 dixit
1218 451 1229 470 ,
1259 417 1446 462 Benedic
1463 426 1506 462 et

125 510 144 533 »
180 507 248 535 me
265 499 401 551 pater.
426 485 524 535 »Et
546 489 738 545 extorsit,
757 498 800 534 et
816 488 983 548 accepit
998 486 1346 532 benedictionem
1371 504 1506 549 prope

121 561 304 608 similem
320 596 331 615 ‚
354 577 377 606 a
396 577 492 606 roro
514 560 615 605 coeli
631 569 675 604 et
695 559 918 605 fertilitate
934 568 1061 604 terrae
1080 573 1254 603 omnem
1272 558 1505 603 abundan-

121 634 239 678 tiam.
269 635 327 677 Et
361 632 546 692 subjecit
581 632 724 677 statim
752 651 760 676 ;
791 650 811 673 «
835 634 891 675 Et
911 630 1068 675 servies
1090 628 1212 674 fratri
1232 639 1323 674 tuo.
1350 632 1407 674 Et
1428 631 1509 674 erit

124 723 144 746 »
180 703 259 748 tibi
281 703 340 747 sic
358 738 370 758 ,
393 718 495 747 cum
517 702 694 747 solveris
713 703 871 762 jugum
890 702 980 761 ejus
1003 717 1027 745 a
1044 701 1210 745 cervice
1228 709 1318 744 tua.
1348 718 1367 741 »
1395 700 1509 753 Quid

122 784 185 820 est
206 773 318 818 illud
339 774 461 834 quod
483 774 650 819 dictum
673 783 736 818 est
758 792 767 818 ε
797 792 816 815 «
842 776 898 819 Et
920 773 1002 816 erit
1029 772 1106 816 tibi
1131 773 1216 828 sic,
1246 787 1346 817 cum
1369 771 1511 816 solve-

126 864 145 887 »
183 846 237 890 ris
249 846 406 905 jugum
431 846 522 905 ejus
545 861 567 888 a
591 844 757 889 cervice
774 853 872 897 tua,
901 861 920 884 »
946 843 1026 887 nisi
1049 843 1152 903 quia
1169 843 1360 887 ostendit
1381 841 1477 887 illos
1496 877 1507 897 ,

123 931 233 976 quos
252 916 365 960 Esaii
387 914 713 975 praefigurabat,
739 915 798 959 sic
818 929 907 958 esse
929 923 1192 973 peccatores,
1218 922 1268 958 ut
1295 913 1341 957 in
1363 922 1510 973 potes-

124 996 210 1031 tate
227 986 439 1031 haberent
457 1021 467 1041 ,
494 995 537 1030 et
553 986 598 1029 in
621 985 760 1030 libero
784 985 961 1029 arbitrio
978 1019 988 1039 ,
1015 985 1175 1029 mutari
1195 994 1238 1029 et
1260 983 1384 1028 fratri
1403 1000 1510 1028 eon-

117 1058 274 1118 jungi?

182 1130 232 1171 V.
246 1128 469 1172 Attendite
492 1128 763 1186 mysterium.
779 1130 892 1172 Ecce
907 1126 1090 1171 Judaeus
1111 1141 1261 1170 servus
1284 1135 1347 1171 est
1369 1127 1511 1172 Chris-

125 1199 242 1243 tiani.
260 1201 315 1243 Et
331 1199 414 1243 hoc
434 1197 712 1243 manifestum
733 1207 812 1254 est,
828 1207 871 1242 et
885 1197 1083 1258 implevit
1106 1198 1254 1242 orbem
1278 1206 1507 1251 terrarum,

122 1270 233 1314 sicut
254 1270 432 1314 videtis,
461 1270 612 1314 Jacob.
635 1273 692 1314 Et
715 1279 764 1314 ut
781 1270 987 1314 noveritis
1009 1269 1110 1328 quia
1136 1268 1394 1313 dicebantur
1412 1269 1508 1323 ista,

123 1339 392 1386 considerate
406 1340 542 1399 ipsam
565 1340 788 1384 historiam
804 1375 814 1395 ,
841 1349 884 1384 et
905 1340 1051 1383 videte
1073 1339 1175 1399 quia
1199 1354 1287 1382 non
1306 1349 1408 1383 sunt
1430 1339 1512 1382 im-

122 1411 236 1470 pleta
257 1411 302 1454 in
324 1410 423 1469 ipsis
441 1410 637 1454 duobus:
657 1411 794 1469 Major
811 1410 967 1454 serviet
984 1410 1140 1453 minori
1156 1412 1185 1452 ¹.
1210 1409 1376 1453 Ditatus
1395 1409 1511 1453 enim

119 1481 278 1540 legitur
300 1481 415 1524 'Esaii
438 1480 627 1525 multum
645 1516 655 1535 ,
676 1489 719 1524 et
741 1495 921 1539 regnare
941 1481 1077 1540 coepit
1098 1481 1142 1523 in
1165 1489 1255 1524 tota
1278 1480 1512 1524 abundan-

121 1552 192 1596 tia.
221 1551 328 1595 Ille'2
348 1560 493 1595 autem
518 1551 681 1605 Jacob,
703 1560 754 1595 ut
776 1560 970 1611 pasceret
998 1567 1099 1596 oves
1123 1551 1298 1596 alienas.
1328 1555 1385 1596 Et
1409 1568 1510 1596 eum

121 1622 321 1682 coepisset
343 1621 483 1665 redire
499 1657 510 1677 ,
533 1631 576 1666 et
599 1622 750 1666 timere
773 1621 950 1666 fratrem
975 1638 1104 1666 suum
1123 1658 1134 1677 ,
1161 1623 1272 1667 sicut
1296 1623 1430 1667 modo
1447 1623 1511 1667 le-

123 1693 305 1751 gebatur
320 1727 330 1747 ,
356 1692 489 1736 mittit
511 1707 691 1736 munera
715 1693 858 1736 nescio
876 1702 1037 1752 quanta
1063 1708 1287 1751 pecorum,
1313 1694 1446 1738 mittit
1468 1703 1512 1738 ct

122 1778 293 1808 servum
316 1764 391 1823 qui
422 1763 538 1808 dicat
563 1783 572 1808 ι
608 1783 627 1805 «
654 1766 767 1808 Ecce
796 1779 975 1807 munera
1000 1763 1142 1808 fratris
1175 1764 1236 1808 tui
1254 1766 1284 1809 ³.
1314 1783 1333 1805 »
1363 1764 1512 1810 Noluit

122 1850 222 1879 eum
245 1833 417 1890 videre,
441 1835 561 1894 prius
598 1850 728 1895 quam
766 1835 1021 1879 muneribus
1054 1834 1271 1894 placaret,
1296 1846 1339 1880 et
1362 1846 1510 1895 postea

123 1905 246 1948 illum
271 1904 455 1963 acceptis
478 1905 733 1948 muneribus
756 1904 880 1948 vidit.
902 1908 958 1948 Et
980 1920 1078 1948 eum
1099 1906 1153 1948 ad
1173 1921 1272 1949 eum
1289 1907 1424 1950 Jacob
1444 1922 1510 1950 ve·

125 1975 252 2019 nisset
269 2009 279 2028 ,
301 1974 496 2018 adoravit
518 1989 618 2017 eum
637 1990 660 2018 a
683 1974 826 2032 longe.
854 1975 1087 2026 Quomodo
1110 1990 1233 2032 crgo,
1260 1977 1397 2035 Major
1419 1992 1509 2020 ser-

124 2045 210 2089 viet
232 2044 420 2098 minori,
457 2044 635 2104 quando
675 2044 816 2088 minor
850 2043 1023 2088 videtur
1060 2044 1239 2088 adorare
1271 2047 1510 2104 majorem?

126 2115 207 2160 Sed
232 2114 329 2159 ideo
351 2115 429 2159 ista
454 2116 495 2158 in
520 2115 695 2160 historia
719 2131 807 2159 non
831 2124 933 2158 sunt
954 2115 1154 2174 impleta,
1189 2125 1235 2160 ut
1259 2115 1509 2175 intelligan-

125 2195 195 2230 tur
228 2185 282 2228 de
316 2184 464 2229 futuro
499 2185 628 2229 dicta.
659 2186 802 2229 Minor
833 2185 945 2228 iilius
979 2187 1143 2245 accepit
1183 2186 1441 2245 primatum,
1467 2197 1510 2231 et

126 2258 259 2315 maj0r
288 2255 400 2299 filius
424 2254 610 2314 perdidit
632 2257 884 2314 primatum.
915 2259 1023 2299 Ecce
1050 2257 1184 2301 Jacob
1203 2257 1397 2316 implevit
1421 2267 1508 2302 tei*-

127 2342 237 2381 ram,
276 2327 414 2370 tenuit
449 2335 597 2384 gentes
635 2336 677 2370 ct
714 2342 841 2385 regna
861 2328 891 2369 ·¹.
925 2327 1057 2370 jussit
1094 2331 1330 2386 imperator
1369 2344 1509 2372 ronia-

127 2414 205 2441 nu:‚
227 2399 415 2456 (1)‚j:1m
442 2397 700 2440 christianus
716 2433 726 2451 ,
762 2407 807 2440 iit
839 2397 891 2440 ad
914 2397 1044 2451 ipsam
1070 2398 1308 2442 jerusalem
1333 2415 1419 2443 non
1439 2416 1507 2443 nt:-

126 2469 328 2513 cedei-cni
351 2468 508 2512 Judoei.
532 2472 585 2512 Et
607 2470 738 2528 sparsi
761 2484 834 2527 per
858 2469 1008 2511 orbem
1031 2479 1262 2523 terrarum,
1287 2471 1385 2514 iacti
1407 2481 1508 2516 sunt

195 2573 200 2586 ¹
223 2569 290 2596 (in-n
324 2575 428 2605 xxxvn,
451 2576 476 2606 7⁴
504 2582 541 2587 ——
563 2572 573 2587 ⁹
598 2566 699 2596 Forte
720 2564 773 2595 ilii⁴
800 2582 804 2585 -
827 2582 835 2586 -
860 2563 953 2594 '⁴1:011
993 2575 1092 2604 xxxii,
1113 2568 1154 2599 ιδ
1204 2584 1229 2587 ⁷-
1251 2567 1262 2594 -i
1288 2567 1363 2598 wilc
1382 2579 1410 2598 ιιι
1431 2568 1506 2599 psal.

128 2632 177 2661 u,
200 2620 250 2662 ¹4,
267 2626 297 2652 ct
318 2632 428 2663 m'i,9.
