1867 3320
335 290 473 322 sumno
504 294 632 335 xmv,
668 299 721 326 DE
755 300 898 330 venms
929 303 1072 347 mnae,
1108 311 1198 340 mn.
1359 309 1441 348 535

80 375 103 401 «
136 360 318 418 Propter
339 358 460 418 quod
481 369 524 406 et
539 364 691 407 avertit
711 380 769 409 se.
793 383 814 408 »
839 370 1006 414 Avertit
1026 388 1068 417 se
1089 390 1143 419 ne
1171 377 1294 424 illum
1315 383 1444 428 intel-

75 427 260 486 figerent
276 427 340 472 illi
361 429 438 488 qui
454 445 555 474 eum
573 434 894 492 crucifigebant.
919 457 939 482 «
965 443 1108 488 Facies
1133 447 1224 505 ejus
1248 449 1447 510 injuriata

78 517 100 543 >)
136 507 221 555 est,
245 514 326 544 nec
347 501 495 559 magni
513 503 721 548 aestimata
741 516 819 552 est.
845 526 866 550 >1

135 572 190 615 V.
215 588 235 612 «
256 571 337 615 Hic
357 571 628 618 infirmitates
649 584 814 622 nostras
832 588 991 638 portat,
1007 591 1051 627 et
1061 598 1140 643 pro
1156 587 1279 632 nobis
1300 590 1345 634 in
1367 591 1447 637 do-

78 659 100 683 »
134 639 302 686 loribus
327 652 391 686 est
423 661 432 686 :
458 651 502 687 et
530 659 607 688 nos
643 646 971 695 existimavimus
1002 651 1128 698 illum
1161 656 1206 699 in
1233 656 1450 706 doloribus

80 728 102 753 »
137 725 251 766 esse,
287 720 332 756 et
357 712 402 755 in
425 712 550 770 plaga
566 748 577 769 ‚
602 723 645 758 et
679 716 723 760 in
745 731 890 776 poena.
918 723 1014 779 Ipse
1034 733 1179 769 autem
1201 726 1449 776 vulneratus

78 799 100 824 »
135 790 198 825 est
219 791 397 841 propter
417 793 591 842 peccata
606 795 749 831 nostra
760 823 771 843 ,
787 798 830 833 et
847 790 1085 838 infirmatus
1101 804 1164 840 est
1178 800 1450 856 propterini-

79 870 100 894 »
134 852 321 912 quitates
342 862 523 898 nostras.
550 856 747 902 Eruditio
768 860 882 918 pacis
915 873 1072 908 nostrae
1097 866 1142 910 in
1163 882 1284 922 eum,
1316 868 1449 915 livore

78 940 100 964 »
134 923 227 982 ejus
240 925 377 968 sanati
394 939 558 969 sumus.
575 927 735 971 Omnes
746 937 795 973 ut
812 945 912 974 oves
926 934 1174 990 erravimus,
1191 946 1233 981 et
1245 939 1450 984 Dominus

78 1010 99 1034 »
133 992 315 1037 tradidit
336 992 460 1037 illum
480 1010 558 1053 pro
580 998 766 1053 peccatis
787 1000 941 1045 nostris
955 1003 986 1045 ¹.
1014 1020 1034 1043 »
1065 1006 1349 1062 Evangelium
1371 1019 1449 1064 est,

75 1077 131 1107 an
147 1062 404 1122 prophetia?
426 1063 543 1116 Quid
564 1064 717 1109 dicunt
738 1076 888 1112 contra
910 1069 989 1114 ista
1007 1073 1030 1114 J
1036 1071 1176 1116 udaei?
1196 1077 1349 1120 Nonne
1367 1079 1451 1121 mi-

74 1149 172 1178 rum
202 1143 267 1178 est
299 1134 449 1178 audire
478 1134 574 1180 illos
602 1135 706 1191 ista,
728 1137 889 1182 habere
922 1140 1018 1185 illos
1049 1142 1153 1198 ista,
1185 1144 1325 1204 legere
1358 1147 1452 1192 illos

73 1205 154 1250 ista
168 1240 180 1260 ‚
200 1221 290 1250 non
310 1206 502 1250 invenire
519 1207 574 1250 de
598 1222 687 1266 quo
710 1206 794 1252 dici
815 1210 1006 1267 potuerit
1024 1247 1035 1267 ,
1073 1213 1152 1257 nisi
1182 1214 1236 1258 de
1266 1216 1341 1261 illo
1362 1233 1450 1262 uno

73 1277 151 1337 qui
168 1277 214 1320 in
234 1276 470 1335 Evangelio
494 1276 753 1336 praedicatur
771 1294 848 1338 per
864 1281 1011 1325 orbem
1034 1291 1244 1328 terrarum
1262 1321 1272 1340 ‚
1298 1296 1339 1330 et
1370 1289 1449 1331 ad-

73 1348 161 1392 huc
180 1362 269 1391 non
292 1362 382 1390 esse
399 1348 685 1402 Christianos,
706 1347 781 1393 sed
803 1350 861 1394 sic
878 1350 972 1395 illos
993 1366 1082 1396 esse
1100 1369 1232 1398 caecos
1249 1355 1449 1402 adversus

73 1417 393 1463 evidentissima
428 1418 600 1478 eloquia
622 1420 965 1479 Prophetarum?
986 1422 1081 1468 Noli
1115 1426 1258 1470 mirari
1281 1429 1451 1472 caecita-

75 1499 162 1535 tem
184 1489 440 1534 Judaeorum
468 1489 523 1534 de
545 1490 715 1535 Christo
735 1510 743 1536 :
763 1494 874 1536 Ecce
892 1494 1041 1538 transit
1065 1497 1182 1554 quod
1208 1496 1365 1541 dicitur
1394 1498 1449 1543 de

74 1575 233 1621 sponso
249 1595 260 1615 ‚
282 1560 435 1619 incipit
457 1560 542 1605 diei
564 1570 606 1604 et
635 1560 690 1604 de
712 1577 891 1620 sponsa3
916 1572 959 1606 et
977 1564 1195 1623 quomodo
1221 1566 1264 1609 in
1293 1581 1448 1626 sponso

73 1630 298 1675 mirabaris
319 1631 558 1674 caecitatem
590 1630 844 1676 Judaeorum
860 1667 871 1687 ‚
898 1633 957 1677 sic
990 1634 1032 1677 in
1054 1649 1206 1693 sponsa
1232 1636 1452 1681 miraberis

74 1701 312 1747 caecitatem
332 1701 648 1745 haereticorum.

133 1775 210 1817 vl.
236 1775 333 1816 Jam
365 1771 496 1816 modo
513 1771 721 1815 miremur
752 1772 990 1816 caecitatem
1022 1772 1286 1819 Judaeorum.
1319 1795 1339 1817 «ι
1363 1779 1450 1822 Do-

76 1861 99 1886 »
133 1843 278 1887 minus
299 1843 480 1887 tradidit
500 1842 624 1886 illum
639 1857 718 1902 pro
739 1843 923 1901 peccatis
939 1844 1094 1887 nostris
1115 1863 1124 1889 :
1144 1853 1186 1889 et
1208 1846 1317 1904 ipse,
1341 1862 1451 1906 quo-

78 1933 98 1957 »
132 1914 248 1958 niam
278 1913 391 1957 male
423 1921 632 1957 tractatus
664 1923 753 1968 est,
784 1929 872 1958 non
903 1915 1068 1972 aperuit
1101 1929 1160 1958 os.
1194 1918 1249 1959 Ut
1281 1917 1369 1960 ovis
1397 1919 1451 1963 ad

77 2003 98 2027 »
133 1984 451 2028 immolandum
467 1983 625 2028 ductus
645 1992 707 2028 est
728 1993 802 2029 :ut
819 1998 950 2042 agnus
967 1992 1065 2028 ante
1087 1999 1184 2028 eum
1201 1986 1275 2044 qui
1293 2001 1336 2029 se
1355 1995 1450 2030 ton-

78 2073 99 2096 »
135 2055 257 2099 deret
281 2054 363 2098 fuit
385 2055 475 2098 sine
508 2069 629 2109 voce,
655 2054 714 2098 sic
742 2070 831 2098 non
863 2054 1029 2113 aperuit
1051 2069 1096 2097 os
1124 2069 1265 2098 suum.
1293 2058 1340 2099 In
1366 2057 1448 2100 hu-

78 2143 99 2167 »
133 2125 317 2169 militate
350 2124 564 2184 judicium
605 2124 697 2183 ejus
727 2122 945 2168 sublatum
982 2128 1089 2168 est’2.
1119 2141 1139 2164 υ
1165 2126 1219 2168 Et
1255 2139 1308 2168 ne
1342 2140 1449 2169 con-

75 2204 272 2249 temnas,
315 2215 334 2237 «
367 2194 701 2239 Generationem
743 2195 833 2253 ejus
872 2194 967 2253 quis
996 2193 1239 2237 enarrabit?
1265 2212 1285 2234 »
1310 2197 1448 2247 Quam

74 2266 428 2325 generationem?
467 2283 487 2306 «
525 2268 637 2309 Ante
659 2263 883 2308 luciferum
912 2265 1037 2321 genui
1062 2266 1151 2308 te³.
1180 2281 1200 2305 »
1236 2267 1344 2309 Ecce
1365 2281 1447 2310 una

78 2337 313 2396 generatio.
346 2338 458 2380 Ante
491 2334 743 2389 luciferum,
778 2343 875 2378 ante
897 2334 1038 2378 omnia
1063 2349 1161 2394 quae
1182 2333 1292 2379 facta
1320 2346 1448 2392 sunt,

79 2416 179 2452 ante
214 2421 364 2452 omnes
401 2404 615 2464 Angelos;
650 2414 751 2449 ante
781 2418 950 2448 omnem
990 2413 1243 2449 creaturam.
1285 2407 1452 2457 Quare?

84 2494 105 2520 α
140 2477 250 2530 Quia
275 2464 419 2520 omnia
441 2477 675 2535 peripsum
693 2475 802 2519 tacta
820 2483 919 2518 sunt
934 2474 964 2516 ⁴.
987 2491 1007 2514 »
1035 2473 1117 2518 Sed
1140 2473 1249 2518 {orte
1264 2475 1449 2520 secunda

81 2549 174 2608 ejus
188 2548 407 2606 generatio
422 2546 748 2599 narratur.Quis
760 2545 876 2589 illam
892 2546 1060 2588 narrat?
1076 2543 1181 2588 Fide
1194 2545 1449 2604 concipitur,

131 2638 139 2654 ¹
157 2632 230 2664 lsai.
250 2642 315 2671 ιιιι,
334 2630 406 2672 ΙΙ-(ῐ,
431 2648 467 2652 -
486 2638 498 2652 ⁷
514 2630 595 2662 ibid.
617 2640 649 2670 7,
673 2629 704 2661 8.
728 2646 764 2652 -
782 2628 794 2651 ³
811 2627 887 2660 ΡιεΙ.
911 2639 974 2665 cu,
995 2628 1013 2659 3
1051 2626 1316 2664 -⁴Jo=n.1.3.
