1924 3309
452 263 534 302 120
845 277 878 308 s.
915 278 1145 310 Aucusnm
1178 281 1358 309 Emscom

447 340 636 400 spiritale
655 346 950 403 commendat,
970 357 1021 392 ut
1036 348 1118 392 hoc
1140 348 1373 403 intuentes,
1395 347 1441 391 in
1461 346 1675 392 carnalem
1700 347 1827 393 timo-
1886 358 1889 398 ζ

447 427 538 457 rem
568 429 657 459 non
683 415 902 462 decidant.
931 438 951 461 «
976 421 1083 473 Quae
1115 433 1215 477 ergo
1252 417 1337 464 fuit
1356 454 1367 474 ,
1402 419 1567 480 inquit,
1601 418 1827 464 beatitudo
1886 460 1889 470 λ

450 501 470 524 »
505 488 678 531 vestra?
703 490 1015 534 Testimonium
1033 490 1148 533 enim
1164 490 1287 535 vobis
1309 489 1516 549 perhibeo
1530 525 1541 544 ,
1566 490 1773 550 quoniam
1793 491 1827 535 si
1886 534 1889 540 ,

448 572 468 596 ι)
503 556 596 600 fieri
618 567 777 617 posset,
799 559 948 604 oculos
965 569 1127 604 vestros
1145 561 1373 615 eruissetis,
1399 569 1442 604 et
1463 559 1684 605 dedissetis
1701 559 1822 605 mihi.
1888 551 1890 568 ³

443 643 467 668 ³»
500 629 616 685 Ergo
639 629 839 674 inimicus
862 630 1001 675 factus
1029 645 1126 674 sum
1159 631 1282 676 vobis
1299 665 1311 685 ‚
1336 645 1488 675 verum
1522 630 1646 675 vobis
1667 630 1828 690 praedi·
1886 685 1890 695 ¹

445 715 466 739 »
501 713 602 743 cans
623 701 634 723 ¹
650 701 669 743 Ξ)
685 718 705 741 »
730 701 1034 760 Respondetur
1056 701 1210 761 utique
1228 735 1240 756 ,
1259 702 1373 746 Non.
1400 699 1485 745 Sed
1506 700 1616 761 quid
1634 719 1654 743 «
1674 715 1827 745 verum
1887 702 1890 712 ¹

446 785 465 808 »
501 769 763 828 praedicans,
792 790 811 813 »
842 771 922 815 nisi
941 779 991 815 ut
1008 787 1098 816 non
1119 770 1516 816 circumcidantur?
1539 773 1596 815 Et
1611 769 1711 816 ideo
1727 771 1827 816 vide

440 839 547 898 quid
579 841 808 900 adjungit:
833 860 853 884 «
872 841 1155 887 AEmulantur
1187 857 1263 886 vos
1296 857 1388 886 non
1414 841 1556 885 bene2
1582 861 1590 885 :
1621 840 1708 886 »id
1737 850 1822 896 est,
1888 844 1892 886 ³.

440 910 637 956 invident
656 912 800 968 vobis,
825 913 901 974 qui
920 929 996 958 vos
1019 913 1211 958 carnales
1233 912 1288 957 de
1310 911 1570 972 spiritalibus
1588 911 1743 957 volunt
1760 911 1826 957 fa-
1889 938 1892 978 ᾗ

440 995 563 1036 cere,
601 983 683 1027 hoc
715 993 807 1039 est,
844 995 864 1025 ‹·‹
889 984 1152 1028 aemulantur
1175 999 1265 1028 non
1294 983 1424 1027 bene.
1451 982 1536 1027 Sed
1566 981 1822 1037 excludere,
1889 986 1893 1041 ξ’

442 1069 462 1091 »
496 1052 641 1114 inquit
656 1089 667 1110 ,
689 1070 763 1100 vos
785 1054 963 1110 volunt,
989 1064 1039 1099 ut
1060 1054 1156 1099 illos
1179 1053 1460 1108 aemulemini,
1480 1072 1499 1094 »
1517 1053 1600 1098 hoc
1623 1061 1708 1108 est,
1728 1053 1826 1097 imi-
1888 1045 1892 1078 ²

439 1124 619 1169 temini:
646 1125 895 1186 quomodo,
939 1126 1019 1170 nisi
1057 1134 1107 1169 ut
1135 1124 1353 1169 servitutis
1384 1125 1491 1184 jugo
1524 1123 1822 1177 attineamini,
1889 1133 1893 1189 ἶ

439 1193 549 1238 sicut
577 1196 656 1254 ipsi
683 1197 953 1241 attinentur?
980 1216 1000 1238 «
1027 1198 1198 1240 Bonum
1227 1203 1373 1239 autem
1393 1229 1404 1250 ‚
1431 1194 1517 1249 ait,
1550 1193 1746 1238 aemulari
1781 1194 1825 1237 in
1889 1195 1893 1246 ἶ

442 1282 461 1303 »
498 1265 616 1310 bono
649 1269 862 1326 semper3.
897 1285 916 1308 υ
943 1266 1049 1310 Vult
1077 1266 1192 1310 enim
1214 1275 1265 1310 ut
1294 1279 1462 1324 semper
1484 1264 1626 1324 ipsum
1647 1263 1825 1308 imiten-
1889 1258 1892 1271 ⁸

438 1345 509 1379 tur
529 1357 540 1393 3
575 1347 754 1396 propter
776 1339 860 1382 hoc
880 1337 1050 1382 addidit
1071 1357 1080 1382 ε
1110 1356 1130 1380 «
1151 1339 1208 1382 Et
1229 1351 1320 1381 non
1352 1336 1494 1380 solum
1516 1350 1616 1380 cum
1637 1350 1824 1395 praesens
1890 1331 1893 1374 ἕ

440 1425 460 1448 »
496 1422 591 1451 sum
613 1409 731 1467 apud
752 1424 842 1454 vos.
865 1427 885 1450 »
915 1411 1027 1454 Cum
1053 1409 1170 1452 euim
1192 1407 1396 1467 praesenti
1430 1406 1579 1452 oculos
1600 1421 1699 1451 suos
1721 1406 1824 1451 dare
1889 1417 1893 1454 ἑ

436 1479 600 1525 vellent
617 1515 628 1535 ,
649 1479 801 1540 utique
820 1480 962 1538 ipsum
980 1478 1254 1523 conabantur
1276 1477 1462 1532 imitari,
1488 1491 1621 1537 quem
1641 1477 1699 1522 ita
1722 1476 1823 1522 dili-

438 1569 464 1590 σ
605 1586 613 1595 .

438 1554 753 1667 t'eggitXVHL
779 1619 849 1665 Ad
870 1620 953 1663 hoc
984 1617 1090 1663 dicit
1115 1618 1244 1661 etiam
1266 1636 1274 1661 ε
1297 1615 1442 1661 Filioli
1461 1616 1576 1671 mei,
1606 1634 1626 1657 »
1651 1625 1701 1661 ut
1721 1625 1822 1661 tan-

437 1710 569 1756 quam
587 1701 811 1753 parentem
830 1691 982 1749 utique
1004 1689 1246 1742 imitentur,
1270 1706 1290 1730 «
1312 1690 1430 1741 Quos
1452 1687 1627 1742 iterum,
1647 1687 1793 1747 inquit
1808 1723 1820 1743 ,

438 1788 458 1809 »
494 1765 715 1826 parturio,
741 1763 880 1807 donec
903 1761 1099 1806 Christus
1121 1758 1333 1804 formetur
1364 1759 1410 1802 in
1436 1758 1561 1803 vobis
1578 1761 1609 1802 ⁴.
1641 1775 1660 1799 »
1685 1760 1822 1818 Magis

436 1840 521 1883 hoc
540 1852 590 1880 ex
612 1849 794 1895 persona
816 1832 963 1876 matris
992 1830 1195 1875 Ecclesiae
1214 1829 1386 1874 locutus
1410 1839 1472 1874 est
1495 1849 1503 1874 :
1529 1843 1632 1874 nam
1653 1839 1697 1873 et
1719 1829 1822 1874 alibi

437 1911 542 1955 dicit
564 1929 573 1954 ε
594 1929 613 1950 «
631 1911 789 1952 Factus
811 1919 905 1948 sum
924 1901 1131 1962 parvulus
1152 1902 1198 1945 in
1216 1900 1361 1945 medio
1377 1910 1567 1946 vestrum
1580 1935 1592 1955 ,
1612 1909 1821 1960 tanquam

440 2003 460 2025 »
497 1982 531 2026 si
549 1978 695 2024 nutrix
710 1977 855 2022 foveat
873 1973 983 2018 filios
1003 1987 1102 2017 suos
1118 1974 1149 2016 ⁵.
1174 1990 1194 2013 »
1211 1975 1442 2016 Formatur
1460 1980 1606 2015 autem
1625 1970 1821 2016 Christus

434 2058 480 2100 in
500 2052 706 2099 credente
737 2064 814 2109 per
835 2046 967 2091 fidem
987 2045 1034 2088 in
1066 2043 1268 2088 interiore
1291 2042 1468 2087 homine
1484 2076 1495 2097 ,
1519 2050 1674 2086 vocato
1697 2042 1741 2085 in
1763 2041 1820 2086 li-

440 2130 649 2171 bertatem
672 2120 836 2180 gratiae,
862 2117 955 2161 miti
979 2124 1022 2159 et
1041 2113 1197 2158 humili
1216 2113 1362 2168 corde,
1387 2128 1477 2157 non
1498 2127 1541 2157 se
1552 2113 1743 2173 jactante
1764 2113 1819 2158 de

437 2211 617 2257 operum
635 2191 797 2237 meritis
812 2225 823 2243 ,
847 2203 946 2249 quae
965 2185 1085 2231 nulla
1102 2193 1232 2242 sunt3
1252 2183 1328 2229 sed
1349 2184 1403 2228 ab
1421 2184 1511 2243 ipsa
1533 2184 1667 2242 gratia
1688 2185 1818 2228 meri-

439 2277 529 2313 tum
568 2261 745 2324 aliquod
783 2261 1016 2305 inchoante
1035 2292 1046 2312 ,
1086 2270 1218 2316 quem
1249 2254 1382 2315 possit
1418 2254 1562 2299 dicere
1583 2255 1815 2299 minimum

438 2353 587 2391 suum,
611 2335 659 2379 id
679 2342 742 2378 est
761 2368 771 2388 ,
798 2347 841 2376 se
861 2332 1003 2390 ipsum
1021 2364 1031 2383 ‚
1060 2326 1133 2371 ille
1154 2327 1230 2387 qui
1253 2327 1311 2370 ait
1338 2346 1347 2371 :
1375 2345 1396 2368 «
1415 2327 1529 2371 Cum
1549 2326 1666 2370 enim
1684 2325 1813 2371 fecis-

440 2430 460 2452 »
496 2410 548 2453 tis
565 2407 641 2451 uni
662 2421 712 2449 ex
730 2402 918 2448 minimis
939 2400 1061 2455 meis,
1075 2399 1182 2442 mihi
1203 2396 1360 2442 fecistis
1373 2398 1405 2440 ⁶.
1417 2415 1437 2438 »
1451 2399 1681 2441 Formatur
1699 2398 1815 2442 enim

434 2480 630 2528 Christus
650 2476 697 2520 in
717 2490 784 2529 eo,
801 2474 876 2535 qui
896 2473 1080 2517 formam
1098 2469 1252 2529 accipit
1267 2468 1423 2514 Christi
1438 2488 1446 2513 2
1462 2468 1645 2513 formam
1667 2477 1814 2512 autem

481 2584 491 2600 ¹
515 2576 617 2609 Galat.
640 2585 682 2613 iv,
704 2572 755 2613 15,
779 2574 874 2603 16.-
895 2577 908 2592 ²
927 2569 1007 2602 ibid.
1033 2578 1127 2608 17.—
1145 2565 1249 2599 3Ibid.
1272 2564 1493 2599 18.—-41bid.
1516 2576 1564 2608 19·
1586 2563 1802 2599 -51Thess.

432 2644 471 2675 n,
489 2644 519 2675 7.
543 2650 581 2654 ——
601 2630 615 2650 ’ἶ
636 2629 735 2661 Matth
771 2638 842 2667 (xv,
863 2626 915 2667 40.
