1867 3320
332 314 471 343 SERMO
501 317 628 357 xmv,
671 321 724 347 DE
753 321 902 361 ymnis
935 324 1075 364 ISAIAE,
1111 329 1202 355 Lm.
1370 322 1447 357 537

78 376 181 411 sunt
202 367 355 413 divites
376 385 454 428 pro
481 381 616 416 morte
637 375 727 433 ejus
751 395 759 419 ;
781 376 976 436 sepelivit
1000 395 1251 440 pauperem,
1291 385 1332 427 in
1367 401 1453 444 qno

79 437 250 483 divitias
295 440 556 498 requirebat.
606 445 720 502 Ergo
735 479 746 498 ,
784 465 805 487 «
848 447 1008 491 Divites
1052 460 1227 509 propter
1274 464 1453 497 mortem

83 526 103 549 »
139 509 244 567 ejus.
287 526 307 549 »
348 510 478 562 Quod
512 521 658 570 postea
696 514 828 568 dixit,
851 518 991 575 primo
1028 518 1187 564 lactum
1218 532 1277 566 est
1305 545 1311 566 ;
1338 525 1454 582 quod

77 578 218 637 primo
247 578 380 634 dixit,
414 590 562 640 postea
594 581 757 628 factum
790 596 867 631 est.
903 588 1084 633 «Malos
1117 606 1194 649 pro
1236 593 1451 651 sepultura

80 665 101 690 »
136 649 242 708 ejus.
281 667 301 690 »
329 649 414 694 Ubi
451 652 747 697 ostendimus?
781 659 1057 703 Intraverunt
1085 660 1225 704 Judaei
1257 663 1310 705 ad
1346 664 1454 706 Pila-

77 726 169 763 tum
185 753 196 769 ,
237 728 280 763 et
316 718 519 765 dixerunt
546 722 584 765 ei
622 742 630 767 :
668 743 688 765 «
724 726 928 781 Domine,
966 728 1207 773 audivimus
1249 732 1348 789 quia
1386 732 1456 775 ille

79 805 100 829 »
135 788 330 847 planus2‚
364 789 409 834 id
446 800 528 846 est,
569 791 640 836 ille
676 794 905 853 impostor,
942 797 1048 841 dixit
1080 800 1303 858 Discipulis
1342 803 1424 844 suis
1442 837 1451 853 ,

79 876 99 900 »
133 859 236 919 quia
259 871 576 906 resurrecturus
592 864 671 907 erit
694 866 855 910 occisus
878 887 885 910 :
902 868 1009 926 jube
1024 870 1294 914 custodiatur
1313 872 1454 929 sepul·

78 947 99 971 »
134 944 256 974 crum
277 965 288 985 ‚
313 946 368 975 ne
398 932 509 976 forte
530 934 705 979 veniant
728 936 934 995 Discipuli
973 940 1062 997 ejus
1083 950 1229 994 nocte,
1262 950 1303 984 et
1332 941 1454 984 aufe-

77 1018 97 1041 »
134 1009 231 1045 rant
253 1015 377 1057 eum,
411 1012 454 1046 et
476 1004 551 1047 fiat
572 1019 688 1048 error
716 1008 850 1065 major
872 1008 1029 1064 priore.
1059 1009 1129 1051 Ait
1150 1009 1233 1052 iliis
1256 1010 1415 1053 Pilatus
1444 1030 1451 1053 :

78 1089 98 1112 »
135 1071 314 1116 Habetis
336 1072 494 1116 milites
512 1108 523 1127 ,
547 1074 622 1126 ite,
648 1074 861 1118 custodite
879 1076 988 1119 sicut
1015 1076 1147 1120 vultis
1162 1079 1192 1120 ³.
1219 1096 1238 1117 »
1266 1082 1454 1136 Accepe-

74 1150 179 1185 runt
200 1141 359 1187 milites
375 1178 386 1197 ‚
408 1152 650 1202 posuerunt
670 1144 746 1187 ibi.
776 1144 877 1188 Mali
899 1155 1000 1189 sunt
1023 1146 1091 1190 isti
1117 1166 1124 1190 :
1150 1148 1227 1205 ipsi
1250 1158 1348 1191 sunt
1368 1150 1453 1192 dati

74 1221 251 1271 propter
268 1212 538 1272 sepulturam
561 1214 651 1273 ejus
667 1214 721 1256 ad
736 1214 1078 1258 custodiendam.
1107 1216 1189 1260 Sed
1213 1217 1328 1260 unde
1353 1234 1452 1275 pro-

74 1283 254 1337 bamus,
296 1283 397 1343 quia
422 1282 524 1327 mali
547 1286 677 1327 sunt?
694 1283 850 1328 Milites
884 1286 1131 1329 innocentes
1153 1297 1272 1330 erant
1302 1288 1412 1330 missi
1442 1308 1449 1332 :

68 1352 204 1413 judex
227 1354 286 1398 eis
309 1354 536 1414 praecepit,
557 1364 771 1399 venerunt
789 1354 841 1398 ad
855 1356 1095 1414 sepulcrum
1109 1391 1119 1409 ,
1138 1356 1447 1401 custodierunt.

74 1422 189 1468 Audi
211 1425 311 1484 quia
340 1423 440 1468 mali
463 1433 565 1469 sunt
587 1444 594 1469 ;
620 1424 716 1483 lege
736 1425 1030 1484 Evangelium.
1059 1430 1206 1470 Postea
1229 1443 1355 1486 quam
1383 1444 1449 1470 re—

74 1495 257 1539 surrexit
289 1495 523 1550 Dominus,
567 1504 609 1539 et
643 1495 846 1539 viderunt
881 1496 1091 1553 Angelum
1111 1532 1120 1550 ,
1158 1499 1376 1540 conterriti
1410 1508 1450 1541 et

73 1566 338 1610 consternati
359 1575 475 1609 sunt.
499 1565 680 1618 Quando
708 1566 872 1610 dictum
896 1566 1060 1610 estaliis
1079 1587 1086 1611 z
1103 1587 1120 1608 «
1149 1567 1288 1611 Nolite
1304 1569 1450 1610 timere

77 1654 97 1677 »
117 1651 208 1690 vos,
228 1654 248 1677 »
274 1636 343 1680 isti
369 1637 522 1680 timore
545 1636 745 1694 perculsi⁷
770 1637 868 1696 quia
889 1637 974 1680 side
995 1637 1203 1680 sublevati
1225 1653 1310 1681 non
1334 1646 1446 1680 sunt.

73 1709 131 1751 Et
147 1715 293 1750 tamen
316 1721 416 1750 eum
436 1707 514 1750 ista
537 1707 710 1758 scirent,
734 1717 948 1750 venerunt
970 1707 1023 1749 ad
1039 1707 1226 1759 Judaeos,
1251 1707 1450 1750 dixerunt

73 1776 158 1821 illis
180 1777 260 1821 ista
278 1777 438 1821 omnia.
463 1777 675 1820 Dixerunt
693 1775 833 1819 Judaei
852 1795 859 1819 :
890 1779 1042 1819 Damus
1065 1778 1184 1820 vobis
1208 1779 1446 1835 pecuniam.

75 1849 191 1904 Ergo
220 1845 322 1890 mali
355 1855 504 1902 erant3
529 1846 755 1890 veritatem
798 1845 1144 1897 absconderunt,
1182 1847 1449 1889 mendacium

74 1915 382 1961 vendiderunt.
402 1918 457 1960 Et
480 1915 703 1976 quomodo
722 1916 993 1959 mendacium
1018 1916 1337 1959 vendiderunt?
1361 1920 1450 1960 Non

74 1987 255 2041 mirum,
281 1987 554 2030 mendacium
570 1984 859 2029 vendiderunt
876 2020 886 2038 ‚
909 1984 1178 2028 mendacium
1196 1987 1293 2027 cavei
1313 1987 1448 2028 exet-is.

75 2058 211 2102 Dicite
227 2091 238 2111 ,
265 2055 457 2111 (dictum
476 2064 540 2100 est
559 2054 640 2099 illis
659 2091 669 2109 ,
688 2062 700 2110 )
722 2056 823 2115 quia
847 2053 1158 2099 dormientibus
1181 2055 1298 2097 vobis
1327 2071 1452 2098 vene-

75 2137 180 2172 runt
202 2126 410 2186 Discipuli
432 2128 523 2186 ejus
539 2162 550 2180 ,
576 2136 618 2170 et
638 2127 944 2169 subtraxerunt
967 2140 1079 2167 eum.
1106 2126 1142 2167 Ο
1166 2125 1326 2167 vanitas
1350 2141 1451 2167 ven-

76 2198 184 2243 dens
204 2197 439 2242 vanitatem
462 2197 642 2240 vanitati
664 2197 672 2239 l
700 2196 900 2240 Audituri
918 2205 1018 2238 sunt
1040 2195 1134 2238 vani
1158 2204 1197 2238 et
1227 2195 1446 2238 credituri.

77 2268 306 2327 Hodieque
324 2268 406 2311 hoc
427 2276 490 2311 est
506 2267 621 2325 apud
638 2265 828 2319 Judaeos,
846 2266 902 2309 sic
923 2264 1047 2308 habet
1067 2265 1151 2322 ipsa
1170 2265 1276 2306 iiimzi
1289 2299 1299 2316 ,
1320 2280 1448 2323 quani

76 2353 208 2392 vana,
230 2352 361 2397 quam
385 2335 486 2380 falsa
503 2372 513 2390 ,
543 2351 673 2396 quam
696 2336 848 2379 inanis.
877 2334 1182 2377 Testimonium
1214 2336 1339 2388 Mami
1357 2350 1447 2376 rum

78 2408 236 2452 nolunt
263 2406 436 2460 audire,
473 2417 519 2450 ut
550 2407 726 2463 vivant3
751 2415 791 2449 et
825 2404 1113 2448 testimonium
1148 2402 1448 2445 dormientium

79 2477 278 2530 audiunt,
297 2486 343 2521 ut
368 2486 558 2535 pereant.
579 2478 619 2519 Si
637 2477 908 2521 dormiebant
927 2474 1144 2525 custodes,
1169 2475 1280 2516 unde
1298 2485 1448 2530 potue-

79 2556 182 2591 runt
202 2547 330 2600 scire,
355 2547 451 2605 quis
470 2546 588 2589 illum
616 2546 759 2590 tulerit
779 2547 831 2588 di·
854 2545 1080 2602 sepulcro?
1105 2548 1185 2586 Aut
1210 2544 1312 2600 quid
1339 2544 1447 2597 ἡμὶ-

130 2640 136 2656 ¹
161 2634 260 2662 Graec.
283 2631 294 2661 ’ζ
318 2630 439 2665 :livea
468 2648 498 2652 Ἀ
522 2639 531 2652 ²
557 2632 672 2662 until..
695 2631 735 2659 ‘ii
763 2631 803 2658 Μ’·
