1924 3309
502 249 588 289 170
934 260 968 288 s.
1004 256 1237 289 Auens-nm
1269 259 1450 290 Emscom

499 328 577 389 qui
598 342 712 387 aeger
734 341 856 372 casus
886 325 1156 387 aegritudinis
1178 342 1269 372 suae
1290 343 1380 374 non
1401 337 1582 374 noverat
1601 363 1612 383 ,
1650 337 1694 373 et
1715 328 1814 388 plus
1836 327 1896 374 de,

500 414 546 444 se
579 407 768 458 aegrotus
794 407 1157 459 praesumpserat3
1198 398 1274 443 sed
1303 414 1430 444 verus
1467 399 1663 444 medicus
1697 398 1898 444 videbat.

499 470 673 515 Dixerat
701 470 817 514 enim
838 486 882 515 se
904 485 1006 515 cum
1029 469 1216 514 Domino
1238 479 1281 514 et
1299 485 1378 530 pro
1405 471 1588 516 Domino
1611 471 1871 515 moriturum
1895 490 1899 514 ι

500 541 707 588 Nondum
727 550 873 585 autem
903 549 1095 600 poterat,
1120 539 1223 600 quia
1243 540 1441 585 infirmus
1463 550 1569 586 erat.
1596 544 1654 587 At
1674 540 1752 585 ubi
1773 539 1872 586 veni
1896 547 1901 585 ἰ

499 622 649 674 postea
687 613 871 672 Spiritus
902 621 1075 656 sanctus
1103 612 1256 656 missus
1290 614 1345 657 de
1381 612 1518 668 coelo,
1554 622 1598 657 et
1617 612 1871 657 confirmavi
1897 622 1901 633 ¹

501 700 574 729 eos
592 719 603 740 ,
638 685 684 728 in
706 700 815 745 quos
835 684 975 739 venit,
1000 682 1205 743 impletus
1239 683 1313 728 isse
1335 684 1497 728 fiducia
1527 682 1731 743 spiritali,
1755 683 1871 743 coepi
1898 683 1901 739 j·

498 758 589 817 jam
608 771 708 801 vere
736 764 912 815 paratus
929 770 1017 799 esse
1040 755 1149 799 mori
1170 770 1250 815 pro
1271 771 1323 800 eo
1336 790 1347 811 ,
1369 771 1502 816 quem
1524 765 1625 800 ante
1642 765 1899 814 negaveratae

503 829 594 871 Hac
633 825 794 870 fiducia
831 825 987 886 repleti
1027 841 1177 871 omnes
1222 829 1457 884 Martyres,
1497 835 1694 871 tenentes
1730 835 1902 872 rectam1

500 898 632 942 fidem
654 933 664 953 ,
699 914 789 943 non
821 898 1054 942 morientes
1088 913 1168 942 nec
1202 898 1414 957 patientes
1437 913 1515 958 pro
1540 897 1646 942 falsa
1674 897 1787 951 fide,
1812 913 1862 957 pr
1900 915 1902 919 ’

500 984 614 1013 vano
637 970 955 1029 phantasmate,
980 984 1060 1028 pro
1081 984 1155 1029 spe
1178 969 1312 1025 inani,
1339 985 1418 1029 pro
1441 984 1487 1013 re
1509 969 1673 1014 incerta
1689 990 1700 1027 3
1719 969 1794 1013 sed
1814 984 1905 1028 pro

500 1039 693 1083 veritatis
714 1038 1025 1099 pollicitatione
1044 1074 1054 1094 ,
1080 1047 1247 1083 certum
1272 1039 1481 1083 habentes
1504 1054 1604 1082 eum
1627 1038 1704 1099 qui
1726 1039 1903 1098 promi-=

501 1109 581 1164 sit,
615 1118 838 1169 potentem
867 1125 956 1154 esse
987 1110 1063 1169 qui
1095 1109 1325 1165 exhibeat,
1357 1110 1500 1153 omnia
1534 1109 1761 1168 praesentia
1783 1124 1890 1153 con-

500 1188 797 1240 tempserunt,
822 1181 867 1225 in
899 1181 1047 1225 futura
1076 1189 1354 1236 exarserunt,
1388 1195 1487 1240 quae
1504 1195 1604 1224 cum
1626 1178 1787 1223 fuerint
1808 1178 1890 1224 illis

500 1251 729 1309 praesentia
750 1286 760 1305 ,
786 1266 875 1295 non
898 1259 1028 1294 erunt
1050 1251 1283 1310 praeterita.

560 1323 639 1363 III.
678 1321 983 1365 Recordamini
1025 1336 1148 1379 ergo,
1190 1321 1266 1380 qui
1288 1318 1544 1364 interfuistis
1568 1320 1768 1363 hesterno
1789 1317 1884 1374 die,

498 1389 608 1433 duos
625 1389 734 1434 filios
759 1394 875 1434 Isaac
892 1426 902 1445 ‚
926 1391 1042 1434 Esaii
1061 1400 1104 1434 et
1126 1391 1263 1435 Jacob
1279 1426 1289 1445 ,
1315 1389 1538 1450 quomodo
1555 1390 1706 1449 majori
1723 1404 1893 1448 praepo:

498 1460 617 1503 nitur
635 1460 777 1504 minor
797 1462 807 1484 ¹
834 1479 841 1504 :
873 1470 923 1504 ut
941 1460 996 1504 ad
1016 1461 1152 1505 Jacob
1178 1461 1425 1520 pertineatis
1442 1496 1452 1515 ‚
1474 1462 1589 1505 Esaii
1610 1476 1698 1504 non
1720 1460 1884 1504 ametis.

498 1531 591 1574 Erit
609 1540 753 1574 autem
779 1533 893 1575 Esaii
919 1551 927 1575 :
953 1533 1026 1592 qui
1052 1531 1145 1576 vult
1166 1533 1395 1576 carnaliter
1415 1532 1560 1577 vivere
1580 1531 1681 1591 ,yel
1703 1530 1889 1576 carnalia

496 1601 540 1643 in
562 1600 714 1645 futuro
745 1600 904 1645 saeculo
927 1617 1112 1660 sperare.
1143 1603 1238 1647 Sive
1262 1617 1364 1660 ergo
1391 1602 1621 1647 carnaliter
1642 1603 1790 1647 vivens
1810 1636 1821 1657 ,
1847 1599 1888 1646 et

496 1670 655 1714 talibus
676 1670 868 1729 gaudens
891 1672 934 1715 in
960 1673 1040 1716 hoc
1058 1681 1254 1731 tempore
1274 1708 1285 1727 ,
1311 1682 1354 1716 et
1377 1672 1478 1717 talia
1502 1672 1556 1716 de
1574 1675 1664 1716 Deo
1685 1687 1859 1732 sperans
1873 1706 1884 1726 ,

495 1741 639 1800 qualia
660 1741 827 1785 habent
848 1751 890 1785 et
913 1741 1038 1795 mali,
1073 1751 1114 1785 et
1137 1751 1273 1785 totam
1298 1742 1547 1786 felicitatem
1582 1758 1701 1799 suam
1728 1742 1773 1783 in
1799 1741 1905 1807 ipsa,

494 1826 661 1870 ponens
678 1847 688 1866 ‚
710 1810 764 1854 de
793 1827 878 1871 qua
903 1811 1095 1869 gaudent
1117 1821 1159 1854 et
1181 1812 1317 1866 iniqui
1336 1829 1347 1864 3
1373 1818 1448 1852 aut
1470 1818 1586 1853 certe
1604 1816 1886 1854 contemnens

494 1882 617 1926 istam
638 1892 911 1938 praesentem,
932 1888 974 1921 et
993 1878 1124 1922 talem
1146 1894 1321 1938 sperans
1344 1879 1387 1922 in
1410 1878 1559 1924 futuro
1577 1900 1587 1935 3
1605 1880 1787 1925 carnalis
1805 1889 1899 1936 est„

494 1949 712 1995 carnalem
740 1950 906 1992 habens
929 1948 1082 2003 fldem,
1110 1948 1326 1992 carnalem
1355 1964 1473 2008 spem
1490 1984 1500 2004 ,
1537 1949 1757 1994 carnalem
1779 1951 1885 1994 cha-

494 2022 679 2066 ritatem.
708 2019 836 2064 Fides
857 2028 1002 2063 autem
1032 2019 1233 2078 spiritalis
1256 2029 1347 2074 est,
1371 2019 1547 2064 credere
1567 2021 1687 2081 quod
1711 2029 1884 2080 protecm

494 2101 562 2137 tor
583 2092 636 2135 sit
653 2090 949 2150 temporaliter
972 2089 1179 2133 Dominus
1198 2099 1315 2144 tuus,
1332 2099 1381 2133 ut
1398 2089 1542 2134 venias
1560 2091 1615 2135 ad
1634 2080 1745 2135 illud
1766 2088 1886 2152 quod

495 2162 734 2222 temporale
756 2177 845 2206 non
869 2161 949 2204 erit
967 2182 977 2217 3
996 2170 1038 2204 et
1060 2176 1230 2220 sperare
1252 2170 1294 2204 te
1317 2160 1571 2205 habiturum
1593 2162 1725 2206 vitam
1749 2165 1884 2220 Ange—

494 2235 656 2288 lorum,
673 2249 761 2277 non
783 2233 828 2276 in
851 2231 1205 2291 corruptionibus
1229 2232 1383 2286 carnis,
1410 2248 1499 2276 non
1521 2233 1566 2276 in
1587 2231 1884 2292 voluptatibus
1903 2279 1907 2303 ¹

495 2315 539 2349 et
575 2305 817 2359 illecebris,
849 2320 938 2348 non
965 2303 1009 2347 in
1053 2302 1416 2347 fornicationibus
1452 2314 1494 2347 et
1531 2304 1813 2348 ebrietatibus
1842 2299 1907 2354 et!

497 2373 655 2434 gaudio
679 2373 907 2433 epularum
929 2373 1166 2418 carnalium
1185 2409 1195 2428 ,
1222 2389 1310 2417 non
1348 2373 1392 2417 in
1426 2374 1627 2432 superbia
1651 2375 1881 2434 possessio-
1903 2359 1908 2430 1

494 2461 598 2490 num
639 2444 946 2490 dominationis
970 2455 1151 2489 terrenae
1170 2480 1180 2499 ,
1216 2443 1290 2488 sed
1330 2444 1636 2489 tantummodo
1656 2443 1882 2504 quomodo

495 2514 649 2574 Angeli
671 2516 839 2560 vivunt.

545 2609 553 2624 ¹
573 2603 652 2635 Gen.
672 2606 752 2634 xvn.
