1924 3309
489 230 544 269 64
913 238 947 268 s.
984 238 1212 270 AUGUSTINJ
1246 242 1427 270 EPISCOPI

485 308 572 352 lem
589 306 701 351 Filio
720 341 731 362 ,
750 306 820 351 vel
841 308 1022 352 omnino
1039 323 1127 352 esse
1149 309 1290 351 Deum
1312 315 1487 364 negent.
1511 305 1596 350 Alii
1620 321 1748 353 unam
1768 309 1869 367 qui·
1902 330 1905 340 ·

487 379 588 423 dem
610 387 652 422 et
665 378 861 422 eamdem
884 378 1103 422 Trinitatis
1120 378 1407 421 substantiam
1430 392 1519 421 esse
1542 375 1777 429 fateantur,
1796 377 1872 421 sed
1903 408 1905 446 ἶ

486 449 541 494 de
563 450 652 508 ipsa
670 447 816 493 divina
838 447 1081 492 substantia
1104 458 1189 491 tam
1206 447 1337 506 impie
1354 448 1556 502 sentiant,
1573 456 1622 492 ut
1639 462 1734 492 eam
1755 462 1873 492 com-

486 519 742 564 mutabilem
778 528 822 563 et
843 518 1168 578 corruptibilem
1194 527 1382 577 putent3
1407 518 1638 577 ipsumque
1663 518 1871 577 Spiritum
1904 541 1906 557 i

485 599 698 645 sanctum,
715 604 844 650 quem
868 588 1076 633 Dominus
1095 587 1321 646 Discipulis
1342 603 1386 632 se
1409 588 1640 631 missurum
1660 602 1750 631 esse
1772 603 1873 647 pro-

485 663 621 717 misit,
647 677 736 706 non
760 659 1124 721 quinquagesimo
1152 658 1222 702 die
1244 667 1342 717 post
1366 659 1458 717 ejus
1482 658 1869 713 resurrectionem,
1904 670 1907 709 ζ

485 734 597 777 sicut
619 731 928 792 Apostolorum
950 732 1058 774 Acta
1075 737 1289 772 testantur
1303 763 1314 782 ,
1338 727 1414 771 sed
1436 737 1533 787 post
1552 737 1764 773 trecentos
1784 727 1874 772 fere

485 818 621 847 annos
644 817 720 861 per
739 801 962 845 hominem
982 799 1147 843 venisse
1170 799 1465 856 confingant¹.
1479 797 1564 842 Alii
1585 797 1781 841 similiter
1797 797 1875 842 ad·
1906 849 1907 853 Ἰ

486 882 669 925 ventum
692 872 782 931 ejus
804 905 815 926 ,
836 883 966 929 quern
990 877 1209 922 tenerum,
1235 876 1394 925 negent
1414 887 1425 924 3
1457 876 1499 910 et
1522 882 1622 911 eum
1640 867 1875 926 Prophetas
1906 859 1907 889 ³

1907 0 1913 18 ,v

1899 0 1903 72 ἓ

1901 120 1903 155 ε

1901 185 1904 225 1

1901 236 1904 288 ἱ

1904 721 1908 795 i

486 944 531 987 in
552 942 758 1001 Phrygia,
784 956 861 1000 per
879 955 988 999 quos
1011 947 1134 982 tanto
1156 947 1253 998 post
1273 937 1543 997 loqueretur,
1569 937 1745 995 elegisse
1766 953 1874 982 con·
1906 955 1908 994 ξ

485 1011 683 1056 tendant.
710 1010 794 1054 Alii
816 1018 1084 1053 sacramenta
1107 1009 1198 1067 ejus
1222 1008 1476 1062 exsufflent,
1503 1016 1546 1051 et
1566 1007 1809 1066 baptizatos
1829 1007 1876 1051 in
1906 1012 1908 1046 1

486 1084 663 1128 nomine
686 1080 822 1126 Patris
837 1114 848 1134 ‚
874 1088 918 1123 et
950 1078 1071 1134 Filii,
1096 1087 1139 1122 et
1163 1078 1344 1137 Spiritus
1364 1078 1502 1121 sancti
1517 1113 1529 1132 ‚
1561 1078 1707 1122 denuo
1730 1078 1875 1137 bapti-

486 1170 581 1198 zare
600 1168 689 1198 non
710 1151 930 1196 dubitent.
963 1148 1046 1193 Sed
1071 1164 1125 1192 ne
1148 1163 1325 1207 pergam
1343 1163 1420 1207 per
1436 1147 1604 1205 singula
1620 1183 1631 1202 ‚
1657 1164 1756 1207 quae
1774 1157 1876 1191 sunt

485 1221 820 1268 innumerabilia
839 1255 849 1274 ‚
874 1219 940 1263 his
958 1227 1074 1262 certe
1097 1219 1303 1263 omnibus
1325 1234 1434 1277 quos
1457 1234 1536 1278 pro
1559 1227 1754 1278 tempore
1773 1219 1875 1262 bre-
1907 1211 1910 1261 ἶ

483 1296 594 1339 viter
611 1293 759 1351 attigi,
795 1290 852 1335 ad
879 1304 1081 1349 sponsam
1102 1289 1263 1334 Christi
1285 1287 1570 1333 redeuntibus
1589 1323 1599 1344 ‚
1626 1298 1669 1333 et
1686 1304 1875 1334 errorem

485 1373 616 1423 atque
641 1364 907 1420 impietatem
927 1358 1184 1416 poenitendo
1207 1359 1518 1402 damnantibus
1535 1393 1545 1413 ‚
1570 1359 1692 1402 nulla
1720 1359 1873 1403 catho-

484 1435 566 1478 lica
589 1429 814 1490 disciplina
836 1427 1079 1484 negandam
1110 1426 1316 1472 Ecclesiae
1344 1443 1496 1487 pacem
1518 1463 1529 1483 ‚
1554 1438 1599 1472 et
1629 1428 1874 1473 claudenda

485 1505 646 1549 viscera
670 1496 975 1545 misericordiae
992 1495 1218 1554 judicavit.

533 1574 654 1616 XVI.
671 1566 801 1623 Quod
814 1567 848 1611 si
865 1564 1096 1626 quisquam
1111 1573 1217 1609 tunc
1235 1574 1360 1624 putat
1371 1566 1554 1610 verbum
1568 1565 1654 1611 dici
1668 1569 1872 1613 adversus

487 1644 696 1703 Spiritum
718 1646 934 1691 sanctum,
951 1651 1051 1680 cum
1076 1636 1130 1679 ab
1154 1651 1205 1680 eo
1228 1635 1388 1680 dicitur
1410 1638 1478 1681 cui
1495 1639 1585 1697 jam
1610 1653 1686 1697 per
1703 1639 1870 1698 baptis-

1907 1274 1910 1324 ἱ

1907 1344 1910 1377 a

1907 1384 1910 1416 Ι

484 1728 606 1759 mum
629 1711 801 1755 dimissa
818 1715 919 1752 sunt
943 1714 1119 1764 peccata
1145 1725 1153 1750 2
1180 1705 1377 1750 attendat
1399 1722 1479 1751 nec
1503 1706 1662 1752 talibus
1684 1723 1760 1767 per
1783 1712 1870 1753 Ec·
1908 1707 1911 1753 ἶ

484 1783 624 1829 clesiae
656 1778 929 1824 sanctitatem
965 1773 1123 1818 auferri
1161 1775 1431 1834 poenitentiae
1468 1776 1631 1820 locum.
1680 1777 1723 1822 Si
1753 1779 1869 1822 enim
1909 1771 1911 1811 ἶ

483 1862 709 1915 propterea
738 1847 875 1892 credit
892 1861 982 1890 non
998 1844 1092 1888 dari
1118 1845 1289 1889 veniam
1305 1845 1370 1900 ei,
1391 1846 1491 1905 quia
1516 1847 1652 1904 gratia
1675 1848 1776 1891 fidei
1798 1864 1868 1893 sa-

481 1921 798 1979 oramentisque
820 1915 1016 1961 fidelium
1034 1916 1122 1974 jam
1147 1916 1356 1975 perceptis
1378 1931 1464 1960 non
1495 1926 1637 1975 potest
1658 1917 1744 1962 dici
1766 1933 1869 1978 pec·
1910 1923 1911 1939 ³

481 2010 596 2041 casse
618 1988 863 2051 ignorantia
884 2004 895 2038 3
919 1986 1064 2030 videat
1086 1984 1213 2029 aliam
1236 2001 1406 2030 causam
1431 2002 1520 2030 esse
1537 2019 1548 2039 ‚
1584 2003 1685 2029 cum
1707 1987 1869 2032 dicitur

480 2074 710 2126 propterea
728 2075 816 2104 non
834 2056 1024 2116 ignosci,
1046 2056 1146 2115 quia
1165 2071 1254 2099 non
1270 2055 1528 2112 ignorantiae
1551 2064 1747 2115 tempore
1763 2073 1867 2117 pec-

483 2147 628 2183 catum
651 2141 741 2188 est3
777 2138 821 2173 et
847 2127 973 2171 aliam
997 2139 1171 2170 causam
1201 2138 1289 2167 esse
1304 2158 1315 2178 ,
1339 2139 1439 2168 cum
1461 2124 1620 2169 dicitur
1640 2136 1867 2186 propterea

483 2224 573 2253 non
593 2201 779 2264 ignosci⁷
813 2199 914 2258 quia
936 2195 1120 2241 verbum
1144 2193 1250 2239 dixit
1272 2195 1473 2240 adversus
1510 2196 1719 2256 Spiritum
1740 2214 1867 2243 sanc-

482 2288 594 2324 tum.
631 2275 673 2318 Si
704 2270 820 2315 enim
852 2266 940 2311 sola
967 2265 1209 2324 ignorantia
1245 2266 1415 2309 veniam
1438 2276 1649 2323 meretur,
1675 2278 1718 2312 et
1740 2269 1866 2326 igno-
1908 2286 1912 2312 7

484 2346 624 2393 rantia
646 2357 736 2386 non
760 2337 970 2396 accipitur
1000 2335 1081 2378 nisi
1105 2344 1337 2393 antequam
1363 2336 1544 2395 quisque
1566 2337 1697 2381 fuerit
1719 2338 1867 2397 bapti·
1909 2349 1912 2395 j

482 2429 628 2473 zatus3
648 2428 738 2458 non
755 2410 894 2455 solum
918 2408 951 2452 si
967 2406 1169 2450 adversus
1189 2406 1393 2464 Spiritum
1413 2417 1627 2463 sanetum,
1643 2408 1718 2453 sed
1735 2410 1866 2453 etjam
1909 2399 1912 2436 f

482 2491 516 2535 si
546 2487 749 2533 adversus
772 2479 912 2524 filium
945 2476 1132 2522 hominis
1167 2484 1265 2534 post
1297 2475 1559 2534 baptismum
1593 2477 1749 2522 dixerit
1770 2494 1868 2523 Ver-
1909 2490 1911 2496 ⁴

529 2582 538 2599 ¹
563 2577 634 2606 Acl.
653 2581 689 2612 u,
717 2580 745 2602 1·

1907 3173 1924 3309 ‘⁶⁴⁴'
1910 3131 1912 3156 ’⁴
