1867 3320
355 289 492 317 senno
527 292 573 317 11.
610 291 663 317 nr.
696 288 964 316 TENTATIORE
1000 291 1189 317 ABRAHAE.
1383 283 1461 320 163

86 358 230 409 Isai'as.
260 357 503 416 Utrumque
529 370 678 400 verum
703 363 792 409 est,
824 355 925 414 quia
950 363 1188 414 utrumque
1220 356 1465 402 invenimus

82 426 128 477 in
153 426 396 486 Scripturis.
426 426 572 472 Solvat
595 426 700 471 mihi
718 425 988 470 Christianus
1011 426 1313 484 quaestionem,
1333 444 1465 486 quam

81 495 212 545 modo
235 497 442 556 proposui
459 518 470 555 3
487 507 530 541 et
551 496 688 542 solvet
709 496 806 551 sibi,
826 511 955 556 quam
976 494 1108 554 paulo
1127 504 1225 539 ante
1239 499 1458 554 proposui.

81 567 313 620 Quomodo
330 568 347 609 ’ἓ
364 567 475 621 Quia
492 567 611 624 quod
632 567 763 610 homo
781 565 884 610 dicit
905 565 960 610 de
983 564 1099 609 dono
1122 565 1198 609 Dei
1216 601 1226 619 ‚
1258 569 1370 610 Deus
1394 567 1462 610 di-

81 636 139 681 cit
157 657 168 694 3
191 635 433 682 secundum
449 636 559 681 illud
578 657 585 681 :
617 656 634 678 «
652 638 750 681 Non
772 636 887 680 enim
907 651 982 680 vos
998 636 1097 679 estis
1119 636 1195 696 qui
1211 635 1460 695 loquimini,

84 724 104 752 »
139 715 182 751 et
203 716 358 757 caetera
375 709 406 750 1.
434 726 454 748 »
481 710 538 751 Et
558 708 715 751 iterum
734 742 745 761 ,
765 726 784 748 «
803 709 915 751 Ecce
937 721 1017 765 ego
1039 705 1199 750 Paulus
1215 706 1370 766 loquor
1388 722 1465 751 vo-

82 793 103 818 »
139 776 204 821 bis
216 779 249 820 ².
282 795 303 818 »
329 779 386 825 Et
404 777 562 821 iterum
580 812 590 832 ‚
620 796 638 819 «
660 776 961 836 Christus.qui
997 776 1042 820 in
1064 791 1133 820 me
1161 776 1406 837 loquitur³.
1436 796 1456 818 »

80 848 197 906 Ergo
211 846 337 893 istam
359 847 575 906 regulam,
601 846 770 902 fratres,
793 846 1022 891 transferte
1039 847 1095 891 ad
1113 846 1223 892 illud
1240 847 1359 908 quod
1383 846 1464 892 ali-

80 916 259 977 quando
280 926 525 970 tortuosum
547 917 779 967 videbatur
794 953 804 971 ‚
826 926 870 961 et
888 926 1053 962 rectum
1073 919 1170 962 erit.

140 989 216 1031 VI.
242 986 372 1032 Illum
389 1003 492 1046 ergo
507 1003 656 1037 omnes
677 988 923 1032 intueamur
942 1023 952 1041 ‚
979 997 1028 1031 ut
1045 988 1280 1031 esurientes
1303 989 1467 1034 animas

79 1067 245 1109 nostras
265 1058 339 1102 ille
357 1067 503 1118 pascat
520 1093 532 1112 ‚
564 1058 640 1118 qui
662 1059 839 1103 esurivit
870 1068 1048 1118 propter
1067 1074 1144 1103 nos
1165 1079 1176 1116 3
1203 1059 1278 1119 qui
1299 1074 1462 1119 pauper

78 1128 218 1180 factus
236 1138 300 1174 est
315 1165 326 1185 ‚
357 1145 457 1174 cum
485 1130 604 1174 dives
622 1140 758 1185 esset,
784 1140 834 1174 ut
863 1131 997 1190 ipsius
1020 1140 1275 1191 paupertate
1302 1148 1379 1177 nos
1397 1133 1464 1177 di-

79 1201 312 1244 taremur4.
349 1202 606 1260 Opportune
640 1200 695 1245 ad
728 1217 827 1245 eum
866 1201 997 1260 paulo
1032 1211 1132 1246 ante
1160 1203 1459 1248 cantavimus:

84 1289 103 1312 «
137 1271 293 1317 Omnia
312 1287 336 1315 a
357 1273 420 1316 te⁵
434 1281 679 1331 expectant,
696 1281 745 1316 ut
761 1272 835 1316 des
855 1272 938 1317 illis
953 1288 1092 1317 eseam
1115 1274 1159 1316 in
1174 1282 1370 1333 tempore
1385 1289 1463 1333 op«

84 1361 101 1382 »
137 1344 376 1400 portuno⁶.
405 1359 425 1383 »
452 1342 494 1387 Si
516 1342 687 1397 omnia,
713 1358 862 1387 omnes
879 1378 889 1397 ,
917 1344 948 1387 si
974 1359 1149 1397 omnes,
1177 1354 1220 1388 et
1249 1360 1340 1388 nos.
1369 1347 1465 1389 Non

79 1425 180 1469 ergo
202 1412 236 1455 si
255 1411 485 1472 quidboni
504 1413 548 1456 in
571 1428 767 1457 sermone
785 1413 929 1457 daturi
947 1429 1121 1468 sumus,
1146 1430 1223 1458 nos
1241 1415 1466 1469 dabimus,

77 1481 152 1526 sed
173 1482 246 1529 ille
267 1498 291 1527 a
312 1499 401 1543 quo
423 1498 573 1528 omnes
603 1485 832 1543 accipimus
853 1506 865 1542 3
895 1486 995 1545 quia
1019 1501 1168 1529 omnes
1193 1485 1248 1530 ad
1270 1502 1371 1531 euin
1389 1502 1462 1530 ex·

78 1561 320 1611 pectamus‚
348 1556 536 1613 Tempus
553 1563 616 1598 est
643 1553 717 1598 det
738 1574 746 1599 :
771 1554 847 1600 sed
869 1553 1076 1599 faciamus
1111 1555 1232 1615 quod
1255 1555 1390 1609 dixit,
1418 1565 1466 1600 ut

78 1622 168 1677 det,
194 1623 238 1670 id
255 1633 339 1678 est,
366 1633 639 1684 expectemus
657 1624 712 1668 ad
730 1635 828 1669 eum
845 1646 855 1679 3
875 1626 1017 1684 ipsum
1037 1625 1166 1670 corde
1189 1627 1436 1670 intueamur
1454 1645 1461 1670 :

77 1693 180 1753 quia
208 1695 319 1739 sicut
346 1694 463 1739 oculi
495 1694 637 1740 cordis
670 1704 712 1739 et
735 1711 857 1740 aures
880 1697 935 1740 ad
956 1696 1096 1741 illum.
1132 1700 1313 1741 Patente
1333 1701 1464 1742 aure⁷

77 1764 216 1810 cordis
238 1764 385 1808 audite
407 1781 614 1822 magnum
638 1776 971 1811 sacramentum.
996 1760 1168 1812 Omnia
1184 1769 1362 1826 quidem
1399 1783 1467 1811 sa-

78 1842 296 1877 cramenta
328 1832 575 1883 divinarum
608 1836 928 1892 Scripturarum
958 1838 1109 1894 utique
1143 1853 1296 1895 magna
1334 1848 1464 1897 atque

80 1903 225 1950 divina
246 1912 348 1947 sunt
368 1922 375 1946 :
397 1912 498 1947 sunt
519 1912 662 1949 tamen
685 1903 919 1961 insigniora
937 1938 948 1955 ,
975 1905 1197 1963 magisque
1221 1908 1462 1965 praecipua,

79 1989 178 2033 quae
196 1973 375 2017 maxime
398 1973 586 2017 intentos
605 1988 681 2017 nos
709 1972 981 2027 desiderant,
1007 1983 1049 2018 et
1069 1991 1168 2034 quae
1193 1991 1279 2033 prae
1298 1978 1463 2021 eaeteris

79 2042 293 2096 aedificant
312 2042 468 2102 lapSOS‚
490 2043 646 2088 satiant
669 2043 906 2087 esurientes
925 2064 932 2088 :
951 2045 1026 2103 qui
1047 2060 1134 2087 non
1157 2045 1213 2088 ita
1236 2047 1462 2100 satiantur,

82 2122 132 2158 ut
167 2112 416 2170 fastidiaut3
439 2113 513 2158 sed
544 2122 593 2158 ut
621 2113 654 2157 si
677 2113 846 2157 satietas
864 2114 954 2158 sine
973 2114 1168 2169 fastidio,
1196 2114 1360 2174 pellens
1376 2117 1465 2161 ino-

83 2184 195 2244 piam
212 2219 223 2239 ,
265 2198 351 2228 non
389 2199 608 2229 assumens
640 2192 957 2243 contemptum.
992 2187 1130 2238 Quem
1174 2201 1260 2230 non
1294 2197 1466 2233 moveat

77 2256 220 2315 jussus
242 2254 454 2302 immolari
474 2255 627 2300 unicus
649 2254 762 2299 filius
783 2254 844 2309 ei,
875 2271 896 2299 a
924 2271 1012 2315 quo
1035 2256 1266 2315 promissus
1289 2260 1387 2302 est?
1413 2261 1464 2302 Et

84 2325 268 2377 maxime
286 2340 351 2371 res
367 2325 425 2370 ita
448 2335 564 2384 gesta
582 2360 592 2381 ‚
617 2334 666 2370 ut
688 2323 946 2379 audivimus,
972 2326 1162 2371 intentos
1177 2327 1343 2373 animos
1360 2326 1464 2373 facit

85 2397 139 2441 ad
161 2395 449 2456 quaerendum
472 2397 629 2457 exponi
654 2406 985 2441 sacramentum.

145 2470 245 2514 Vll.
281 2470 395 2514 Ante
413 2468 558 2514 omnia
579 2478 750 2524 tamen,
774 2469 924 2514 stati-es
943 2503 953 2522 ‚
979 2468 1061 2512 hoe
1097 2467 1141 2511 in
1172 2469 1346 2513 nomine
1380 2471 1461 2512 Do-

146 2571 155 2587 ¹
175 2564 289 2599 Metui.
308 2575 340 2606 x,
354 2573 408 2598 20.
425 2580 467 2589 -
487 2571 499 2588 ¹
513 2565 616 2599 Galat.
641 2577 674 2607 v,
694 2575 725 2600 2.
751 2582 791 2591 -
816 2564 829 2587 3
853 2574 872 2598 α
886 2568 958 2597 (lor.
980 2575 1051 2603 xm,
1073 2564 1104 2596 3.
1130 2580 1169 2586 --
1184 2563 1198 2593 4
1219 2565 1250 2596 ld
1282 2574 1349 2604 vm,
1365 2577 1398 2605 9.
1425 2582 1458 2585 --

87 2618 100 2642 fi
121 2620 223 2654 Forte
235 2620 273 2654 nd
286 2623 330 2654 tc.
346 2637 386 2645 —
403 2617 419 2644 ⁶
434 2621 516 2655 Pani.
533 2633 601 2664 cni,
622 2631 674 2665 27.
695 2638 736 2646 -
754 2629 766 2654 7
790 2621 889 2653 Forte
905 2621 944 2652 ιιι]
959 2619 1045 2654 iilum
1061 2624 1168 2661 pah-nl
1190 2631 1287 2654 ιιιιιϊ,
1309 2623 1371 2651 νίν.

1191 2674 1250 2711 ΙΙ.
