1924 3309
470 218 553 256 336
899 226 933 255 S.
970 225 1199 256 Aucusum
1232 229 1413 257 EPISCOPI

466 292 599 337 millia
620 293 861 338 hominum.
880 291 1078 353 Undique
1093 296 1205 337 Deus
1228 301 1375 350 terret,
1393 295 1495 355 quia
1515 308 1604 338 non
1621 294 1717 339 vult
1733 295 1849 339 inve·

465 364 559 409 nire
578 379 667 425 quo
682 366 695 390 ¹
718 362 909 409 damnet.
927 363 1135 410 Nonnihil
1152 363 1292 422 agitur
1309 365 1355 409 in
1372 365 1454 410 isto
1476 364 1696 410 torculari.
1722 368 1850 411 Mun-

466 435 549 481 dus
570 444 632 480 est
653 435 867 495 torcular3
891 435 1119 480 abundant
1136 450 1346 495 pressurae
1363 438 1454 497 ejus
1479 456 1490 484 2
1514 437 1661 482 oleum
1687 445 1849 496 estote,

467 522 558 552 non
579 522 770 552 amurca.
791 509 1082 553 Convertatur
1104 506 1291 567 quisque
1309 508 1365 551 ad
1387 510 1541 563 Deum,
1557 517 1600 553 et
1621 516 1762 552 mutet
1783 507 1850 552 vi-

467 587 571 623 tam.
603 578 836 624 Occultum
857 578 990 622 habet
1011 579 1092 622 iter
1115 577 1288 636 oleum3
1320 579 1375 624 ad
1411 588 1573 624 secreta
1594 595 1668 624 sua
1691 577 1846 624 tendit.

466 648 588 693 Alius
610 649 863 702 subsannat,
889 648 1059 702 irridet,
1087 647 1375 709 blasphemat,
1399 648 1558 694 clamat
1579 665 1655 709 per
1669 649 1847 709 plateas,

466 734 641 764 amurca
670 719 839 764 defluit.
866 718 1076 763 Dominus
1100 728 1248 763 tamen
1274 720 1500 764 torcularis
1522 735 1600 780 per
1633 719 1851 779 operarios
1897 771 1900 782 ι

467 805 565 834 suos
584 825 594 844 ‚
616 805 692 849 per
711 798 882 835 sanctos
904 789 1093 848 Angelos
1113 805 1212 835 suos
1234 805 1324 835 non
1352 790 1534 850 quiescit
1556 791 1738 849 operari.
1764 792 1851 835 No·
1896 787 1899 865 j

466 860 529 903 vit
550 859 696 905 oleum
714 876 863 916 suum,
892 860 1014 906 novit
1035 861 1143 922 quid
1165 861 1345 921 recipiat
1359 896 1369 916 ,
1396 876 1486 922 quo
1509 860 1701 921 pondere
1729 875 1850 920 pres-

466 946 576 975 surae
598 930 829 992 eliquetur.
846 932 974 977 Novit
997 932 1113 977 enim
1132 933 1342 977 Dominus
1362 932 1439 993 qui
1458 941 1560 977 sunt
1578 931 1853 992 ejus.Oleum
1896 930 1898 972 Ξ

468 1010 620 1057 estote,
638 1017 858 1047 amurcam
880 1001 1046 1061 fugite3
1067 1002 1272 1048 recedant
1294 1003 1347 1047 ab
1367 1003 1596 1063 iniquitate
1614 1017 1763 1047 omnes
1780 1002 1855 1062 qui
1894 1025 1897 1065 ἐ

467 1072 696 1116 nominant
712 1088 876 1116 nomen
893 1073 1066 1117 Domini
1081 1077 1112 1116 2.
1137 1073 1247 1117 Odia
1271 1082 1415 1117 autem
1438 1072 1573 1117 nolite
1597 1072 1824 1131 concipere
1840 1106 1851 1126 ,
1894 1079 1897 1117 f

467 1150 542 1185 aut
559 1142 645 1185 cito
667 1143 805 1186 finite.
830 1145 929 1188 Non
950 1143 1066 1187 enim
1088 1143 1162 1187 illa
1179 1143 1412 1187 metuenda
1431 1152 1550 1187 sunt.
1570 1143 1711 1187 Times
1732 1151 1857 1186 terrae

1893 1123 1896 1149 l

1892 1152 1896 1214 Ι

466 1214 669 1255 motum?
702 1213 824 1257 times
844 1213 945 1257 coeli
974 1213 1223 1258 fremitum?
1255 1215 1379 1258 times
1414 1213 1560 1258 bella?
1583 1215 1702 1258 Time
1725 1222 1768 1257 et
1791 1213 1858 1258 fe·

465 1282 587 1326 brem
611 1302 620 1327 ε
652 1283 820 1339 subito,
853 1300 955 1329 cum
971 1284 1045 1329 illa
1067 1300 1223 1343 magna
1246 1293 1525 1340 metuuntur,
1549 1285 1640 1344 ipsa
1665 1300 1755 1329 non
1776 1300 1854 1329 ve-
1892 1280 1894 1337 ἶ

465 1353 610 1407 niunt,
636 1362 679 1398 et
701 1353 756 1397 de
778 1362 1021 1399 transverso
1039 1370 1126 1399 una
1144 1353 1356 1399 febricula
1374 1353 1515 1399 aufert
1537 1355 1777 1399 hominem.
1798 1358 1854 1399 Et

466 1423 500 1467 si
531 1424 662 1467 talem
693 1424 860 1469 invenit
881 1425 955 1469 ille
978 1426 1112 1485 judex
1132 1461 1142 1481 ,
1168 1426 1342 1486 qualem
1369 1441 1458 1470 non
1480 1426 1624 1481 novit,
1652 1424 1856 1485 qualibus

466 1492 663 1538 dicturus
685 1503 748 1539 est
770 1514 778 1540 z
807 1495 996 1541 «Nescio
1026 1511 1101 1540 vos
1120 1498 1159 1551 3,
1186 1496 1374 1540 recedite
1392 1511 1415 1540 a
1438 1511 1507 1540 me
1529 1497 1543 1521 4
1564 1517 1574 1553 3
1602 1515 1622 1538 »
1643 1494 1752 1555 quid
1781 1495 1857 1539 fiet

1890 1344 1894 1425 ἱ

1889 1428 1893 1495 ἰ

1889 1502 1892 1521 ι

1888 1527 1891 1556 ἵ

467 1566 646 1622 postea?
673 1580 763 1625 quo
795 1565 914 1609 itur?
949 1581 1024 1625 per
1058 1581 1190 1626 quem
1219 1566 1445 1611 ambitur?
1470 1565 1588 1610 unde
1617 1566 1704 1610 vita
1730 1581 1856 1625 repa·
1888 1563 1891 1618 ᾖ

468 1636 602 1680 randa
625 1636 888 1681 redimitur?
919 1639 1021 1691 Quis
1043 1637 1204 1682 iterum
1225 1638 1368 1682 vivere
1384 1672 1395 1692 ‚
1427 1646 1470 1681 et
1502 1636 1623 1696 quod
1651 1636 1763 1681 male
1790 1635 1857 1682 fe-

1887 1627 1890 1655 Ι

1887 1663 1890 1692 ἶ

467 1705 527 1749 cit
564 1706 795 1750 emendare
829 1708 1125 1765 permittitur?
1156 1707 1350 1750 Finitum
1392 1717 1470 1751 est.
1513 1707 1643 1751 Pauci
1676 1706 1856 1766 quidem
1886 1722 1889 1750 ε

465 1777 726 1821 convenistis
751 1780 842 1835 (9)3
864 1776 941 1821 sed
962 1777 995 1821 si
1018 1777 1131 1822 bene
1152 1777 1349 1833 audistis,
1386 1777 1633 1822 abundatis.
1659 1780 1758 1822 Non
1778 1792 1855 1822 vos

468 1845 590 1891 fallat
610 1881 620 1902 ‚
641 1845 717 1908 qui
733 1846 847 1892 fallit
869 1866 878 1892 :
904 1848 1006 1907 quia
1030 1863 1119 1892 non
1141 1863 1215 1892 vos
1236 1847 1423 1907 decipit,
1449 1848 1526 1907 qui
1547 1863 1637 1892 non
1659 1846 1787 1892 fallit.

1885 1778 1888 1825 i

531 1961 539 1977 ¹
564 1956 668 1988 Forte
686 1966 775 1998 quos.
797 1972 838 1979 -·
860 1961 873 1979 ²
888 1964 907 1988 2
928 1956 1009 1988 Tim.
1035 1967 1070 1998 n,
1100 1967 1148 1999 ¹9.
1167 1973 1208 1980 —-
1232 1973 1273 1979 —
1297 1955 1310 1979 ³
1328 1956 1449 1990 Matth.
1482 1968 1564 1998 xxv,
1600 1965 1652 1989 12.
1673 1973 1715 1980 —
1737 1955 1752 1986 4
1777 1958 1855 1989 Luc.
1884 1954 1885 1967 ¹

467 2021 537 2049 χιιι,
552 2019 606 2052 27.

1881 2067 1884 2103 Ι

1882 2110 1883 2123 ι

1881 2131 1883 2149 A

1881 2163 1883 2175 ι

1880 2214 1882 2228 ι

1879 2242 1882 2262 l
