1867 3320
221 268 357 296 sEnMo
391 268 491 305 v111,
527 267 580 294 DE
613 266 753 294 DECEM
786 263 931 294 PLAGls
964 268 1014 295 ΕΤ
1047 271 1287 299 raimerus.
1357 262 1438 300 225

66 343 156 378 tum
177 332 231 376 de
249 335 337 376 Deo
352 366 362 386 ,
394 346 531 375 unum
557 330 611 374 de
637 346 725 375 uno
744 365 754 385 ,
779 331 1052 389 unigenitum
1077 342 1120 376 et
1141 345 1408 380 coaeternum
1426 358 1437 394 3

66 401 296 446 Veritatem
319 410 493 460 accepta
516 400 655 446 forma
677 401 786 445 servi
820 410 972 445 natum
995 417 1048 445 ex
1081 402 1246 461 virgine
1275 408 1407 451 Maria
1426 442 1436 461 ,

63 487 231 532 passum
245 507 256 527 ,
281 472 552 527 crucifixum,
573 481 895 530 resurgentem,
918 472 1222 517 ascendentem
1244 493 1254 518 ;
1277 476 1442 536 ubique

64 543 317 598 Veritatem,
344 553 387 587 et
407 558 538 602 quam
562 542 744 602 perfecti
771 543 970 602 capiant,
1004 551 1046 586 et
1069 559 1202 603 quam
1233 546 1440 603 parvulus

0 643 1 656 2
63 628 212 672 capere
233 622 402 672 potest3
428 613 682 667 Veritatem,
708 612 810 655 etin
833 628 958 671 pane,
981 613 1084 656 etin
1105 612 1243 671 lacte,
1269 615 1314 658 in
1332 631 1443 674 pane

0 710 2 741 1
61 698 316 741 magnorum
335 717 345 736 ,
374 683 419 726 in
444 681 555 726 laete
576 681 852 741 pavulorum.
891 681 1012 725 Idem
1034 683 1197 743 quippe
1218 685 1340 743 panis
1358 720 1368 738 ,
1394 695 1444 729 ut

0 749 3 832 l
61 751 126 797 lac
148 753 223 796 fiat
242 788 253 807 ,
284 767 360 812 per
382 767 556 796 carnem
586 751 813 811 trajicitur.
845 752 930 804 Qui
964 762 1107 797 autem
1143 754 1245 798 huie
1272 754 1442 799 veritati

0 841 3 900 Ι
61 822 385 877 contradicunt,
412 833 455 866 et
475 823 519 866 in
541 838 617 866 sua
639 823 829 866 vanitate
851 815 1023 882 decepti
1047 824 1272 884 decipiunt
1289 861 1300 879 ,
1327 842 1442 870 ranae

0 907 31 952 ξ,
59 902 162 936 sunt
197 892 375 936 taedium
410 891 643 935 inferentes
672 891 846 935 auribus
865 927 875 946 ,
902 908 990 936 non
1019 894 1163 937 eibum
1201 896 1436 940 mentibus.

0 961 5 1051 ἱ
60 962 174 1007 Audi
211 963 399 1022 denique
422 962 619 1007 homines
648 962 962 1006 rationabiliter
997 962 1226 1023 loquentes
1253 985 1261 1009 :
1293 985 1311 1007 «
1342 969 1441 1011 Non

1 1059 5 1092 Ι
62 1051 82 1074 »
117 1042 218 1077 sunt
238 1032 424 1092 loquelae
440 1067 450 1086 ,
475 1048 618 1092 neque
640 1047 856 1077 sermones
877 1068 887 1088 ,
913 1049 1102 1093 quorum
1131 1050 1220 1078 non
1256 1035 1441 1080 audian-

1 1109 6 1162 ζ
63 1122 82 1144 »
118 1112 189 1147 tur
210 1118 332 1147 voces
351 1118 500 1147 eorum
518 1122 526 1146 :
545 1102 620 1147 sed
636 1118 763 1147 voees
780 1119 870 1147 non
893 1104 1065 1161 inanes,
1081 1106 1180 1164 quia
1198 1105 1243 1148 in
1266 1121 1441 1150 omnem

2 1167 7 1234 ’1
63 1191 82 1214 »
118 1182 273 1217 terram
296 1173 399 1217 exiit
416 1188 546 1216 sonus
563 1188 741 1227 eorum,
769 1183 811 1216 et
829 1174 873 1216 in
895 1175 1002 1217 fines
1022 1174 1138 1218 orbis
1161 1184 1286 1219 terrae
1309 1177 1441 1220 verba

3 1237 8 1341 Ι
62 1261 81 1283 »
117 1259 265 1287 eorum
286 1246 345 1286 ².»
370 1244 411 1288 Si
435 1252 580 1287 autem
604 1253 647 1287 et
670 1259 792 1288 ranas
816 1245 877 1288 vis
900 1260 922 1288 e
945 1246 1161 1290 contrario
1180 1246 1438 1305 intelligere,

4 1346 8 1367 ,
59 1313 182 1357 illum
217 1329 388 1358 versum
416 1314 572 1358 Psalmi
600 1313 740 1358 recole
767 1334 775 1358 2
805 1334 823 1355 «
850 1317 970 1359 Vana
1008 1316 1145 1359 locuti
1173 1327 1275 1361 sunt
1303 1333 1441 1361 unus-

4 1382 10 1468 Ι
61 1401 81 1425 »
116 1385 298 1444 quisque
321 1384 373 1428 ad
396 1385 637 1444 proximum
657 1400 785 1428 suum
803 1387 835 1427 ⁶².
861 1402 880 1425 »

130 1457 203 1498 IV.
242 1455 434 1498 Tertium
466 1464 730 1513 praeceptum
757 1473 765 1497 2
797 1473 817 1495 «
854 1457 1076 1499 Memento
1117 1454 1232 1499 diem
1269 1458 1440 1502 sabbati

60 1542 79 1565 »
114 1525 380 1569 sanctificare
412 1540 510 1568 eum
526 1526 557 1567 ³.
588 1543 606 1565 »
635 1527 684 1568 In
707 1525 833 1568 tertio
855 1524 935 1569 isto
954 1535 1172 1585 praecepto
1195 1528 1438 1572 insinuatur

56 1595 256 1656 quaedam
276 1596 510 1640 vocationis
533 1595 714 1639 indictio
733 1631 742 1649 ,
769 1611 868 1655 quae
891 1606 954 1640 cst
977 1596 1118 1640 cordis
1148 1598 1439 1658 tranquillitas

57 1681 104 1709 ac
123 1666 301 1719 mentis,
325 1680 455 1724 quam
476 1664 577 1708 facit
602 1665 714 1708 bona
738 1665 1013 1709 conscientia.
1037 1667 1102 1709 Ibi
1125 1669 1406 1713 sanctificatio
1423 1704 1433 1722 ,

8 1718 14 1882 ι
55 1736 156 1796 quia
178 1735 235 1779 ibi
261 1735 440 1795 Spiritus
458 1735 547 1779 Dei.
565 1735 764 1794 Denique
785 1735 928 1778 videte
947 1738 1233 1791 vocationem,
1252 1739 1333 1782 hoc
1354 1749 1433 1793 est,

54 1805 258 1865 quietem.
283 1807 420 1863 Super
439 1819 568 1864 quem
585 1839 596 1858 ,
624 1804 764 1863 inquit
786 1838 796 1858 ,
825 1805 1064 1863 requiescet
1085 1807 1260 1865 spiritus
1285 1824 1405 1853 meus
1420 1813 1437 1852 ὲ·

9 1886 20 2380 ἱ
60 1893 79 1917 (ι
115 1878 251 1934 Super
264 1874 472 1918 humilem
495 1883 539 1918 et
559 1875 755 1933 quietum
776 1883 818 1917 et
841 1883 1097 1919 trementem
1113 1877 1244 1921 verba
1268 1882 1433 1922 mea⁴.»

55 1945 239 2005 Inquieti
261 1960 362 2002 ergo
386 1943 579 1987 resiliunt
601 1945 655 1988 ab
676 1943 836 2001 Spiritu
859 1954 1034 1999 sancto,
1060 1947 1248 1991 rixarum
1270 1960 1436 1994 amato-

54 2031 118 2060 res
138 2050 148 2069 ,
174 2014 488 2059 calumniarum
512 2013 789 2058 seminatores
808 2049 818 2067 ,
843 2015 1133 2059 contentionis
1165 2034 1296 2075 quam
1320 2022 1435 2064 veri-

58 2086 151 2131 tatis
186 2086 455 2145 cupidiores,
495 2084 796 2144 inquietudine
824 2100 899 2129 sua
924 2101 1010 2129 non
1035 2086 1088 2129 ad
1119 2102 1162 2129 se
1196 2087 1436 2135 admittunt

56 2156 244 2217 quietem
264 2155 430 2200 sabbati
445 2154 694 2214 spiritalem.
708 2158 869 2199 Contra
890 2156 1069 2199 istorum
1089 2157 1432 2215 inquietudinem

58 2225 239 2280 dicitur,
263 2235 467 2285 tanquam
492 2234 540 2269 ut
569 2225 800 2268 sabbatum
825 2225 1012 2269 habeant
1051 2226 1092 2269 in
1123 2227 1253 2270 cordi·
1281 2231 1438 2274 sancti-

59 2296 299 2342 ficationem
341 2296 521 2355 Spiritus
555 2296 655 2339 Dei:
684 2298 827 2339 «Esto
849 2331 858 2348 ‚
891 2297 1058 2356 inquit,
1099 2310 1348 2343 mansuetus
1383 2302 1435 2345 ad

63 2384 82 2410 n
117 2367 381 2412 audiendum
405 2367 611 2420 verbum,
641 2375 687 2410 ut
712 2366 924 2423 intelligas
944 2370 974 2409 ζ’.
1007 2386 1024 2405 n
1051 2368 1166 2419 Quid
1187 2367 1436 2416 intellectu-

61 2452 131 2483 rus
162 2454 254 2482 sum
275 2440 292 2482 P
327 2442 461 2481 Deum
491 2436 731 2491 dicentem,
770 2440 891 2480 (ἰὼ-,53
929 2437 982 2480 ab
1009 2438 1310 2498 inquietudine
1336 2452 1404 2486 tua
1427 2480 1436 2493 ,

121 2542 127 2557 ¹
153 2522 391 2573 1¹sat‘.xv2=1,.‘1.
417 2550 442 2555 --
480 2540 489 2554 ²
516 2533 559 2565 ΙιΙ.
584 2545 634 2574 xi,
665 2535 693 2565 3.
718 2550 755 2554 —-
783 2533 904 2564 *liunt
934 2544 985 2573 xx,
1003 2538 1033 2565 ὃ.
1067 2535 1320 2571 ·*··'·1>.*·i.1.u1.
1346 2551 1375 2569 χρ,
1427 2558 1430 2561 ,

63 2586 76 2612 ⁶
96 2589 189 2622 lit-cli.
211 2602 242 2629 v,
268 2591 316 2622 ¹3.

249 2655 399 2683 (mxlv.
1209 2649 1251 2683 Ι..)

20 2683 26 2895 ι

23 3025 32 3320 ι
