1867 3320
437 282 574 312 snmvro
606 284 649 314 v.
684 282 739 315 ,DE
771 278 1038 312 Lucumoni:
1070 281 1211 312 neon.
1438 273 1523 313 203

140 362 230 398 tare
261 350 553 396 humilitatem
583 358 626 394 et
647 350 824 409 vestigia
852 348 1027 394 Domini
1058 350 1150 405 tui,
1171 359 1215 394 et
1236 350 1327 395 noli
1349 351 1492 396 dicere
1511 386 1522 406 ‚

137 423 242 478 Quis
258 421 376 467 istud
395 421 527 467 facit?
545 423 621 466 Est
642 420 756 466 circa
774 429 815 465 te
833 419 944 466 forte
962 429 1006 464 et
1022 420 1099 480 qui
1116 435 1206 465 non
1227 419 1347 465 facit.
1370 422 1455 467 Sed
1478 423 1524 466 in

138 495 209 540 illa
230 494 359 538 turba
380 495 413 538 si
437 503 488 538 tu
509 492 661 538 feceris
678 528 689 548 ‚
715 492 774 537 sic
792 492 872 537 tibi
885 491 1228 551 computabitur,
1249 491 1472 551 quomodo
1494 492 1527 536 si

137 566 331 611 invenias
354 566 398 609 in
421 581 518 609 area
540 580 679 608 unum
699 579 883 623 granum
900 598 912 620 ,
938 572 981 607 et
1001 563 1144 623 paleas
1167 562 1375 607 infinitas.
1406 563 1528 606 Diffi-

138 638 219 684 cile
240 637 407 682 invenis
429 635 519 682 duo
538 651 670 694 grana
692 633 820 680 simul
838 636 990 695 juncta
1007 653 1016 680 :
1033 634 1108 680 sed
1129 634 1242 679 inter
1261 649 1392 693 grana
1406 633 1528 692 palea

138 708 371 754 commixta
393 716 471 751 est.
512 707 580 752 Sic
604 707 717 750 inter
738 721 810 751 eos
837 706 914 766 qui
931 705 1089 751 servire
1105 704 1263 750 volunt
1279 706 1370 748 Deo
1386 738 1396 758 ,
1422 712 1531 747 stre-

138 779 254 840 pitus
271 787 315 823 et
332 777 570 823 multitudo
587 786 651 821 est
666 775 886 821 malorum
896 777 1125 821 hominum
1144 774 1418 820 circumdans
1436 773 1531 819 illos

142 849 339 910 undique
358 866 368 901 ;
396 849 497 909 quia
519 863 799 908 quocumque
821 863 865 892 se
888 847 1099 892 verterint
1117 882 1128 902 ,
1154 862 1246 892 non
1268 845 1500 890 inveniunt
1518 881 1528 901 ,

140 920 221 964 nisi
244 920 378 964 malos
408 933 618 964 suasores.
647 921 751 963 Esto
773 933 876 977 ergo
898 927 947 962 ut
970 933 1155 977 granum
1172 953 1183 973 ‚
1209 926 1252 962 et
1273 916 1363 961 noli
1381 932 1532 961 curare

139 990 195 1034 de
216 989 354 1050 palea.
386 991 543 1035 Veniet
564 998 735 1049 tempus
757 998 806 1033 ut
830 999 1071 1049 separetur.
1097 989 1202 1034 Ideo
1224 989 1496 1034 cantavimus
1519 1007 1528 1033 :

142 1079 162 1103 «
197 1063 222 1106 J
228 1059 352 1105 udica
368 1075 438 1104 me
449 1063 580 1115 Deus,
595 1069 639 1104 et
653 1059 850 1105 discerne
871 1075 1043 1105 causam
1063 1075 1204 1104 meam
1223 1058 1278 1104 de
1298 1068 1425 1117 gente
1445 1074 1533 1104 non

141 1150 161 1174 »
197 1140 344 1176 sancta
361 1133 390 1175 ¹.
413 1149 432 1172 »
461 1131 651 1176 Ecclesia
669 1131 779 1176 illud
801 1130 906 1176 dicit
932 1147 1108 1190 gemens
1135 1132 1248 1176 inter
1268 1139 1530 1191 peccatores.

139 1203 305 1247 Putatis
323 1237 333 1257 ,
360 1200 512 1246 fratres
532 1238 542 1258 ‚
568 1203 671 1263 quia
690 1202 744 1247 ad
760 1204 844 1248 hoc
865 1202 962 1248 vult
981 1218 1026 1247 se
1041 1202 1228 1247 discerni
1250 1201 1460 1257 Ecclesia,
1485 1212 1535 1247 ut

139 1273 194 1317 ab
220 1272 456 1317 haeresibus
474 1282 683 1333 tanquam
707 1274 934 1318 sarmentis
949 1273 1138 1333 praecisis
1156 1274 1413 1332 separetur?
1437 1275 1534 1317 Jam
1586 1272 1587 1275 ’

140 1343 195 1387 ab
217 1343 316 1402 ipsis
339 1352 533 1402 separata
556 1352 633 1387 est.
649 1343 875 1403 Numquid
896 1344 954 1388 ita
977 1343 1084 1387 dicit
1106 1342 1321 1388 Ecclesia:
1338 1362 1357 1385 «
1379 1343 1535 1388 Judica

143 1430 162 1454 »
197 1428 267 1456 me
286 1416 414 1468 Deus,
441 1421 484 1456 et
501 1413 696 1458 discerne
719 1428 888 1457 causam
913 1429 1053 1458 meam
1068 1432 1087 1455 »
1102 1422 1150 1457 ut
1173 1430 1195 1458 a
1215 1423 1337 1473 parte
1360 1414 1533 1470 Donati,
1574 1461 1576 1465 ,

139 1492 215 1527 aut
248 1482 301 1526 ab
329 1483 500 1527 Arianis
520 1518 531 1538 ,
557 1483 627 1528 vel
649 1499 672 1526 a
694 1484 945 1528 Manichaeis
967 1486 1249 1543 segregetur?
1273 1487 1370 1530 Non
1399 1500 1444 1528 se
1467 1500 1537 1529 ro-

140 1562 211 1612 gat
239 1552 449 1608 discerni,
475 1554 555 1597 nisi
578 1554 633 1598 ab
664 1554 730 1598 his
752 1555 828 1614 qui
857 1555 897 1599 ei
917 1555 1039 1599 mixti
1061 1565 1188 1610 sunt,
1225 1571 1334 1616 quos
1363 1565 1537 1615 oportet

140 1631 189 1666 ut
220 1621 376 1666 toleret
415 1638 553 1682 usque
582 1624 627 1666 in
654 1624 803 1668 finem.
839 1625 923 1670 Sed
956 1626 1039 1670 hoc
1071 1625 1207 1672 dicit:
1238 1645 1258 1668 «
1284 1626 1441 1671 Judica
1466 1642 1536 1672 me

143 1710 164 1734 »
200 1695 339 1747 Deus,
372 1701 416 1736 et
447 1692 643 1738 discerne
671 1709 845 1739 causam
877 1710 1018 1741 meam
1047 1715 1055 1741 ε
1089 1715 1109 1738 »
1140 1697 1185 1742 id
1214 1706 1302 1752 est,
1341 1712 1398 1742 ne
1433 1713 1535 1743 cum

144 1763 245 1825 ipsis
273 1762 445 1823 judicer
472 1774 516 1809 et
539 1766 696 1824 perdar
726 1766 771 1810 in
800 1764 871 1810 die
889 1766 1057 1827 judicii.
1083 1770 1194 1812 Nam
1230 1783 1348 1813 nunc
1371 1767 1538 1814 dictum

142 1842 222 1887 est,
249 1834 610 1897 DimjssssffizifflQffl
632 1839 854 1881 crescere²
874 1854 884 1882 z
909 1846 952 1882 et
974 1837 1218 1883 tolerantur
1238 1837 1371 1884 modo
1388 1839 1491 1884 mali
1513 1856 1536 1884 a

143 1904 270 1950 bonis
285 1939 296 1960 ‚
322 1906 367 1949 in
389 1904 459 1949 die
475 1907 627 1966 judicii
649 1907 893 1966 separandi.

198 1973 280 2020 '1V.
296 1972 368 2021 ‘Et
389 1976 488 2021 ideo
512 1977 650 2022 Jacob
673 1977 746 2022 ille
762 2013 773 2033 ‚
798 1978 875 2038 qui
904 1978 1037 2023 modo
1053 1978 1192 2025 lectus
1210 1989 1299 2035 est,
1322 1982 1534 2041 populum

144 2046 356 2105 significat
390 2047 674 2092 christianum
700 2068 709 2093 ε
741 2049 831 2108 ipse
853 2057 916 2093 cst
939 2050 1055 2093 enim
1080 2050 1222 2094 minor
1256 2050 1398 2107 filius3
1435 2053 1535 2112 quia

144 2116 334 2177 populus
357 2116 614 2162 Judaeorum
643 2119 757 2164 Esaii
779 2128 859 2164 est.
893 2123 953 2164 Dc
985 2120 1120 2165 Jacob
1147 2120 1325 2180 quidem
1350 2130 1449 2167 nata
1473 2132 1537 2167 est

146 2202 249 2246 gens
271 2187 526 2232 Judaeorum
542 2223 552 2243 ,
574 2188 649 2233 sed
672 2190 715 2234 in
746 2191 883 2252 figura
906 2192 1038 2249 magis
1068 2192 1178 2236 Esaii
1210 2192 1351 2237 Judaei
1372 2192 1536 2238 intelli-

147 2266 311 2317 guntur
332 2277 340 2303 ;
366 2258 466 2318 quia
488 2259 671 2319 populus
694 2262 830 2320 major
855 2261 1111 2321 reprobatus
1134 2271 1197 2306 est
1212 2297 1222 2317 ,
1244 2262 1432 2322 populus
1455 2279 1535 2308 au-

148 2336 235 2372 tcm
259 2328 400 2372 minor
430 2329 664 2388 primatum
698 2332 877 2390 acecpit.
900 2333 1012 2376 Cum
1030 2332 1159 2377 ctiam
1183 2332 1227 2377 in
1252 2342 1376 2378 utero
1398 2333 1536 2379 lucta-

148 2408 320 2453 rentur,
345 2408 387 2443 ct
418 2400 596 2444 taedium
626 2411 762 2446 mater
794 2410 1035 2461 pateretur,
1069 2403 1171 2463 quia
1197 2404 1538 2464 impellebantur

148 2470 309 2515 viscera
326 2472 438 2530 ejus,
462 2472 520 2516 ait
547 2491 555 2517 z
585 2491 606 2515 «
626 2472 741 2526 Quid
760 2473 864 2517 mihi
888 2473 945 2517 sic
960 2476 978 2518 Ρ
1000 2474 1153 2520 Melius
1177 2476 1281 2519 mihi
1300 2486 1391 2520 crat
1413 2478 1537 2521 steri-

152 2558 172 2583 »
210 2541 305 2587 litas
326 2577 335 2597 ‚
357 2558 487 2603 quam
513 2552 560 2588 ut
583 2544 664 2588 hoc
687 2553 854 2604 paterer
870 2547 931 2587 ³.»
953 2546 1122 2590 Dictum
1146 2556 1209 2591 cst
1227 2547 1263 2591 ci
1283 2563 1304 2591 a
1333 2549 1531 2603 Domino,

199 2633 207 2649 ¹
235 2627 313 2660 Paul.
331 2638 406 2668 xtn,
437 2641 462 2659 1.
486 2646 524 2655 —
556 2637 567 2651 ²
590 2629 710 2662 Matth.
732 2641 797 2670 xin,
816 2630 868 2663 30.
889 2647 929 2654 --
955 2630 966 2654 3
986 2634 1066 2664 Gon.
1087 2642 1164 2672 nv,
1181 2641 1237 2665 22.
