1924 3309
487 327 572 367 146
913 337 947 367 s.
982 337 1211 368 Aucusnm
1247 340 1430 368 EPISCOPI

480 403 553 448 dei
570 417 695 462 posse
717 404 1024 448 tantummodo
1046 404 1246 463 impleri,
1270 420 1361 449 non
1381 406 1538 449 timore
1557 403 1728 462 servili3
1761 403 1873 449 redit

482 473 540 518 ad
561 472 698 530 illud,
719 473 838 519 unde
859 483 951 519 tota
968 490 1097 519 causa
1116 474 1258 534 agitur
1285 493 1294 520 ε
1319 494 1339 518 «
1362 475 1561 530 Vidistis,
1587 475 1747 534 inquit,
1763 490 1872 533 qua-

489 562 510 586 »
543 542 660 589 libus
680 543 833 589 litteris
853 544 977 589 vobis
998 559 1131 588 manu
1154 546 1291 589 mea1.
1316 563 1336 586 »
1372 546 1508 590 Cavet
1523 579 1534 599 ‚
1560 560 1614 588 ne
1640 544 1873 604 quisquam
1902 552 1905 604 Ι

486 615 568 659 sub
590 616 766 660 nomine
797 615 1003 675 Epistolae
1024 616 1114 675 ejus
1146 614 1268 660 fallat
1297 616 1510 662 incautos.
1541 633 1561 657 «
1584 615 1665 667 Qui
1690 615 1870 670 volunt,
1902 605 1905 613 ¹

487 703 507 727 »
542 684 710 745 inquit,
729 684 902 745 placere
920 685 967 728 in
988 700 1133 740 carne,
1154 686 1199 729 hi
1217 695 1381 743 cogunt
1398 701 1473 730 vos
1492 685 1761 740 circumcidi,
1777 694 1876 729 tan-

486 772 507 796 »
542 763 639 798 tum
655 763 706 799 ut
719 755 765 798 in
780 770 909 799 cruce
920 755 1080 800 Christi
1094 755 1443 814 persecutionem
1460 770 1549 799 non
1561 754 1786 814 patiantur
1796 757 1828 797 2.
1850 771 1872 796 »

482 823 678 869 Multum
700 825 815 869 enim
839 824 1212 885 persequebantur
1229 828 1253 870 J
1258 824 1374 869 udaei
1396 840 1469 869 eos
1484 859 1495 879 ,
1516 824 1592 885 qui
1614 823 1877 869 videbantur
1895 842 1897 847 >

486 893 686 939 deserere
729 894 908 940 traditas
946 896 1198 955 hujusmodi
1234 895 1561 941 observationes
1597 913 1606 939 ε
1643 909 1753 954 quos
1785 894 1876 954 ipse
1894 918 1895 924 ι

484 980 618 1025 quam
638 980 729 1011 non
751 966 902 1010 timeat
920 966 1020 1010 satis
1049 965 1238 1011 ostendit
1255 1002 1266 1022 ‚
1286 982 1387 1011 cum
1424 965 1531 1011 tales
1552 965 1717 1010 litteras
1745 965 1876 1009 etiam

483 1051 561 1081 sua
582 1051 718 1081 manu
747 1037 935 1081 scribere
960 1036 1115 1082 voluit.
1142 1039 1278 1082 Docet
1300 1052 1404 1096 ergo
1434 1037 1634 1080 timorem
1665 1035 1810 1080 adhuc
1830 1035 1894 1079 in

482 1106 573 1150 istis
594 1106 765 1165 operari
782 1140 793 1162 ‚
824 1115 1037 1167 tanquam
1055 1107 1138 1151 sub
1177 1109 1293 1166 Lege
1314 1106 1560 1151 constitutis
1575 1135 1591 1160 ‚·
1614 1105 1691 1166 qui
1714 1105 1769 1149 ad
1790 1105 1876 1149 cir-

483 1177 795 1221 cumcisionem
817 1178 975 1221 Gentes
997 1186 1217 1236 cogerent.
1243 1196 1264 1220 «
1288 1179 1440 1237 Neque
1459 1177 1576 1220 enim
1593 1176 1670 1236 qui
1687 1176 1894 1220 circum-v

488 1264 509 1288 »
545 1246 619 1290 cisi
640 1255 766 1301 sunt,
797 1246 842 1290 hi
870 1249 1033 1306 Legem
1065 1246 1368 1292 custodiunt3.
1404 1265 1425 1288 ι)
1462 1245 1588 1290 Illam
1618 1246 1734 1290 enim
1773 1244 1893 1290 dicit:

485 1317 822 1362 custoditionem
843 1317 968 1376 Legis
985 1351 996 1372 ‚
1021 1320 1119 1363 Non
1137 1318 1361 1373 occidere,
1386 1319 1485 1364 Non
1513 1317 1749 1372 moechari,
1779 1319 1893 1362 Non·

483 1385 645 1432 falsum
661 1387 960 1431 testimonium
976 1387 1142 1446 dicere3
1167 1396 1210 1431 et
1232 1388 1266 1431 si
1282 1403 1368 1448 qua
1389 1385 1641 1448 hujusmodi
1660 1385 1716 1430 ad
1738 1386 1877 1431 bonos

486 1473 629 1503 mores
648 1457 865 1517 pertinere
881 1455 1161 1502 manifestum
1179 1467 1271 1502 est:
1292 1474 1392 1518 quae
1413 1458 1494 1502 nisi
1512 1457 1722 1502 charitate
1741 1465 1783 1501 et
1802 1472 1878 1516 spe

488 1528 708 1573 bonorum
731 1537 1017 1582 aeternorum,
1037 1543 1135 1586 quae
1156 1542 1232 1586 per
1249 1526 1381 1571 fidem
1401 1528 1693 1587 accipiuntur,
1709 1525 1893 1586 impleris

490 1612 581 1642 non
602 1612 729 1656 posse
746 1597 837 1656 jam
858 1596 1025 1640 dictum
1047 1605 1125 1640 est.
1155 1615 1175 1639 «
1200 1597 1285 1641 Sed
1304 1596 1459 1641 volunt
1490 1612 1565 1642 vos
1599 1596 1875 1652 circumcidi,

491 1686 512 1710 »
547 1668 714 1728 inquit,
740 1675 790 1711 ut
806 1667 852 1711 in
872 1676 1012 1712 vestra
1035 1666 1276 1726 glorientur
1298 1682 1427 1712 carne
1453 1686 1462 1713 :
1489 1686 1509 1709 »
1536 1667 1582 1712 id
1603 1677 1667 1712 est
1687 1703 1698 1724 ,
1719 1676 1769 1712 ut
1790 1683 1879 1712 non

489 1737 629 1782 solum
652 1753 742 1782 non
772 1738 994 1797 patiantur
1013 1737 1360 1796 persecutionem
1383 1753 1406 1781 a
1436 1737 1620 1793 Judaeis,
1646 1737 1721 1798 qui
1755 1736 1892 1782 nullov

489 1807 621 1852 modo
638 1806 838 1852 ferebant
858 1807 1165 1852 incircumcisis
1187 1811 1347 1866 Legem
1370 1806 1520 1866 prodi,
1541 1807 1616 1851 sed
1634 1808 1763 1852 etiam
1782 1807 1877 1866 glo-

490 1879 657 1922 rientur
689 1877 807 1936 apud
828 1892 928 1931 eos,
958 1877 1078 1935 quod
1110 1885 1197 1920 tam
1227 1875 1389 1920 multos
1413 1877 1653 1935 proselytos
1690 1874 1895 1952 faciunt.†¹

494 1951 550 1993 Ut
570 1949 684 1992 enim
709 1962 848 1992 unum
870 1946 1138 2006 proselytum
1160 1949 1185 1990 J
1190 1947 1304 1990 udaei
1336 1946 1533 1992 facerent
1549 1982 1560 2003 ‚
1585 1963 1703 1993 mare
1724 1958 1767 1993 et
1790 1957 1879 1992 ter-

491 2034 584 2063 ram
614 2033 686 2063 eos
718 2018 900 2063 circuire
921 2017 1081 2073 solere,
1108 2017 1319 2062 Dominus
1356 2017 1466 2062 dixit
1480 2019 1512 2061 4.
1543 2037 1563 2061 «
1588 2019 1696 2063 Mihi
1733 2028 1887 2064 autem·

494 2108 515 2131 ι)
551 2089 659 2133 absit
681 2088 854 2148 gloriari
875 2088 956 2132 nisi
974 2088 1021 2131 in
1049 2102 1178 2133 cruce
1209 2088 1384 2132 Domini
1405 2088 1543 2132 nostri
1565 2091 1668 2133 Jesu
1689 2089 1874 2145 Christi,

495 2178 515 2201 »
550 2174 628 2218 per
649 2174 781 2219 quem
799 2157 905 2202 mihi
923 2156 1114 2201 mundus
1133 2158 1362 2202 crucifixus
1383 2167 1445 2202 est
1459 2193 1469 2213 ,
1495 2167 1539 2202 et
1560 2173 1640 2216 ego
1657 2158 1824 2203 mundo
1842 2161 1873 2203 ⁵.

497 2248 517 2271 »
552 2229 745 2275 Mundus
766 2227 874 2272 mihi
905 2228 1132 2273 crucifixus
1153 2237 1239 2283 est,
1263 2246 1282 2269 »
1310 2228 1394 2283 ait,
1426 2238 1476 2273 ut
1501 2244 1571 2273 me
1593 2245 1684 2274 non
1702 2238 1848 2274 teneat
1864 2219 1897 2293 ,ᾗ

498 2318 519 2341 «
553 2309 596 2345 et
617 2315 698 2359 ego
718 2298 886 2343 mundo
901 2333 912 2354 ,
937 2316 957 2341 »
983 2307 1034 2343 ut
1052 2313 1152 2342 eum
1176 2314 1266 2342 non
1288 2307 1461 2342 teneam
1493 2317 1504 2344 2
1528 2298 1573 2343 id
1607 2308 1695 2355 est,
1720 2309 1770 2344 ut
1797 2299 1896 2358 ne-l}

493 2384 579 2430 que
610 2369 804 2414 mundus
834 2369 942 2413 mihi
974 2383 1129 2413 nocere
1160 2368 1320 2427 possit,
1345 2383 1488 2429 neque
1513 2384 1594 2429 ego
1622 2369 1678 2413 de
1709 2358 1889 2416 mundol

495 2439 659 2500 aliquid
675 2440 862 2499 cupiam.
886 2440 968 2493 Qui
987 2447 1130 2484 autem
1148 2438 1194 2482 in
1211 2454 1341 2483 cruce
1357 2439 1518 2484 Christi
1536 2439 1763 2498 gloriatur,
1787 2454 1876 2485 non

493 2509 590 2554 vult
612 2509 783 2569 placere
803 2511 849 2554 in
870 2525 1029 2569 carne3
1057 2510 1159 2571 quia
1181 2510 1500 2569 persecutiones
1521 2509 1760 2556 carnalium
1787 2525 1875 2556 non

1895 1597 1898 1607 1

562 2606 688 2639 manat.
710 2616 755 2647 n,
784 2616 834 2639 11.
856 2622 897 2629 —
915 2612 928 2629 2
952 2606 1034 2640 Ibid.
1057 2614 1108 2640 12.
1131 2623 1173 2630 -
1193 2603 1306 2640 ³1bid.
1334 2607 1442 2640 13.—-
1460 2605 1612 2640 τιΜιιιιιι.
1641 2617 1737 2649 xxm,
1764 2606 1815 2641 15.
1834 2595 1885 2631 -·‘

494 2657 516 2704 ⁵,
529 2660 631 2695 Galat.
651 2673 696 2704 vi,
722 2660 773 2707 14.
1882 2647 1885 2683 ι
