1924 3309
429 254 483 290 62
853 265 886 292 s.
922 261 1152 292 Aucusnm
1185 265 1366 293 EPISCOPI

426 327 535 387 quid
556 328 610 372 de
629 327 719 387 ipsa
736 327 946 373 Trinitate
963 328 1164 384 dicimus,
1180 329 1382 388 negando
1402 338 1444 374 et
1467 328 1812 389 blasphemando

425 408 728 443 contemnunt.
761 402 859 445 Non
890 401 1005 443 enim
1029 401 1248 459 excipiunt
1268 401 1348 444 sibi
1383 401 1590 460 Spiritum
1613 409 1813 445 sanctum

425 485 555 529 quem
576 479 858 525 venerentur,
884 480 934 515 ut
952 471 995 514 in
1017 480 1171 515 caetera
1190 472 1369 515 saeviant
1390 491 1398 516 ε
1419 472 1494 515 sed
1516 471 1644 516 simul
1660 472 1815 516 adver-

425 556 496 585 sus
519 542 663 585 omnia
691 557 982 601 quaecumque
997 541 1181 586 sollicite
1197 542 1251 586 de
1269 542 1378 586 trina
1403 542 1480 586 Dei
1502 543 1722 602 majestate
1746 542 1814 587 lo-

426 613 618 671 quimur,
635 621 801 672 quanto
825 621 1004 672 possunt
1028 610 1174 656 surore
1192 613 1427 671 impietatis
1450 612 1686 657 oblatrant.
1705 615 1815 658 Nam

425 698 569 742 neque
590 682 645 726 de
666 683 760 742 ipso
774 686 862 727 Deo
882 686 1007 727 Patre
1029 682 1159 740 digna
1181 684 1391 738 sentiunt,
1409 698 1538 743 quem
1564 684 1720 743 partim
1740 699 1817 743 pe-

428 753 546 797 nitus
568 762 731 812 negant
747 789 758 808 ‚
779 753 934 812 partim
961 754 1020 797 sic
1043 752 1258 809 fatentur,
1281 763 1331 797 ut
1348 755 1402 797 de
1423 753 1498 797 illo
1519 753 1625 798 falsa
1648 755 1817 813 fingen-

427 826 500 878 do,
521 840 609 868 non
628 825 782 884 utique
800 823 939 880 illum,
956 825 1029 869 sed
1053 841 1128 869 sua
1150 825 1357 884 figmenta
1374 833 1653 869 venerentur.
1674 824 1817 870 Multo

428 895 564 953 magis
589 910 691 954 ergo
714 894 833 955 quod
848 894 903 938 de
926 894 1031 939 Filio
1054 896 1158 950 Dei,
1179 895 1249 940 vel
1270 896 1324 939 de
1349 896 1510 954 Spiritu
1534 904 1683 939 sancto
1705 894 1817 940 dici-

428 980 524 1009 mus
542 1000 553 1020 ,
591 981 669 1009 suo
698 966 834 1024 impio
860 981 981 1010 more
1012 965 1234 1021 deridere,
1261 982 1393 1026 quam
1416 975 1561 1010 nostra
1584 966 1654 1025 pia
1676 967 1815 1011 socie-

426 1044 515 1078 tate
536 1034 677 1079 colere
700 1034 965 1079 maluerunt.
988 1038 1105 1088 Quos
1128 1044 1274 1079 tamen
1290 1071 1301 1091 ‚
1322 1045 1534 1096 quantum
1553 1051 1783 1095 possumus
1801 1072 1813 1093 ‚

427 1104 710 1149 adhortamur
739 1105 793 1149 ad
822 1106 1043 1150 Christum
1073 1105 1452 1164 cognoscendum,
1495 1116 1538 1150 et
1560 1122 1637 1165 per
1673 1106 1815 1166 ipsum

429 1179 598 1220 Patrem
617 1180 772 1231 Deum,
788 1191 1048 1236 summoque
1068 1185 1111 1220 et
1133 1191 1235 1220 vero
1256 1177 1513 1236 Imperatori
1536 1176 1814 1221 militandum

427 1261 516 1290 esse
540 1245 970 1305 suademu53eosque
987 1248 1195 1304 promissa
1216 1247 1476 1306 impunitate
1498 1248 1816 1306 praeteritorum

427 1316 623 1358 omnium
645 1324 922 1373 peccatorum
948 1315 1180 1359 invitamus
1213 1317 1267 1359 ad
1290 1315 1438 1360 fidem.
1465 1319 1560 1369 Qua
1582 1318 1626 1360 in
1649 1333 1694 1361 re
1717 1318 1816 1361 satis

421 1383 668 1442 judicamus
685 1417 695 1436 ,
733 1384 861 1426 etiam
884 1385 917 1425 si
956 1384 1064 1442 quid
1091 1385 1295 1427 adversus
1320 1384 1526 1443 Spiritum
1549 1395 1747 1430 sanctum
1770 1386 1817 1430 in

427 1468 503 1496 sua
523 1451 727 1510 sacrilega
749 1452 1055 1510 superstitione
1078 1453 1281 1496 dixerunt
1299 1488 1309 1506 ‚
1335 1469 1436 1496 cum
1457 1455 1690 1498 Christiani
1711 1454 1816 1499 facti

427 1523 612 1576 fuerint,
629 1523 718 1565 sine
741 1521 829 1564 ulla
852 1521 1033 1578 caligine
1056 1521 1342 1566 dubitationis
1359 1523 1534 1580 ignosci.
1549 1524 1690 1568 Judaei
1712 1541 1815 1570 vero

427 1593 575 1651 quales
598 1591 800 1635 adversus
825 1590 1031 1648 Spiritum
1062 1600 1259 1635 sanctum
1280 1592 1465 1647 suerint,
1491 1595 1609 1638 testis
1632 1605 1696 1639 est
1721 1598 1816 1641 Ste-

427 1663 597 1721 phanus
613 1696 623 1716 ,
644 1676 775 1721 quem
802 1661 894 1720 ipso
920 1661 1081 1719 Spiritu
1103 1670 1253 1705 sancto
1272 1662 1451 1720 plenum
1474 1663 1780 1722 lapidaverunt
1800 1701 1811 1721 ‚

428 1747 528 1776 cum
544 1731 616 1775 illa
643 1731 785 1775 omnia
807 1746 906 1788 quae
932 1731 976 1772 in
998 1745 1069 1773 eos
1089 1729 1195 1774 dixit
1212 1765 1222 1785 ‚
1247 1731 1337 1790 ipse
1362 1732 1545 1790 Spiritus
1567 1734 1736 1779 dixerit.
1764 1738 1815 1779 In

428 1802 587 1861 quibus
609 1800 750 1844 verbis
773 1799 1038 1858 apertissime
1054 1800 1220 1844 dictum
1243 1810 1306 1864 est
1328 1804 1352 1845 J
1360 1802 1490 1846 udaeis
1517 1821 1525 1847 :
1557 1822 1576 1845 «
1602 1807 1688 1849 Vos
1703 1820 1815 1849 sem-

432 1892 451 1913 »
488 1887 564 1930 per
586 1871 796 1915 restitistis
820 1870 997 1929 Spiritui
1021 1879 1169 1914 sancto
1186 1873 1214 1914 1.
1245 1889 1264 1911 »
1293 1874 1343 1914 In
1366 1871 1441 1916 illo
1464 1882 1610 1917 tamen
1631 1890 1815 1919 numero

430 1941 685 1985 sudaeorum
716 1940 1005 1983 resistentium
1030 1940 1205 1999 Spiritui
1228 1950 1376 1985 sancto
1393 1976 1403 1995 ‚
1431 1951 1475 1985 et
1495 1958 1585 1986 non
1613 1944 1669 1987 ob
1696 1944 1815 1988 aliud

433 2013 703 2071 Stephanum
725 2026 797 2055 vas
821 2012 912 2070 ejus
932 2045 942 2064 ‚
969 2011 1048 2053 nisi
1070 2010 1190 2069 quod
1212 2012 1301 2070 ipse
1323 2027 1374 2055 eo
1394 2012 1544 2069 plenus
1568 2022 1659 2056 erat
1674 2048 1685 2067 ,
1705 2013 1816 2072 lapi-

431 2082 631 2126 dantium
648 2117 658 2136 ,
685 2081 810 2124 etiam
838 2079 996 2123 Paulus
1027 2080 1246 2139 apostolus
1275 2089 1366 2123 erat
1384 2116 1394 2133 ‚
1426 2081 1471 2123 in
1496 2082 1695 2126 manibus
1718 2098 1814 2127 om-

431 2153 552 2197 nium
578 2166 765 2212 quorum
787 2151 1042 2194 vestimenta
1065 2148 1263 2192 servabat
1286 2168 1293 2193 z
1319 2149 1439 2208 quod
1457 2150 1546 2209 ipse
1568 2151 1648 2195 sibi
1667 2163 1814 2211 postea

432 2225 560 2268 etiam
577 2222 836 2282 poenitendo
857 2219 1109 2278 increpitat,
1135 2234 1186 2263 eo
1203 2221 1295 2278 ipso
1321 2220 1481 2278 Spiritu
1500 2223 1591 2281 jam
1615 2222 1815 2281 plenissi-

433 2309 528 2337 mus
544 2327 555 2346 ‚
576 2293 645 2335 cui
671 2292 810 2350 primo
835 2289 1109 2334 inanissimus
1132 2289 1375 2343 resistebat,
1397 2299 1438 2333 et
1457 2294 1733 2352 paratusjam
1751 2293 1816 2338 la·-

434 2362 572 2421 pidari
595 2377 675 2419 pro
697 2360 856 2404 talibus
879 2358 1004 2402 dictis
1026 2377 1033 2402 :
1059 2358 1255 2417 qualium
1284 2359 1612 2418 praedicatorem
1636 2363 1727 2422 ipse
1750 2364 1814 2408 la—

434 2434 674 2491 pidaverat.
716 2429 831 2482 Quid
866 2428 1148 2483 Samaritani,
1185 2443 1330 2472 nonne
1368 2430 1422 2472 ita
1453 2432 1630 2489 Spiritui
1667 2443 1815 2478 saneto

437 2503 735 2555 adversantur,
751 2509 799 2543 ut
817 2500 951 2558 ipsam
970 2499 1244 2559 prophetiam
1260 2500 1432 2559 penitus
1454 2511 1667 2547 conentur
1681 2519 1730 2549 ex
1739 2504 1815 2548 tin-

484 2592 492 2610 ¹
513 2588 586 2619 Act.
608 2596 665 2626 vn,
681 2584 732 2616 51.
