1867 3320
315 270 454 301 senno
486 274 593 312 XLV,
628 276 682 302 DE
716 277 859 304 vx-:nms
890 277 1034 318 ιεΑυ-ε,
1071 284 1172 310 nu.
1345 276 1426 315 547

55 336 210 381 nibus?
230 338 328 382 Sine
346 355 476 398 opere
492 340 693 385 hominis.
715 345 771 386 Et
788 343 896 386 illud
912 345 1101 392 advertat
1115 351 1307 395 Charitas
1320 356 1427 398 ves-

55 415 142 463 tra,
185 407 368 464 fratres,
404 410 595 469 lapidem
635 412 862 471 praecisum
898 414 953 458 de
986 428 1158 475 monte,
1188 430 1230 465 et
1265 421 1428 468 factum

54 491 143 522 esse
164 488 373 524 montem.
400 483 462 524 De
484 491 632 526 monte
648 483 870 542 praecisus,
886 493 929 528 et
945 500 1068 530 mons
1086 487 1221 534 tactus
1237 500 1299 535 est
1315 508 1428 538 cres-

53 548 195 595 cendo
227 568 238 595 ε
265 550 341 595 sed
379 550 519 611 qualis
548 567 672 597 mons
705 552 874 598 factus?
908 558 1005 601 Non
1041 558 1153 612 talis,
1187 560 1325 620 qualis
1360 563 1432 608 ille

53 618 172 664 unde
193 621 397 680 praecisus
424 630 489 666 est
514 640 522 666 z
548 637 649 666 nam
683 623 738 667 de
766 623 840 669 illo
872 636 1044 682 monte,
1080 629 1197 674 unde
1228 633 1427 690 praecisus

53 699 143 746 est,
167 707 258 736 non
275 692 443 737 dictum
467 702 532 737 est
556 713 565 738 :
595 695 780 739 «Crevit
797 706 840 741 et
860 697 1054 756 implevit
1076 701 1317 747 universam
1345 713 1433 748 ter-

51 776 199 805 ram.»
225 765 323 807 Duo
348 772 518 808 montes
537 773 639 808 sunt
667 780 768 824 ergo
794 785 804 811 ;
828 768 992 825 primus
1020 785 1143 815 mons
1167 772 1395 833 Synagoga
1415 793 1426 820 :

51 833 270 878 secundus
297 833 515 879 Ecclesia:
545 836 711 894 primus
743 852 888 893 mons,
921 839 1113 899 populus
1146 841 1427 902 Judaeorum3

49 904 268 949 secundus
287 919 439 960 mons,
464 906 651 965 populus
681 907 959 954 Christianus.
1001 912 1099 966 Sed,
1135 922 1184 957 ut
1205 915 1326 959 fieret
1355 931 1429 974 po-

49 973 180 1034 pulus
201 975 472 1020 Christianus
493 991 674 1034 magnus
706 993 853 1033 mons,
879 989 922 1024 et
955 980 1154 1039 impleret
1183 985 1430 1030 universam

51 1053 234 1101 terram,
258 1046 314 1090 de
341 1046 417 1090 illo
434 1056 581 1091 monte
602 1048 805 1107 praecisus
826 1044 890 1093 est
910 1049 1038 1109 lapiS‚
1071 1052 1172 1110 quia
1194 1053 1248 1097 de
1270 1057 1294 1098 J
1299 1055 1430 1100 udaeis

50 1117 170 1160 venit
204 1116 417 1162 Christus.
460 1120 604 1170 Quare
636 1134 738 1177 ergo
774 1119 866 1163 sine
903 1121 1128 1165 manibus?
1165 1124 1265 1168 Sine
1300 1141 1429 1184 opere

50 1187 261 1232 humano.
285 1188 480 1233 Christus
503 1189 619 1232 enim
642 1198 768 1234 natus
789 1189 844 1234 de
872 1190 1048 1250 Virgine
1062 1227 1072 1247 ‚
1097 1194 1186 1238 sine
1202 1195 1431 1255 complexu

53 1257 242 1304 maritali
264 1269 500 1319 conceptus
517 1269 595 1304 est.

111 1332 210 1374 VII.
236 1333 353 1389 Ergo
386 1331 663 1374 manifestum
691 1331 820 1374 istum
846 1340 1039 1376 montem
1075 1333 1298 1379 habemus.
1333 1338 1426 1380 Non

51 1399 176 1444 nobis
199 1415 495 1460 proponamus
528 1410 716 1454 monteS‚
743 1410 817 1444 aut
839 1400 976 1460 qualis
1003 1412 1065 1446 est
1098 1403 1318 1459 Giddaba,
1354 1415 1429 1450 aut

0 1459 1 1468 ἵ
50 1469 200 1531 quales
235 1480 336 1515 sunt
379 1471 647 1531 quicumque
683 1470 806 1514 nobis
850 1472 1142 1516 nominantur.
1182 1473 1429 1534 Aliquando

52 1541 168 1586 enim
203 1541 433 1586 carnaliter
470 1541 727 1600 accipientes
750 1540 943 1584 homines
961 1576 971 1596 ,
1007 1551 1054 1585 ut
1085 1553 1209 1601 puta,
1238 1544 1387 1602 legunt
1416 1565 1424 1590 :

56 1630 77 1655 «
110 1611 327 1658 Exaudiet
347 1611 473 1656 illum
495 1611 549 1655 de
566 1610 678 1656 coelo
701 1620 847 1656 sancto
864 1614 987 1656 suo1.
1016 1630 1035 1653 »
1066 1615 1180 1658 Bene
1194 1615 1426 1675 aliquando

51 1682 107 1728 de
128 1692 293 1738 monte,
316 1691 359 1727 et
391 1681 586 1742 loquitur
608 1682 829 1727 Christum
856 1700 866 1727 :
891 1690 934 1725 et
960 1693 1142 1727 currunt
1167 1685 1361 1730 homines
1383 1685 1426 1729 in

52 1764 246 1802 montem
268 1769 413 1809 orare,
443 1754 564 1814 quasi
599 1752 660 1796 ibi
695 1752 893 1797 exaudiat
928 1756 1054 1798 Deus.
1091 1755 1327 1800 Carnaliter
1359 1772 1427 1800 sa-

51 1827 217 1887 pientes
232 1862 243 1882 ,
267 1827 371 1886 quia
391 1824 542 1870 vident
566 1823 820 1883 plerumque
842 1823 980 1866 nubes
1003 1824 1211 1867 inhaerere
1237 1826 1282 1869 in
1318 1826 1427 1870 late-

50 1898 171 1943 ribus
192 1898 434 1949 montium‚
470 1893 709 1939 ascendunt
732 1894 776 1936 in
809 1901 1002 1946 montes,
1043 1904 1090 1936 ut
1125 1895 1305 1952 proximi
1343 1897 1426 1941 sint

52 1973 158 2014 Deo.
180 1970 388 2015 Oratione
413 1978 483 2012 tua
503 1967 564 2010 vis
587 1965 836 2022 contingere
860 1964 1026 2007 Deum?
1049 1963 1226 2008 humilia
1255 1975 1309 2009 te.
1343 1970 1427 2010 lte-

52 2056 171 2096 rum,
205 2041 308 2100 quia
332 2039 541 2090 diximus,
575 2037 647 2080 Vis
674 2035 922 2091 contingere
954 2036 1116 2077 neum?
1144 2035 1320 2079 humilia
1349 2047 1390 2081 te
1414 2057 1422 2082 :

52 2127 109 2156 ne
140 2111 370 2156 carnaliter
397 2108 604 2168 accipias,
630 2103 893 2150 descendens
926 2104 970 2147 in
997 2105 1248 2163 liypogzna5‚
1282 2116 1328 2150 ut
1366 2107 1424 2151 ibi

52 2197 176 2242 roges
211 2186 368 2227 Deum.
413 2182 502 2225 Nec
533 2180 786 2236 hypogaeas,
824 2190 902 2219 nce
936 2184 1125 2219 montem
1159 2192 1337 2235 quaems.
1376 2181 1426 2222 ln

54 2251 184 2299 corde
206 2261 284 2297 tuo
311 2251 425 2296 habe
448 2248 758 2300 humilitatem,
784 2255 827 2290 et
850 2249 955 2289 Deus
983 2245 1058 2288 tibi
1092 2245 1211 2290 dabit
1231 2246 1428 2292 altitudi-

53 2339 180 2381 nem3
204 2323 348 2367 veniet
372 2320 427 2366 ad
450 2330 513 2374 te,
534 2329 577 2363 et
605 2319 685 2362 erit
709 2326 851 2362 tecum
881 2316 920 2358 in
956 2314 1160 2359 cubiculo
1186 2325 1273 2361 tuo.
1319 2320 1428 2377 Ergo
1462 2372 1467 2377 ¹

58 2394 233 2456 qualem
256 2402 448 2438 montem
465 2390 674 2435 habemus
688 2388 927 2438 Christum,
950 2384 1179 2429 Ecclesiam
1204 2386 1427 2441 hahemus,

58 2465 295 2511 Ecclesiam
318 2477 526 2507 amemus.
553 2458 696 2505 Crevit
730 2466 772 2501 ct
795 2455 985 2515 implevit
1015 2471 1136 2499 mons
1165 2456 1239 2499 istc
1262 2458 1433 2503 univcr-

59 2552 152 2583 sum
171 2536 322 2581 orbem
346 2543 570 2579 terrarum.
597 2526 871 2574 Manifestum
902 2535 986 2579 est,
1015 2527 1115 2586 quia
1149 2542 1234 2570 non
1257 2538 1357 2573 sunt
1389 2530 1432 2572 in

110 2628 119 2645 ¹
141 2620 222 2654 Psal.
237 2629 305 2659 xix,
328 2628 359 2660 7-

1236 2664 1299 2702 35.
