1867 3320
266 280 403 306 senno
438 280 590 317 xxxvi,
630 283 671 308 ux·
705 284 946 312 pnovssnnnts
977 288 1222 317 SALOMOMS.
1349 282 1431 320 469

60 345 172 389 niam
207 359 338 402 3cum
374 344 488 387 enim
520 345 752 391 reddiderit
785 363 901 402 eam,
933 365 1019 393 non
1041 353 1231 398 habebit.
1263 358 1355 400 Non
1374 359 1431 402 sic

59 414 256 459 redditur
284 414 390 458 fides
423 433 430 457 :
467 423 510 457 ct
536 414 745 471 redditur,
780 427 821 461 et
861 419 1056 464 habetur.
1095 423 1250 468 Mirum
1274 425 1392 472 dictu
1419 448 1427 472 :

57 487 144 533 imo
161 486 194 530 si
216 502 303 530 non
327 484 538 540 redditur,
566 501 654 531 non
673 488 873 535 habetur.

117 559 194 601 IX.
227 555 528 615 «Redemptio
567 557 719 601 animae
748 560 856 615 viri,
892 561 1052 606 divitiae
1072 564 1218 622 ipsius,
1248 569 1432 613 »Merito

0 634 2 637 '
56 627 119 671 itti
136 627 367 672 vanissimo
387 626 511 671 diviti
530 624 752 672 insultavit
775 633 908 686 Deus,
934 641 982 677 ut
1010 632 1262 679 admoneret
1282 652 1358 681 nos
1380 655 1434 682 ne

4 746 10 749 ,
60 697 475 754 tatiaimitaren1ur3
499 697 570 740 cui
588 699 705 756 regio
723 698 939 747 fructuosa
962 705 1211 760 succedens,
1248 707 1435 752 turbavit

56 768 278 814 hominem
301 768 424 826 copia
441 767 539 826 plus
557 784 688 828 quam
701 770 859 830 inopia.
881 775 1096 832 Cogitavit
1113 777 1227 820 enim
1249 777 1363 836 apud
1374 794 1432 833 se,

55 840 202 885 dicens
229 858 238 883 ι
268 858 287 880 «
314 837 430 891 Quid
446 838 625 896 faciam,
645 855 733 899 quo
755 856 1014 902 congregem
1036 843 1202 890 fructus
1224 851 1363 891 meos¹
1379 850 1396 891 ἶ)
1411 867 1430 889 »

58 914 112 955 Et
130 925 230 955 cum
245 919 465 955 aestuasset
487 919 690 966 arctatuS,
705 911 882 957 tandem
904 915 986 958 sibi
1007 916 1119 960 visus
1142 927 1204 962 est
1226 918 1435 963 invenisse

56 981 283 1026 consilium
311 979 420 1025 :sed
442 996 604 1025 vanum
642 982 886 1027 consilium.
934 987 1026 1028 Hoc
1063 987 1177 1029 enim
1210 988 1435 1032 consilium

56 1069 145 1097 non
164 1053 330 1097 invenit
355 1050 605 1110 prudentia,
633 1052 707 1095 sed
728 1053 918 1096 avaritia.
945 1073 964 1095 «
989 1057 1213 1099 Destruam
1231 1092 1241 1110 ‚
1267 1058 1434 1117 inquit,

59 1143 78 1165 »
115 1132 279 1168 veteres
315 1123 547 1182 apothecas
566 1122 771 1178 minoreS‚
797 1132 839 1167 et
856 1139 987 1169 novas
1002 1123 1156 1170 faciam
1180 1128 1407 1187 ampliores
1424 1165 1435 1183 ,

61 1215 78 1235 »
116 1203 159 1238 et
183 1194 378 1253 implebo
408 1209 500 1251 eas;
525 1202 568 1238 et
600 1193 742 1238 dicam
764 1194 918 1238 animae
934 1211 1042 1239 meae
1063 1216 1072 1240 ;
1098 1198 1266 1251 Anima,
1306 1199 1436 1243 habes

113 1264 252 1309 multa
276 1265 406 1320 bona,
442 1264 611 1319 satiare,
642 1255 899 1323 jucundare.
919 1267 990 1310 Ait
1007 1265 1262 1322 ilti;Stutte‚
1280 1269 1324 1312 in
1347 1286 1433 1329 quo

116 1337 195 1381 tibi
219 1338 388 1396 sapiens
427 1335 612 1381 videris?
649 1335 795 1391 stulte,
832 1336 938 1396 quid
967 1337 1131 1381 dixisti?
1153 1339 1256 1383 Dico
1280 1342 1433 1384 animm

58 1428 77 1451 »
115 1424 222 1453 meae
247 1428 254 1453 :
287 1409 430 1452 Habes
448 1408 587 1452 multa
615 1409 746 1463 bona,
762 1409 929 1453 satiare.
956 1412 1043 1453 Hac
1067 1419 1193 1453 nocte
1215 1412 1435 1456 auferetur

0 1535 2 1537 ‚
57 1498 78 1521 »
113 1495 137 1524 a
168 1489 209 1523 te
236 1479 378 1523 anima
414 1487 485 1522 tua
513 1498 520 1522 :
548 1478 641 1522 haec
663 1494 761 1537 quae
787 1480 944 1537 parasti
971 1481 1093 1539 cujus
1111 1490 1237 1524 crunt
1254 1483 1295 1522 ²?
1317 1482 1433 1534 Quid

0 1549 2 1578 ²
58 1569 77 1592 »
98 1551 214 1594 enim
230 1549 407 1610 prodest
422 1550 606 1605 homini,
619 1551 653 1594 si
669 1560 810 1595 totum
828 1551 1041 1595 mundum
1059 1552 1267 1608 lucretur,
1281 1555 1432 1598 animae

57 1640 77 1663 »
105 1630 252 1666 autem
284 1637 373 1666 suae
395 1621 707 1666 detrimentum
730 1622 917 1680 patiatur
933 1624 976 1665 ³?
1001 1622 1104 1667 Ideo
1139 1644 1156 1664 κ
1179 1624 1433 1683 Redemptio

56 1711 76 1734 »
110 1693 264 1736 animae
283 1692 378 1747 viri,
400 1691 561 1736 divitiae
576 1693 712 1752 ejus.»
735 1694 821 1735 Has
834 1692 907 1736 ille
928 1709 1061 1737 vanus
1085 1703 1127 1738 et
1147 1694 1302 1738 stultus
1323 1695 1433 1738 divi-

56 1764 131 1807 tias
156 1779 245 1806 non
262 1762 470 1806 habebat.
496 1762 697 1806 Animam
721 1762 882 1821 quippe
904 1778 1023 1806 suam
1046 1763 1324 1820 eleemosynis
1348 1780 1434 1808 non

56 1832 318 1886 redimebat,
362 1831 530 1877 fructus
549 1833 762 1891 perituros
793 1832 1023 1876 condebat.
1060 1833 1354 1887 Recondchat‚
1379 1836 1437 1878 in-

54 1919 204 1966 quam,
231 1904 445 1963 perituros
467 1903 636 1947 fructus
654 1902 871 1962 periturus
890 1937 900 1957 ,
926 1901 1034 1946 nihil
1049 1903 1230 1961 largiens
1256 1906 1436 1948 Dmnino

55 1976 110 2020 ad
131 1990 262 2035 quem
280 1974 421 2018 fuerat
445 1973 650 2017 exiturus.
678 1976 816 2026 Quam
837 1970 1026 2017 frontem
1049 1973 1273 2017 habiturus
1299 1985 1360 2018 ost
1393 1977 1432 2018 in

54 2044 326 2106 illojudicio‚
348 2060 447 2089 cum
472 2043 622 2088 audire
641 2044 852 2103 coeperit:
883 2063 902 2086 «
929 2045 1118 2098 Esurivi,
1159 2053 1200 2087 et
1233 2060 1318 2087 non
1355 2047 1432 2087 de-

58 2136 78 2159 »
114 2116 213 2161 disti
234 2116 341 2160 mihi
363 2114 678 2161 manducare‘?
702 2134 721 2156 »
750 2115 951 2159 Animam
985 2115 1097 2158 enim
1133 2130 1251 2159 suam
1282 2131 1431 2174 ςυμπ-

57 2188 154 2232 ssuis
199 2196 241 2231 et
281 2186 423 2231 nimiis
462 2186 600 2246 epulis
634 2186 787 2230 satiare
826 2185 1048 2245 cupiebat,
1095 2201 1329 2245 pauperum
1371 2196 1431 2230 tot

56 2259 205 2302 inanes
250 2266 420 2302 ventres
468 2256 798 2316 superbissimus
839 2256 1157 2300 contemnebat.
1210 2258 1430 2301 Nesciebat

55 2343 298 2390 pauperum
319 2337 490 2373 ventres
512 2328 731 2388 apothecis
749 2329 834 2372 suis
847 2343 934 2372 csse
959 2328 1147 2371 tutiores.
1174 2329 1299 2380 Quod
1318 2329 1429 2371 cuim

57 2399 324 2446 recondebat
341 2399 386 2443 in
404 2398 485 2443 iltis
503 2399 724 2459 apothecis
742 2399 844 2452 suis,
864 2397 1048 2442 fortassis
1067 2408 1108 2441 ct
1124 2415 1144 2441 a
1172 2398 1336 2441 turibus
1355 2414 1430 2440 aaz·

59 2473 280 2518 terebatur
302 2492 310 2517 ε
331 2472 364 2515 si
384 2480 526 2516 autem
547 2470 799 2516 reconderet
819 2472 859 2514 in
880 2486 1114 2529 pauperum
1134 2470 1367 2517 ventribus,
1390 2471 1429 2512 ixi

69 1284 78 1306 υ

59 1285 68 1309 )

59 1355 68 1378 )

70 1357 78 1378 υ

121 2577 128 2592 ¹
168 2573 230 2602 Luc
270 2582 327 2607 (u,
370 2582 416 2610 ¹7-
450 2587 483 2590 -ν-
523 2578 534 2591 ⁴¹
569 2570 647 2600 ΙΙιίιΙ.
687 2570 721 2600 18
746 2580 797 2599 ¹¹¹¹¹
842 2586 867 2589 --
893 2567 902 2587 ’ἦ
942 2568 1037 2597 walth
1093 2579 1157 2602 ηι,
1192 2572 1229 2595 -μιῐ
1347 2567 1414 2596 am

61 2639 135 2661 xxv.
156 2627 207 2668 siz
