<?xml version="1.0" encoding="UTF-8"?>
<!DOCTYPE html PUBLIC "-//W3C//DTD XHTML 1.0 Transitional//EN"
    "http://www.w3.org/TR/xhtml1/DTD/xhtml1-transitional.dtd">
<html xmlns="http://www.w3.org/1999/xhtml" xml:lang="en" lang="en">
 <head>
  <title>
</title>
<meta http-equiv="Content-Type" content="text/html;charset=utf-8" />
  <meta name='ocr-system' content='tesseract 3.04.00' />
  <meta name='ocr-capabilities' content='ocr_page ocr_carea ocr_par ocr_line ocrx_word'/>
</head>
<body>
  <div class='ocr_page' id='page_1' title='image "./operaomniaaccura17auguuoft_0078.png"; bbox 0 0 1924 3309; ppageno 0'>
   <div class='ocr_carea' id='block_1_1' title="bbox 1906 0 1916 69">
    <p class='ocr_par' dir='ltr' id='par_1_1' title="bbox 1906 0 1916 69">
     <span class='ocr_line' id='line_1_1' title="bbox 1906 0 1916 69; baseline 0 0"><span class='ocrx_word' id='word_1_1' title='bbox 1906 0 1916 69; x_wconf 68' lang='lat' dir='ltr'>l</span> 
     </span>
    </p>
   </div>
   <div class='ocr_carea' id='block_1_2' title="bbox 492 98 1905 317">
    <p class='ocr_par' dir='ltr' id='par_1_2' title="bbox 492 98 1905 317">
     <span class='ocr_line' id='line_1_2' title="bbox 1900 98 1904 168; baseline 0 0"><span class='ocrx_word' id='word_1_2' title='bbox 1900 98 1904 168; x_wconf 73' lang='grc' dir='ltr'><strong>ἱ</strong></span> 
     </span>
     <span class='ocr_line' id='line_1_3' title="bbox 492 239 1905 317; baseline 0.018 -42"><span class='ocrx_word' id='word_1_3' title='bbox 492 243 546 281; x_wconf 86' lang='grc'>68</span> <span class='ocrx_word' id='word_1_4' title='bbox 911 255 944 283; x_wconf 90' lang='lat' dir='ltr'>S.</span> <span class='ocrx_word' id='word_1_5' title='bbox 980 257 1209 288; x_wconf 72' lang='lat' dir='ltr'><strong>AUGUS‘MM</strong></span> <span class='ocrx_word' id='word_1_6' title='bbox 1242 263 1422 291; x_wconf 82' lang='lat' dir='ltr'>EPISCOPI</span> <span class='ocrx_word' id='word_1_7' title='bbox 1901 239 1905 317; x_wconf 77' lang='grc' dir='ltr'><strong>Ξ</strong></span> 
     </span>
    </p>
   </div>
   <div class='ocr_carea' id='block_1_3' title="bbox 479 316 1913 1507">
    <p class='ocr_par' dir='ltr' id='par_1_3' title="bbox 479 316 1913 1507">
     <span class='ocr_line' id='line_1_4' title="bbox 490 316 1912 392; baseline 0.013 -33"><span class='ocrx_word' id='word_1_8' title='bbox 490 316 728 376; x_wconf 77' lang='lat' dir='ltr'>Evangelio</span> <span class='ocrx_word' id='word_1_9' title='bbox 747 318 905 378; x_wconf 86' lang='lat' dir='ltr'>placari</span> <span class='ocrx_word' id='word_1_10' title='bbox 928 323 1093 381; x_wconf 88' lang='lat' dir='ltr'>possint</span> <span class='ocrx_word' id='word_1_11' title='bbox 1119 344 1127 368; x_wconf 94' lang='lat'>:</span> <span class='ocrx_word' id='word_1_12' title='bbox 1163 325 1320 371; x_wconf 84' lang='lat' dir='ltr'>talibus</span> <span class='ocrx_word' id='word_1_13' title='bbox 1351 329 1603 385; x_wconf 86' lang='lat' dir='ltr'>hominibus</span> <span class='ocrx_word' id='word_1_14' title='bbox 1618 331 1709 391; x_wconf 89' lang='lat' dir='ltr'>jam</span> <span class='ocrx_word' id='word_1_15' title='bbox 1730 332 1872 392; x_wconf 85' lang='lat' dir='ltr'>bapti-</span> <span class='ocrx_word' id='word_1_16' title='bbox 1902 327 1912 377; x_wconf 78' lang='grc' dir='ltr'>Ι</span> 
     </span>
     <span class='ocr_line' id='line_1_5' title="bbox 488 387 1905 459; baseline 0.013 -29"><span class='ocrx_word' id='word_1_17' title='bbox 488 387 591 431; x_wconf 83' lang='lat' dir='ltr'>zatis</span> <span class='ocrx_word' id='word_1_18' title='bbox 613 387 818 433; x_wconf 84' lang='lat' dir='ltr'>Ecclesiae</span> <span class='ocrx_word' id='word_1_19' title='bbox 839 391 981 450; x_wconf 83' lang='lat' dir='ltr'>plenae</span> <span class='ocrx_word' id='word_1_20' title='bbox 1003 404 1133 452; x_wconf 77' lang='lat' dir='ltr'>sunt3</span> <span class='ocrx_word' id='word_1_21' title='bbox 1160 412 1270 456; x_wconf 90' lang='lat' dir='ltr'>quos</span> <span class='ocrx_word' id='word_1_22' title='bbox 1291 407 1438 443; x_wconf 84' lang='lat' dir='ltr'>tamen</span> <span class='ocrx_word' id='word_1_23' title='bbox 1453 400 1662 459; x_wconf 84' lang='lat' dir='ltr'>spiritales</span> <span class='ocrx_word' id='word_1_24' title='bbox 1678 402 1761 445; x_wconf 84' lang='lat' dir='ltr'>viri</span> <span class='ocrx_word' id='word_1_25' title='bbox 1782 401 1872 447; x_wconf 83' lang='lat' dir='ltr'>fra·</span> <span class='ocrx_word' id='word_1_26' title='bbox 1902 394 1905 435; x_wconf 59' lang='lat'>¹÷</span> 
     </span>
     <span class='ocr_line' id='line_1_6' title="bbox 486 457 1913 527; baseline 0.013 -27"><span class='ocrx_word' id='word_1_27' title='bbox 486 465 608 502; x_wconf 84' lang='lat' dir='ltr'>terne</span> <span class='ocrx_word' id='word_1_28' title='bbox 628 457 862 505; x_wconf 89' lang='lat' dir='ltr'>admonere</span> <span class='ocrx_word' id='word_1_29' title='bbox 884 478 973 507; x_wconf 91' lang='lat' dir='ltr'>non</span> <span class='ocrx_word' id='word_1_30' title='bbox 994 474 1183 520; x_wconf 84' lang='lat' dir='ltr'>cessant,</span> <span class='ocrx_word' id='word_1_31' title='bbox 1201 475 1244 510; x_wconf 92' lang='lat' dir='ltr'>et</span> <span class='ocrx_word' id='word_1_32' title='bbox 1266 467 1312 511; x_wconf 93' lang='lat' dir='ltr'>in</span> <span class='ocrx_word' id='word_1_33' title='bbox 1331 468 1483 527; x_wconf 88' lang='lat' dir='ltr'>spiritu</span> <span class='ocrx_word' id='word_1_34' title='bbox 1499 470 1688 515; x_wconf 84' lang='lat' dir='ltr'>lenitatis</span> <span class='ocrx_word' id='word_1_35' title='bbox 1709 471 1874 516; x_wconf 89' lang='lat' dir='ltr'>instan-</span> <span class='ocrx_word' id='word_1_36' title='bbox 1911 501 1913 506; x_wconf 94' lang='lat'>·</span> 
     </span>
     <span class='ocr_line' id='line_1_7' title="bbox 486 529 1874 593; baseline 0.012 -22"><span class='ocrx_word' id='word_1_37' title='bbox 486 536 552 571; x_wconf 87' lang='lat' dir='ltr'>ter</span> <span class='ocrx_word' id='word_1_38' title='bbox 572 529 818 575; x_wconf 89' lang='lat' dir='ltr'>instruunt¹</span> <span class='ocrx_word' id='word_1_39' title='bbox 841 567 851 586; x_wconf 74' lang='grc'>,</span> <span class='ocrx_word' id='word_1_40' title='bbox 878 542 927 576; x_wconf 91' lang='lat' dir='ltr'>ut</span> <span class='ocrx_word' id='word_1_41' title='bbox 948 534 1200 593; x_wconf 82' lang='lat' dir='ltr'>hujusmodi</span> <span class='ocrx_word' id='word_1_42' title='bbox 1231 539 1548 585; x_wconf 84' lang='lat' dir='ltr'>tentationibus</span> <span class='ocrx_word' id='word_1_43' title='bbox 1576 557 1803 586; x_wconf 85' lang='lat' dir='ltr'>occurrere</span> <span class='ocrx_word' id='word_1_44' title='bbox 1824 558 1874 587; x_wconf 88' lang='lat' dir='ltr'>ac</span> 
     </span>
     <span class='ocr_line' id='line_1_8' title="bbox 484 573 1907 697; baseline 0.012 -56"><span class='ocrx_word' id='word_1_45' title='bbox 484 598 680 644; x_wconf 86' lang='lat' dir='ltr'>resistere</span> <span class='ocrx_word' id='word_1_46' title='bbox 698 601 835 659; x_wconf 85' lang='lat' dir='ltr'>parati</span> <span class='ocrx_word' id='word_1_47' title='bbox 857 602 958 657; x_wconf 88' lang='lat' dir='ltr'>sint,</span> <span class='ocrx_word' id='word_1_48' title='bbox 985 612 1027 647; x_wconf 90' lang='lat' dir='ltr'>et</span> <span class='ocrx_word' id='word_1_49' title='bbox 1049 606 1185 664; x_wconf 87' lang='lat' dir='ltr'>magis</span> <span class='ocrx_word' id='word_1_50' title='bbox 1207 607 1392 666; x_wconf 86' lang='lat' dir='ltr'>diligant</span> <span class='ocrx_word' id='word_1_51' title='bbox 1412 609 1458 652; x_wconf 92' lang='lat' dir='ltr'>in</span> <span class='ocrx_word' id='word_1_52' title='bbox 1476 610 1637 654; x_wconf 83' lang='lat' dir='ltr'>Christi</span> <span class='ocrx_word' id='word_1_53' title='bbox 1653 627 1760 671; x_wconf 91' lang='lat' dir='ltr'>pace</span> <span class='ocrx_word' id='word_1_54' title='bbox 1777 627 1875 671; x_wconf 83' lang='lat' dir='ltr'>reg-</span> <span class='ocrx_word' id='word_1_55' title='bbox 1903 573 1907 697; x_wconf 79' lang='grc' dir='ltr'><strong>Ξ</strong></span> 
     </span>
     <span class='ocr_line' id='line_1_9' title="bbox 483 671 1907 734; baseline 0.011 -22"><span class='ocrx_word' id='word_1_56' title='bbox 483 684 586 714; x_wconf 87' lang='lat' dir='ltr'>nare</span> <span class='ocrx_word' id='word_1_57' title='bbox 603 704 614 724; x_wconf 90' lang='lat'>‚</span> <span class='ocrx_word' id='word_1_58' title='bbox 648 686 777 729; x_wconf 89' lang='lat' dir='ltr'>quam</span> <span class='ocrx_word' id='word_1_59' title='bbox 803 671 857 714; x_wconf 93' lang='lat' dir='ltr'>de</span> <span class='ocrx_word' id='word_1_60' title='bbox 881 672 1043 716; x_wconf 88' lang='lat' dir='ltr'>inimici</span> <span class='ocrx_word' id='word_1_61' title='bbox 1061 676 1341 734; x_wconf 84' lang='lat' dir='ltr'>oppressione</span> <span class='ocrx_word' id='word_1_62' title='bbox 1362 678 1515 722; x_wconf 84' lang='lat' dir='ltr'>laetari.</span> <span class='ocrx_word' id='word_1_63' title='bbox 1542 680 1669 732; x_wconf 86' lang='lat' dir='ltr'>Quod</span> <span class='ocrx_word' id='word_1_64' title='bbox 1686 682 1875 726; x_wconf 90' lang='lat' dir='ltr'>inaniter</span> <span class='ocrx_word' id='word_1_65' title='bbox 1904 699 1907 707; x_wconf 95' lang='lat'>·</span> 
     </span>
     <span class='ocr_line' id='line_1_10' title="bbox 483 739 1875 806; baseline 0.01 -24"><span class='ocrx_word' id='word_1_66' title='bbox 483 739 606 783; x_wconf 89' lang='lat' dir='ltr'>fieret</span> <span class='ocrx_word' id='word_1_67' title='bbox 621 774 632 794; x_wconf 87' lang='lat'>,</span> <span class='ocrx_word' id='word_1_68' title='bbox 673 740 706 784; x_wconf 91' lang='lat' dir='ltr'>si</span> <span class='ocrx_word' id='word_1_69' title='bbox 741 740 895 784; x_wconf 87' lang='lat' dir='ltr'>talium</span> <span class='ocrx_word' id='word_1_70' title='bbox 919 752 1198 800; x_wconf 86' lang='lat' dir='ltr'>peccatorum</span> <span class='ocrx_word' id='word_1_71' title='bbox 1224 746 1345 791; x_wconf 91' lang='lat' dir='ltr'>nulla</span> <span class='ocrx_word' id='word_1_72' title='bbox 1368 749 1639 806; x_wconf 87' lang='lat' dir='ltr'>poenitentiae</span> <span class='ocrx_word' id='word_1_73' title='bbox 1659 750 1875 797; x_wconf 86' lang='lat' dir='ltr'>medicina</span> 
     </span>
     <span class='ocr_line' id='line_1_11' title="bbox 482 815 1874 877; baseline 0.01 -24"><span class='ocrx_word' id='word_1_74' title='bbox 482 821 739 855; x_wconf 82' lang='lat' dir='ltr'><strong>remaneret.</strong></span> <span class='ocrx_word' id='word_1_75' title='bbox 765 815 821 856; x_wconf 92' lang='lat' dir='ltr'>Et</span> <span class='ocrx_word' id='word_1_76' title='bbox 845 823 962 858; x_wconf 86' lang='lat' dir='ltr'>certe</span> <span class='ocrx_word' id='word_1_77' title='bbox 989 826 1171 860; x_wconf 88' lang='lat' dir='ltr'>caveant</span> <span class='ocrx_word' id='word_1_78' title='bbox 1192 818 1269 877; x_wconf 88' lang='lat' dir='ltr'>qui</span> <span class='ocrx_word' id='word_1_79' title='bbox 1295 819 1378 862; x_wconf 90' lang='lat' dir='ltr'>hoc</span> <span class='ocrx_word' id='word_1_80' title='bbox 1399 820 1595 866; x_wconf 86' lang='lat' dir='ltr'>sentiunt</span> <span class='ocrx_word' id='word_1_81' title='bbox 1611 856 1622 876; x_wconf 92' lang='lat'>‚</span> <span class='ocrx_word' id='word_1_82' title='bbox 1653 837 1709 866; x_wconf 93' lang='lat' dir='ltr'>ne</span> <span class='ocrx_word' id='word_1_83' title='bbox 1736 823 1874 868; x_wconf 87' lang='lat' dir='ltr'>David</span> 
     </span>
     <span class='ocr_line' id='line_1_12' title="bbox 479 882 1908 957; baseline 0.01 -33"><span class='ocrx_word' id='word_1_84' title='bbox 479 882 769 940; x_wconf 84' lang='lat' dir='ltr'>patriarcham</span> <span class='ocrx_word' id='word_1_85' title='bbox 787 883 934 929; x_wconf 81' lang='lat' dir='ltr'>divina</span> <span class='ocrx_word' id='word_1_86' title='bbox 953 884 1167 930; x_wconf 86' lang='lat' dir='ltr'><strong>electione</strong></span> <span class='ocrx_word' id='word_1_87' title='bbox 1190 888 1427 946; x_wconf 87' lang='lat' dir='ltr'>probatum</span> <span class='ocrx_word' id='word_1_88' title='bbox 1459 899 1592 950; x_wconf 88' lang='lat' dir='ltr'>atque</span> <span class='ocrx_word' id='word_1_89' title='bbox 1614 891 1844 937; x_wconf 86' lang='lat' dir='ltr'>laudatum</span> <span class='ocrx_word' id='word_1_90' title='bbox 1860 927 1872 948; x_wconf 90' lang='lat'>‚</span> <span class='ocrx_word' id='word_1_91' title='bbox 1905 895 1908 957; x_wconf 71' lang='lat' dir='ltr'><strong>j</strong></span> 
     </span>
     <span class='ocr_line' id='line_1_13' title="bbox 481 952 1909 1031; baseline 0.008 -36"><span class='ocrx_word' id='word_1_92' title='bbox 481 952 699 1010; x_wconf 78' lang='lat' dir='ltr'>ignorasse</span> <span class='ocrx_word' id='word_1_93' title='bbox 716 953 933 999; x_wconf 82' lang='lat' dir='ltr'>affirment</span> <span class='ocrx_word' id='word_1_94' title='bbox 952 955 1224 1001; x_wconf 90' lang='lat' dir='ltr'>voluntatem</span> <span class='ocrx_word' id='word_1_95' title='bbox 1248 960 1353 1015; x_wconf 87' lang='lat' dir='ltr'>Dei,</span> <span class='ocrx_word' id='word_1_96' title='bbox 1380 975 1480 1004; x_wconf 90' lang='lat' dir='ltr'>cum</span> <span class='ocrx_word' id='word_1_97' title='bbox 1500 961 1654 1005; x_wconf 84' lang='lat' dir='ltr'>alienae</span> <span class='ocrx_word' id='word_1_98' title='bbox 1679 963 1876 1021; x_wconf 87' lang='lat' dir='ltr'>conjugis</span> <span class='ocrx_word' id='word_1_99' title='bbox 1905 963 1909 1031; x_wconf 59' lang='grc' dir='ltr'>ᾖ</span> 
     </span>
     <span class='ocr_line' id='line_1_14' title="bbox 482 1023 1875 1091; baseline 0.009 -26"><span class='ocrx_word' id='word_1_100' title='bbox 482 1038 629 1067; x_wconf 92' lang='lat' dir='ltr'>amore</span> <span class='ocrx_word' id='word_1_101' title='bbox 652 1023 892 1082; x_wconf 80' lang='lat' dir='ltr'>perculsus,</span> <span class='ocrx_word' id='word_1_102' title='bbox 911 1026 1040 1070; x_wconf 86' lang='lat' dir='ltr'>etiam</span> <span class='ocrx_word' id='word_1_103' title='bbox 1055 1028 1261 1072; x_wconf 88' lang='lat' dir='ltr'>maritum</span> <span class='ocrx_word' id='word_1_104' title='bbox 1280 1030 1370 1089; x_wconf 84' lang='lat' dir='ltr'>ejus</span> <span class='ocrx_word' id='word_1_105' title='bbox 1385 1030 1694 1091; x_wconf 87' lang='lat' dir='ltr'>decipiendum</span> <span class='ocrx_word' id='word_1_106' title='bbox 1711 1048 1875 1077; x_wconf 84' lang='lat' dir='ltr'>necan-</span> 
     </span>
     <span class='ocr_line' id='line_1_15' title="bbox 481 1093 1876 1163; baseline 0.009 -26"><span class='ocrx_word' id='word_1_107' title='bbox 481 1093 675 1155; x_wconf 89' lang='lat' dir='ltr'>dumque</span> <span class='ocrx_word' id='word_1_108' title='bbox 697 1096 865 1140; x_wconf 88' lang='lat' dir='ltr'>curavit</span> <span class='ocrx_word' id='word_1_109' title='bbox 878 1100 895 1122; x_wconf 69' lang='lat'>‘²</span> <span class='ocrx_word' id='word_1_110' title='bbox 921 1116 930 1141; x_wconf 76' lang='grc' dir='ltr'>ι</span> <span class='ocrx_word' id='word_1_111' title='bbox 951 1097 1005 1142; x_wconf 89' lang='grc'>(16</span> <span class='ocrx_word' id='word_1_112' title='bbox 1028 1114 1116 1158; x_wconf 92' lang='lat' dir='ltr'>quo</span> <span class='ocrx_word' id='word_1_113' title='bbox 1137 1109 1284 1144; x_wconf 87' lang='lat' dir='ltr'>tamen</span> <span class='ocrx_word' id='word_1_114' title='bbox 1306 1101 1466 1146; x_wconf 89' lang='lat' dir='ltr'>scelere</span> <span class='ocrx_word' id='word_1_115' title='bbox 1487 1117 1588 1147; x_wconf 89' lang='lat' dir='ltr'>cum</span> <span class='ocrx_word' id='word_1_116' title='bbox 1610 1113 1719 1148; x_wconf 90' lang='lat' dir='ltr'>esset</span> <span class='ocrx_word' id='word_1_117' title='bbox 1735 1105 1876 1163; x_wconf 88' lang='lat' dir='ltr'>primo</span> 
     </span>
     <span class='ocr_line' id='line_1_16' title="bbox 480 1165 1876 1232; baseline 0.009 -25"><span class='ocrx_word' id='word_1_118' title='bbox 480 1180 571 1219; x_wconf 87' lang='lat' dir='ltr'>sua,</span> <span class='ocrx_word' id='word_1_119' title='bbox 596 1165 756 1210; x_wconf 88' lang='lat' dir='ltr'>deinde</span> <span class='ocrx_word' id='word_1_120' title='bbox 775 1167 1006 1226; x_wconf 82' lang='lat' dir='ltr'>Prophetae</span> <span class='ocrx_word' id='word_1_121' title='bbox 1027 1184 1134 1213; x_wconf 90' lang='lat' dir='ltr'>voce</span> <span class='ocrx_word' id='word_1_122' title='bbox 1152 1169 1384 1215; x_wconf 89' lang='lat' dir='ltr'>damnatus</span> <span class='ocrx_word' id='word_1_123' title='bbox 1400 1208 1410 1227; x_wconf 89' lang='lat'>‚</span> <span class='ocrx_word' id='word_1_124' title='bbox 1437 1173 1684 1232; x_wconf 90' lang='lat' dir='ltr'>poenitendi</span> <span class='ocrx_word' id='word_1_125' title='bbox 1704 1175 1876 1219; x_wconf 86' lang='lat' dir='ltr'>humili-</span> 
     </span>
     <span class='ocr_line' id='line_1_17' title="bbox 481 1237 1876 1304; baseline 0.01 -27"><span class='ocrx_word' id='word_1_126' title='bbox 481 1243 590 1288; x_wconf 77' lang='lat' dir='ltr'>tate,</span> <span class='ocrx_word' id='word_1_127' title='bbox 616 1245 659 1280; x_wconf 89' lang='lat' dir='ltr'>et</span> <span class='ocrx_word' id='word_1_128' title='bbox 681 1238 848 1295; x_wconf 89' lang='lat' dir='ltr'>peccati</span> <span class='ocrx_word' id='word_1_129' title='bbox 867 1237 1137 1284; x_wconf 87' lang='lat' dir='ltr'>confessione</span> <span class='ocrx_word' id='word_1_130' title='bbox 1155 1240 1364 1286; x_wconf 83' lang='lat' dir='ltr'>liberatus</span> <span class='ocrx_word' id='word_1_131' title='bbox 1388 1253 1465 1287; x_wconf 88' lang='lat' dir='ltr'>est.</span> <span class='ocrx_word' id='word_1_132' title='bbox 1483 1243 1567 1288; x_wconf 91' lang='lat' dir='ltr'>Sed</span> <span class='ocrx_word' id='word_1_133' title='bbox 1584 1243 1715 1303; x_wconf 92' lang='lat' dir='ltr'>plane</span> <span class='ocrx_word' id='word_1_134' title='bbox 1734 1261 1876 1304; x_wconf 89' lang='lat' dir='ltr'>vapu—</span> 
     </span>
     <span class='ocr_line' id='line_1_18' title="bbox 482 1303 1879 1372; baseline 0.01 -25"><span class='ocrx_word' id='word_1_135' title='bbox 482 1303 588 1348; x_wconf 88' lang='lat' dir='ltr'>lavit</span> <span class='ocrx_word' id='word_1_136' title='bbox 609 1305 747 1349; x_wconf 87' lang='lat' dir='ltr'>multa</span> <span class='ocrx_word' id='word_1_137' title='bbox 761 1341 771 1359; x_wconf 82' lang='lat'><strong>‚</strong></span> <span class='ocrx_word' id='word_1_138' title='bbox 801 1317 845 1350; x_wconf 92' lang='lat' dir='ltr'>et</span> <span class='ocrx_word' id='word_1_139' title='bbox 863 1308 1063 1367; x_wconf 84' lang='lat' dir='ltr'>exemplo</span> <span class='ocrx_word' id='word_1_140' title='bbox 1087 1325 1165 1354; x_wconf 92' lang='lat' dir='ltr'>suo</span> <span class='ocrx_word' id='word_1_141' title='bbox 1187 1309 1338 1356; x_wconf 88' lang='lat' dir='ltr'>docuit</span> <span class='ocrx_word' id='word_1_142' title='bbox 1359 1313 1560 1372; x_wconf 84' lang='lat' dir='ltr'>intelligi,</span> <span class='ocrx_word' id='word_1_143' title='bbox 1586 1330 1675 1360; x_wconf 92' lang='lat' dir='ltr'>non</span> <span class='ocrx_word' id='word_1_144' title='bbox 1698 1316 1753 1360; x_wconf 91' lang='lat' dir='ltr'>ad</span> <span class='ocrx_word' id='word_1_145' title='bbox 1770 1332 1879 1361; x_wconf 90' lang='lat' dir='ltr'>sem-</span> 
     </span>
     <span class='ocr_line' id='line_1_19' title="bbox 482 1374 1876 1445; baseline 0.011 -29"><span class='ocrx_word' id='word_1_146' title='bbox 482 1374 696 1433; x_wconf 86' lang='lat' dir='ltr'>piternam</span> <span class='ocrx_word' id='word_1_147' title='bbox 710 1391 905 1434; x_wconf 78' lang='lat' dir='ltr'>poenam,</span> <span class='ocrx_word' id='word_1_148' title='bbox 923 1377 999 1421; x_wconf 88' lang='lat' dir='ltr'>sed</span> <span class='ocrx_word' id='word_1_149' title='bbox 1017 1379 1073 1423; x_wconf 90' lang='lat' dir='ltr'>ad</span> <span class='ocrx_word' id='word_1_150' title='bbox 1088 1381 1347 1426; x_wconf 85' lang='lat' dir='ltr'>severiorem</span> <span class='ocrx_word' id='word_1_151' title='bbox 1365 1382 1637 1443; x_wconf 89' lang='lat' dir='ltr'>disciplinam</span> <span class='ocrx_word' id='word_1_152' title='bbox 1659 1386 1876 1445; x_wconf 86' lang='lat' dir='ltr'>pertinere</span> 
     </span>
     <span class='ocr_line' id='line_1_20' title="bbox 483 1444 1876 1507; baseline 0.011 -19"><span class='ocrx_word' id='word_1_153' title='bbox 483 1444 604 1504; x_wconf 85' lang='lat' dir='ltr'>qnod</span> <span class='ocrx_word' id='word_1_154' title='bbox 626 1446 794 1490; x_wconf 85' lang='lat' dir='ltr'>dietum</span> <span class='ocrx_word' id='word_1_155' title='bbox 820 1456 883 1490; x_wconf 91' lang='lat' dir='ltr'>est</span> <span class='ocrx_word' id='word_1_156' title='bbox 907 1463 930 1491; x_wconf 90' lang='lat' dir='ltr'>a</span> <span class='ocrx_word' id='word_1_157' title='bbox 956 1450 1143 1494; x_wconf 90' lang='lat' dir='ltr'>Domino</span> <span class='ocrx_word' id='word_1_158' title='bbox 1169 1470 1179 1496; x_wconf 71' lang='grc' dir='ltr'><strong><em>ι</em></strong></span> <span class='ocrx_word' id='word_1_159' title='bbox 1210 1470 1230 1493; x_wconf 87' lang='lat'>«</span> <span class='ocrx_word' id='word_1_160' title='bbox 1251 1454 1503 1507; x_wconf 83' lang='lat' dir='ltr'>Quiautem</span> <span class='ocrx_word' id='word_1_161' title='bbox 1527 1457 1650 1500; x_wconf 87' lang='lat' dir='ltr'>novit</span> <span class='ocrx_word' id='word_1_162' title='bbox 1671 1456 1876 1503; x_wconf 88' lang='lat' dir='ltr'>volunta-</span> 
     </span>
    </p>
   </div>
   <div class='ocr_carea' id='block_1_4' title="bbox 485 1509 1911 1708">
    <p class='ocr_par' dir='ltr' id='par_1_4' title="bbox 485 1509 1911 1708">
     <span class='ocr_line' id='line_1_21' title="bbox 485 1509 1911 1598; baseline 0.009 -39"><span class='ocrx_word' id='word_1_163' title='bbox 485 1535 505 1559; x_wconf 92' lang='lat'>»</span> <span class='ocrx_word' id='word_1_164' title='bbox 542 1527 631 1561; x_wconf 89' lang='lat' dir='ltr'>tem</span> <span class='ocrx_word' id='word_1_165' title='bbox 645 1519 820 1563; x_wconf 88' lang='lat' dir='ltr'>Domini</span> <span class='ocrx_word' id='word_1_166' title='bbox 841 1520 923 1574; x_wconf 69' lang='lat' dir='ltr'>sui,</span> <span class='ocrx_word' id='word_1_167' title='bbox 936 1530 979 1565; x_wconf 87' lang='lat' dir='ltr'>et</span> <span class='ocrx_word' id='word_1_168' title='bbox 994 1519 1097 1566; x_wconf 87' lang='lat' dir='ltr'>facit</span> <span class='ocrx_word' id='word_1_169' title='bbox 1114 1522 1242 1581; x_wconf 86' lang='lat' dir='ltr'>digna</span> <span class='ocrx_word' id='word_1_170' title='bbox 1257 1524 1393 1584; x_wconf 83' lang='lat' dir='ltr'>plagis</span> <span class='ocrx_word' id='word_1_171' title='bbox 1410 1527 1635 1586; x_wconf 83' lang='lat' dir='ltr'>vapulabit</span> <span class='ocrx_word' id='word_1_172' title='bbox 1656 1528 1796 1575; x_wconf 87' lang='lat' dir='ltr'>multa</span> <span class='ocrx_word' id='word_1_173' title='bbox 1811 1532 1871 1574; x_wconf 77' lang='lat'>³.»</span> <span class='ocrx_word' id='word_1_174' title='bbox 1906 1509 1911 1598; x_wconf 67' lang='grc' dir='ltr'><strong>Ξ</strong></span> 
     </span>
     <span class='ocr_line' id='line_1_22' title="bbox 1907 1604 1911 1636; baseline 0 0"><span class='ocrx_word' id='word_1_175' title='bbox 1907 1604 1911 1636; x_wconf 79' lang='lat' dir='ltr'>l</span> 
     </span>
     <span class='ocr_line' id='line_1_23' title="bbox 1908 1638 1911 1663; baseline 0 0"><span class='ocrx_word' id='word_1_176' title='bbox 1908 1638 1911 1663; x_wconf 67' lang='lat' dir='ltr'>l</span> 
     </span>
     <span class='ocr_line' id='line_1_24' title="bbox 1907 1676 1911 1708; baseline 0 0"><span class='ocrx_word' id='word_1_177' title='bbox 1907 1676 1911 1708; x_wconf 73' lang='lat' dir='ltr'>l</span> 
     </span>
    </p>
   </div>
   <div class='ocr_carea' id='block_1_5' title="bbox 1902 439 1906 568">
    <p class='ocr_par' dir='ltr' id='par_1_5' title="bbox 1902 439 1906 568">
     <span class='ocr_line' id='line_1_25' title="bbox 1902 439 1906 568; baseline 0 2741"><span class='ocrx_word' id='word_1_178' title='bbox 1902 439 1906 568; x_wconf 95' lang='lat' dir='ltr'> </span> 
     </span>
    </p>
   </div>
   <div class='ocr_carea' id='block_1_6' title="bbox 1903 711 1909 891">
    <p class='ocr_par' dir='ltr' id='par_1_6' title="bbox 1903 711 1909 891">
     <span class='ocr_line' id='line_1_26' title="bbox 1903 711 1909 891; baseline 0 0"><span class='ocrx_word' id='word_1_179' title='bbox 1903 711 1909 891; x_wconf 95' lang='lat' dir='ltr'> </span> 
     </span>
    </p>
   </div>
   <div class='ocr_carea' id='block_1_7' title="bbox 1905 1041 1910 1194">
    <p class='ocr_par' dir='ltr' id='par_1_7' title="bbox 1905 1041 1910 1194">
     <span class='ocr_line' id='line_1_27' title="bbox 1905 1041 1910 1194; baseline 0 2115"><span class='ocrx_word' id='word_1_180' title='bbox 1905 1041 1910 1194; x_wconf 95' lang='lat' dir='ltr'> </span> 
     </span>
    </p>
   </div>
   <div class='ocr_carea' id='block_1_8' title="bbox 1906 1203 1910 1263">
    <p class='ocr_par' dir='ltr' id='par_1_8' title="bbox 1906 1203 1910 1263">
     <span class='ocr_line' id='line_1_28' title="bbox 1906 1203 1910 1263; baseline 0 0"><span class='ocrx_word' id='word_1_181' title='bbox 1906 1203 1910 1263; x_wconf 75' lang='grc' dir='ltr'>Ι</span> 
     </span>
    </p>
   </div>
   <div class='ocr_carea' id='block_1_9' title="bbox 1906 1265 1910 1508">
    <p class='ocr_par' dir='ltr' id='par_1_9' title="bbox 1906 1265 1910 1508">
     <span class='ocr_line' id='line_1_29' title="bbox 1906 1265 1910 1508; baseline 0 1801"><span class='ocrx_word' id='word_1_182' title='bbox 1906 1265 1910 1508; x_wconf 95' lang='lat' dir='ltr'> </span> 
     </span>
    </p>
   </div>
   <div class='ocr_carea' id='block_1_10' title="bbox 485 1589 1913 2447">
    <p class='ocr_par' dir='ltr' id='par_1_10' title="bbox 485 1589 1913 2447">
     <span class='ocr_line' id='line_1_30' title="bbox 542 1589 1876 1655; baseline 0.008 -23"><span class='ocrx_word' id='word_1_183' title='bbox 542 1590 662 1632; x_wconf 86' lang='lat' dir='ltr'>XIX.</span> <span class='ocrx_word' id='word_1_184' title='bbox 687 1591 797 1634; x_wconf 87' lang='lat' dir='ltr'>Nam</span> <span class='ocrx_word' id='word_1_185' title='bbox 820 1602 859 1633; x_wconf 77' lang='lat' dir='ltr'>et</span> <span class='ocrx_word' id='word_1_186' title='bbox 876 1589 988 1634; x_wconf 81' lang='lat' dir='ltr'>illud</span> <span class='ocrx_word' id='word_1_187' title='bbox 1010 1591 1065 1635; x_wconf 93' lang='lat' dir='ltr'>ad</span> <span class='ocrx_word' id='word_1_188' title='bbox 1088 1594 1295 1639; x_wconf 83' lang='lat' dir='ltr'>Hebraeos</span> <span class='ocrx_word' id='word_1_189' title='bbox 1317 1596 1392 1654; x_wconf 86' lang='lat' dir='ltr'>qui</span> <span class='ocrx_word' id='word_1_190' title='bbox 1410 1596 1659 1650; x_wconf 78' lang='lat' dir='ltr'>diligentius</span> <span class='ocrx_word' id='word_1_191' title='bbox 1681 1607 1876 1655; x_wconf 88' lang='lat' dir='ltr'>pertrac-</span> 
     </span>
     <span class='ocr_line' id='line_1_31' title="bbox 485 1658 1911 1728; baseline 0.008 -27"><span class='ocrx_word' id='word_1_192' title='bbox 485 1667 579 1701; x_wconf 88' lang='lat' dir='ltr'>tant</span> <span class='ocrx_word' id='word_1_193' title='bbox 597 1691 607 1710; x_wconf 81' lang='grc'>,</span> <span class='ocrx_word' id='word_1_194' title='bbox 633 1659 692 1700; x_wconf 84' lang='lat' dir='ltr'>sie</span> <span class='ocrx_word' id='word_1_195' title='bbox 715 1658 982 1714; x_wconf 76' lang='lat' dir='ltr'>intelligunt,</span> <span class='ocrx_word' id='word_1_196' title='bbox 1008 1670 1059 1701; x_wconf 86' lang='lat' dir='ltr'>ut</span> <span class='ocrx_word' id='word_1_197' title='bbox 1080 1675 1171 1704; x_wconf 94' lang='lat' dir='ltr'>non</span> <span class='ocrx_word' id='word_1_198' title='bbox 1193 1659 1248 1703; x_wconf 94' lang='lat' dir='ltr'>de</span> <span class='ocrx_word' id='word_1_199' title='bbox 1268 1663 1478 1707; x_wconf 87' lang='lat' dir='ltr'>sacrificio</span> <span class='ocrx_word' id='word_1_200' title='bbox 1500 1665 1783 1711; x_wconf 85' lang='lat' dir='ltr'>contribulati</span> <span class='ocrx_word' id='word_1_201' title='bbox 1800 1684 1877 1728; x_wconf 90' lang='lat' dir='ltr'>per</span> <span class='ocrx_word' id='word_1_202' title='bbox 1908 1665 1911 1672; x_wconf 70' lang='grc'><em>’</em></span> 
     </span>
     <span class='ocr_line' id='line_1_32' title="bbox 485 1714 1912 1802; baseline 0.009 -31"><span class='ocrx_word' id='word_1_203' title='bbox 485 1727 792 1787; x_wconf 86' lang='lat' dir='ltr'>poenitentiam</span> <span class='ocrx_word' id='word_1_204' title='bbox 833 1726 972 1771; x_wconf 86' lang='lat' dir='ltr'>cordis</span> <span class='ocrx_word' id='word_1_205' title='bbox 1011 1728 1313 1787; x_wconf 88' lang='lat' dir='ltr'>accipiendum</span> <span class='ocrx_word' id='word_1_206' title='bbox 1347 1732 1401 1776; x_wconf 87' lang='lat' dir='ltr'>sit</span> <span class='ocrx_word' id='word_1_207' title='bbox 1435 1734 1556 1793; x_wconf 88' lang='lat' dir='ltr'>quod</span> <span class='ocrx_word' id='word_1_208' title='bbox 1583 1736 1750 1781; x_wconf 87' lang='lat' dir='ltr'>dictum</span> <span class='ocrx_word' id='word_1_209' title='bbox 1775 1749 1871 1784; x_wconf 87' lang='lat' dir='ltr'>est:</span> <span class='ocrx_word' id='word_1_210' title='bbox 1907 1714 1912 1802; x_wconf 89' lang='grc' dir='ltr'><strong>Ξ</strong></span> 
     </span>
     <span class='ocr_line' id='line_1_33' title="bbox 490 1797 1913 1882; baseline 0.011 -42"><span class='ocrx_word' id='word_1_211' title='bbox 490 1818 510 1840; x_wconf 89' lang='lat'>«</span> <span class='ocrx_word' id='word_1_212' title='bbox 544 1800 642 1843; x_wconf 93' lang='lat' dir='ltr'>Non</span> <span class='ocrx_word' id='word_1_213' title='bbox 660 1797 804 1841; x_wconf 88' lang='lat' dir='ltr'>adhuc</span> <span class='ocrx_word' id='word_1_214' title='bbox 830 1813 906 1856; x_wconf 83' lang='lat' dir='ltr'>pro</span> <span class='ocrx_word' id='word_1_215' title='bbox 929 1799 1116 1857; x_wconf 88' lang='lat' dir='ltr'>peccatis</span> <span class='ocrx_word' id='word_1_216' title='bbox 1139 1799 1399 1861; x_wconf 84' lang='lat' dir='ltr'>relinquitur</span> <span class='ocrx_word' id='word_1_217' title='bbox 1416 1805 1705 1850; x_wconf 69' lang='lat' dir='ltr'>sacrificium⁴</span> <span class='ocrx_word' id='word_1_218' title='bbox 1732 1828 1741 1853; x_wconf 90' lang='lat'>:</span> <span class='ocrx_word' id='word_1_219' title='bbox 1761 1827 1781 1851; x_wconf 87' lang='lat'>»</span> <span class='ocrx_word' id='word_1_220' title='bbox 1799 1811 1876 1854; x_wconf 85' lang='lat' dir='ltr'>sed</span> <span class='ocrx_word' id='word_1_221' title='bbox 1907 1804 1913 1882; x_wconf 76' lang='grc' dir='ltr'><strong>Ξ</strong></span> 
     </span>
     <span class='ocr_line' id='line_1_34' title="bbox 487 1867 1911 1936; baseline 0.009 -24"><span class='ocrx_word' id='word_1_222' title='bbox 487 1868 542 1912; x_wconf 88' lang='grc'>(16</span> <span class='ocrx_word' id='word_1_223' title='bbox 564 1868 774 1912; x_wconf 87' lang='lat' dir='ltr'>sacrificio</span> <span class='ocrx_word' id='word_1_224' title='bbox 797 1867 850 1911; x_wconf 90' lang='lat' dir='ltr'>de</span> <span class='ocrx_word' id='word_1_225' title='bbox 876 1884 964 1928; x_wconf 87' lang='lat' dir='ltr'>quo</span> <span class='ocrx_word' id='word_1_226' title='bbox 998 1878 1103 1914; x_wconf 84' lang='lat' dir='ltr'>tunc</span> <span class='ocrx_word' id='word_1_227' title='bbox 1125 1869 1389 1930; x_wconf 81' lang='lat' dir='ltr'>loquebatur</span> <span class='ocrx_word' id='word_1_228' title='bbox 1417 1876 1650 1934; x_wconf 86' lang='lat' dir='ltr'>Apostolus</span> <span class='ocrx_word' id='word_1_229' title='bbox 1670 1913 1681 1929; x_wconf 85' lang='lat'><strong>‚</strong></span> <span class='ocrx_word' id='word_1_230' title='bbox 1713 1878 1759 1923; x_wconf 90' lang='lat' dir='ltr'>id</span> <span class='ocrx_word' id='word_1_231' title='bbox 1780 1890 1872 1936; x_wconf 82' lang='lat' dir='ltr'>est,</span> <span class='ocrx_word' id='word_1_232' title='bbox 1907 1887 1911 1910; x_wconf 82' lang='lat'>¹</span> 
     </span>
     <span class='ocr_line' id='line_1_35' title="bbox 485 1938 1875 2007; baseline 0.009 -24"><span class='ocrx_word' id='word_1_233' title='bbox 485 1939 742 1984; x_wconf 84' lang='lat' dir='ltr'>holocausto</span> <span class='ocrx_word' id='word_1_234' title='bbox 765 1938 996 1983; x_wconf 82' lang='lat' dir='ltr'>dominicae</span> <span class='ocrx_word' id='word_1_235' title='bbox 1028 1941 1260 1999; x_wconf 86' lang='lat' dir='ltr'>passionis,</span> <span class='ocrx_word' id='word_1_236' title='bbox 1300 1944 1421 2003; x_wconf 91' lang='lat' dir='ltr'>quod</span> <span class='ocrx_word' id='word_1_237' title='bbox 1447 1961 1498 1991; x_wconf 89' lang='lat' dir='ltr'>eo</span> <span class='ocrx_word' id='word_1_238' title='bbox 1528 1956 1724 2007; x_wconf 79' lang='lat' dir='ltr'>tempore</span> <span class='ocrx_word' id='word_1_239' title='bbox 1746 1952 1875 1996; x_wconf 88' lang='lat' dir='ltr'>offert</span> 
     </span>
     <span class='ocr_line' id='line_1_36' title="bbox 486 2011 1874 2075; baseline 0.01 -23"><span class='ocrx_word' id='word_1_240' title='bbox 486 2011 673 2070; x_wconf 87' lang='lat' dir='ltr'>quisque</span> <span class='ocrx_word' id='word_1_241' title='bbox 691 2025 769 2069; x_wconf 90' lang='lat' dir='ltr'>pro</span> <span class='ocrx_word' id='word_1_242' title='bbox 785 2011 970 2068; x_wconf 88' lang='lat' dir='ltr'>peccatis</span> <span class='ocrx_word' id='word_1_243' title='bbox 988 2012 1074 2054; x_wconf 86' lang='lat' dir='ltr'>suis</span> <span class='ocrx_word' id='word_1_244' title='bbox 1088 2046 1098 2065; x_wconf 85' lang='lat'>,</span> <span class='ocrx_word' id='word_1_245' title='bbox 1125 2028 1213 2071; x_wconf 92' lang='lat' dir='ltr'>quo</span> <span class='ocrx_word' id='word_1_246' title='bbox 1239 2014 1433 2072; x_wconf 85' lang='lat' dir='ltr'>ejusdem</span> <span class='ocrx_word' id='word_1_247' title='bbox 1455 2018 1661 2075; x_wconf 89' lang='lat' dir='ltr'>passionis</span> <span class='ocrx_word' id='word_1_248' title='bbox 1684 2019 1771 2064; x_wconf 89' lang='lat' dir='ltr'>fide</span> <span class='ocrx_word' id='word_1_249' title='bbox 1794 2023 1874 2066; x_wconf 89' lang='lat' dir='ltr'>de-</span> 
     </span>
     <span class='ocr_line' id='line_1_37' title="bbox 487 2081 1876 2148; baseline 0.009 -24"><span class='ocrx_word' id='word_1_250' title='bbox 487 2082 672 2135; x_wconf 80' lang='lat' dir='ltr'>dicatur,</span> <span class='ocrx_word' id='word_1_251' title='bbox 692 2090 733 2124; x_wconf 88' lang='lat' dir='ltr'>et</span> <span class='ocrx_word' id='word_1_252' title='bbox 755 2081 1100 2126; x_wconf 83' lang='lat' dir='ltr'>Christianorum</span> <span class='ocrx_word' id='word_1_253' title='bbox 1124 2082 1318 2127; x_wconf 86' lang='lat' dir='ltr'>fidelium</span> <span class='ocrx_word' id='word_1_254' title='bbox 1337 2086 1513 2130; x_wconf 90' lang='lat' dir='ltr'>nomine</span> <span class='ocrx_word' id='word_1_255' title='bbox 1534 2088 1776 2148; x_wconf 83' lang='lat' dir='ltr'>baptizatus</span> <span class='ocrx_word' id='word_1_256' title='bbox 1797 2093 1876 2137; x_wconf 91' lang='lat' dir='ltr'>im·</span> 
     </span>
     <span class='ocr_line' id='line_1_38' title="bbox 487 2151 1872 2224; baseline 0.009 -28"><span class='ocrx_word' id='word_1_257' title='bbox 487 2152 701 2196; x_wconf 78' lang='lat' dir='ltr'>buitu2ut</span> <span class='ocrx_word' id='word_1_258' title='bbox 723 2152 805 2195; x_wconf 90' lang='lat' dir='ltr'>hoc</span> <span class='ocrx_word' id='word_1_259' title='bbox 827 2151 1131 2210; x_wconf 81' lang='lat' dir='ltr'>significaverit</span> <span class='ocrx_word' id='word_1_260' title='bbox 1148 2155 1398 2212; x_wconf 77' lang='lat' dir='ltr'>Apostolus,</span> <span class='ocrx_word' id='word_1_261' title='bbox 1414 2173 1500 2202; x_wconf 89' lang='lat' dir='ltr'>non</span> <span class='ocrx_word' id='word_1_262' title='bbox 1525 2174 1647 2217; x_wconf 86' lang='lat' dir='ltr'>posse</span> <span class='ocrx_word' id='word_1_263' title='bbox 1669 2161 1872 2224; x_wconf 89' lang='lat' dir='ltr'>deinceps</span> 
     </span>
     <span class='ocr_line' id='line_1_39' title="bbox 488 2223 1912 2309; baseline 0.011 -44"><span class='ocrx_word' id='word_1_264' title='bbox 488 2238 589 2266; x_wconf 90' lang='lat' dir='ltr'>eum</span> <span class='ocrx_word' id='word_1_265' title='bbox 612 2224 688 2282; x_wconf 89' lang='lat' dir='ltr'>qui</span> <span class='ocrx_word' id='word_1_266' title='bbox 710 2223 979 2281; x_wconf 85' lang='lat' dir='ltr'>peccaverit,</span> <span class='ocrx_word' id='word_1_267' title='bbox 1006 2223 1164 2266; x_wconf 84' lang='lat' dir='ltr'>iterum</span> <span class='ocrx_word' id='word_1_268' title='bbox 1188 2224 1448 2284; x_wconf 85' lang='lat' dir='ltr'>baptizando</span> <span class='ocrx_word' id='word_1_269' title='bbox 1473 2231 1661 2288; x_wconf 84' lang='lat' dir='ltr'>purgari.</span> <span class='ocrx_word' id='word_1_270' title='bbox 1683 2235 1781 2286; x_wconf 87' lang='lat' dir='ltr'>Quo</span> <span class='ocrx_word' id='word_1_271' title='bbox 1802 2235 1872 2279; x_wconf 94' lang='lat' dir='ltr'>in-</span> <span class='ocrx_word' id='word_1_272' title='bbox 1907 2236 1912 2309; x_wconf 68' lang='grc' dir='ltr'><strong>Ξ</strong></span> 
     </span>
     <span class='ocr_line' id='line_1_40' title="bbox 488 2292 1912 2380; baseline 0.011 -44"><span class='ocrx_word' id='word_1_273' title='bbox 488 2292 666 2337; x_wconf 89' lang='lat' dir='ltr'>tellectu</span> <span class='ocrx_word' id='word_1_274' title='bbox 689 2309 779 2337; x_wconf 92' lang='lat' dir='ltr'>non</span> <span class='ocrx_word' id='word_1_275' title='bbox 797 2292 1037 2337; x_wconf 86' lang='lat' dir='ltr'>includitur</span> <span class='ocrx_word' id='word_1_276' title='bbox 1059 2295 1301 2352; x_wconf 86' lang='lat' dir='ltr'>poenitendi</span> <span class='ocrx_word' id='word_1_277' title='bbox 1318 2295 1439 2341; x_wconf 89' lang='lat' dir='ltr'>locus</span> <span class='ocrx_word' id='word_1_278' title='bbox 1461 2317 1469 2342; x_wconf 88' lang='grc'>;</span> <span class='ocrx_word' id='word_1_279' title='bbox 1496 2299 1554 2343; x_wconf 87' lang='lat' dir='ltr'>ita</span> <span class='ocrx_word' id='word_1_280' title='bbox 1583 2316 1706 2358; x_wconf 83' lang='lat' dir='ltr'>sane,</span> <span class='ocrx_word' id='word_1_281' title='bbox 1730 2314 1780 2349; x_wconf 91' lang='lat' dir='ltr'>ut</span> <span class='ocrx_word' id='word_1_282' title='bbox 1801 2321 1873 2351; x_wconf 91' lang='lat' dir='ltr'>eos</span> <span class='ocrx_word' id='word_1_283' title='bbox 1907 2316 1912 2380; x_wconf 59' lang='grc' dir='ltr'><strong>Ξ</strong></span> 
     </span>
     <span class='ocr_line' id='line_1_41' title="bbox 488 2363 1912 2447; baseline 0.011 -41"><span class='ocrx_word' id='word_1_284' title='bbox 488 2364 566 2424; x_wconf 90' lang='lat' dir='ltr'>qui</span> <span class='ocrx_word' id='word_1_285' title='bbox 597 2363 795 2407; x_wconf 91' lang='lat' dir='ltr'>nondum</span> <span class='ocrx_word' id='word_1_286' title='bbox 828 2364 1033 2422; x_wconf 82' lang='lat' dir='ltr'>baptizati</span> <span class='ocrx_word' id='word_1_287' title='bbox 1072 2374 1194 2419; x_wconf 89' lang='lat' dir='ltr'>sunt,</span> <span class='ocrx_word' id='word_1_288' title='bbox 1226 2366 1423 2411; x_wconf 90' lang='lat' dir='ltr'>nondum</span> <span class='ocrx_word' id='word_1_289' title='bbox 1445 2369 1617 2428; x_wconf 88' lang='lat' dir='ltr'>plenam</span> <span class='ocrx_word' id='word_1_290' title='bbox 1651 2375 1873 2421; x_wconf 88' lang='lat' dir='ltr'>scientiam</span> <span class='ocrx_word' id='word_1_291' title='bbox 1907 2381 1912 2447; x_wconf 59' lang='lat' dir='ltr'>j</span> 
     </span>
    </p>
   </div>
   <div class='ocr_carea' id='block_1_11' title="bbox 488 2434 1870 2498">
    <p class='ocr_par' dir='ltr' id='par_1_11' title="bbox 488 2434 1870 2498">
     <span class='ocr_line' id='line_1_42' title="bbox 488 2434 1870 2498; baseline 0.01 -21"><span class='ocrx_word' id='word_1_292' title='bbox 488 2435 679 2479; x_wconf 83' lang='lat' dir='ltr'>veritatis</span> <span class='ocrx_word' id='word_1_293' title='bbox 701 2435 912 2493; x_wconf 86' lang='lat' dir='ltr'>accepisse</span> <span class='ocrx_word' id='word_1_294' title='bbox 935 2434 1162 2479; x_wconf 82' lang='lat' dir='ltr'>fateamur.</span> <span class='ocrx_word' id='word_1_295' title='bbox 1188 2439 1250 2480; x_wconf 83' lang='lat' dir='ltr'>Ex</span> <span class='ocrx_word' id='word_1_296' title='bbox 1273 2453 1362 2497; x_wconf 86' lang='lat' dir='ltr'>quo</span> <span class='ocrx_word' id='word_1_297' title='bbox 1384 2441 1614 2486; x_wconf 83' lang='lat' dir='ltr'>conficitur</span> <span class='ocrx_word' id='word_1_298' title='bbox 1629 2479 1640 2498; x_wconf 83' lang='lat'>,</span> <span class='ocrx_word' id='word_1_299' title='bbox 1662 2453 1711 2488; x_wconf 88' lang='lat' dir='ltr'>ut</span> <span class='ocrx_word' id='word_1_300' title='bbox 1732 2447 1870 2491; x_wconf 91' lang='lat' dir='ltr'>omnis</span> 
     </span>
    </p>
   </div>
   <div class='ocr_carea' id='block_1_12' title="bbox 1907 1968 1912 2090">
    <p class='ocr_par' dir='ltr' id='par_1_12' title="bbox 1907 1968 1912 2090">
     <span class='ocr_line' id='line_1_43' title="bbox 1907 1968 1912 2090; baseline 0 1219"><span class='ocrx_word' id='word_1_301' title='bbox 1907 1968 1912 2090; x_wconf 95' lang='lat' dir='ltr'> </span> 
     </span>
    </p>
   </div>
   <div class='ocr_carea' id='block_1_13' title="bbox 1906 2098 1913 2225">
    <p class='ocr_par' dir='ltr' id='par_1_13' title="bbox 1906 2098 1913 2225">
     <span class='ocr_line' id='line_1_44' title="bbox 1906 2098 1913 2225; baseline 0 0"><span class='ocrx_word' id='word_1_302' title='bbox 1906 2098 1913 2225; x_wconf 95' lang='lat' dir='ltr'> </span> 
     </span>
    </p>
   </div>
   <div class='ocr_carea' id='block_1_14' title="bbox 490 2532 1866 2621">
    <p class='ocr_par' dir='ltr' id='par_1_14' title="bbox 490 2532 1866 2621">
     <span class='ocr_line' id='line_1_45' title="bbox 552 2532 1866 2581; baseline 0.005 -19"><span class='ocrx_word' id='word_1_303' title='bbox 552 2537 561 2553; x_wconf 89' lang='lat'>¹</span> <span class='ocrx_word' id='word_1_304' title='bbox 587 2532 689 2563; x_wconf 73' lang='lat' dir='ltr'>Galat.</span> <span class='ocrx_word' id='word_1_305' title='bbox 710 2542 752 2572; x_wconf 76' lang='lat' dir='ltr'>vx,</span> <span class='ocrx_word' id='word_1_306' title='bbox 776 2542 804 2563; x_wconf 89' lang='lat'>1.</span> <span class='ocrx_word' id='word_1_307' title='bbox 823 2547 860 2552; x_wconf 83' lang='lat'>—-</span> <span class='ocrx_word' id='word_1_308' title='bbox 888 2538 899 2552; x_wconf 79' lang='lat'>2</span> <span class='ocrx_word' id='word_1_309' title='bbox 920 2540 938 2562; x_wconf 77' lang='lat'>9,</span> <span class='ocrx_word' id='word_1_310' title='bbox 957 2534 1031 2573; x_wconf 77' lang='lat' dir='ltr'>Reg.</span> <span class='ocrx_word' id='word_1_311' title='bbox 1055 2542 1147 2573; x_wconf 76' lang='lat' dir='ltr'>x1,1‚</span> <span class='ocrx_word' id='word_1_312' title='bbox 1163 2537 1192 2564; x_wconf 74' lang='lat' dir='ltr'>et</span> <span class='ocrx_word' id='word_1_313' title='bbox 1216 2543 1274 2572; x_wconf 86' lang='lat' dir='ltr'>xn,</span> <span class='ocrx_word' id='word_1_314' title='bbox 1299 2544 1327 2565; x_wconf 84' lang='lat'>1.</span> <span class='ocrx_word' id='word_1_315' title='bbox 1349 2551 1389 2556; x_wconf 94' lang='lat'><strong>—</strong></span> <span class='ocrx_word' id='word_1_316' title='bbox 1414 2533 1426 2557; x_wconf 80' lang='lat'>3</span> <span class='ocrx_word' id='word_1_317' title='bbox 1446 2537 1521 2569; x_wconf 89' lang='lat' dir='ltr'>Luc.</span> <span class='ocrx_word' id='word_1_318' title='bbox 1543 2548 1592 2580; x_wconf 82' lang='lat' dir='ltr'>x1‚</span> <span class='ocrx_word' id='word_1_319' title='bbox 1607 2538 1656 2581; x_wconf 53' lang='lat'>&#39;171</span> <span class='ocrx_word' id='word_1_320' title='bbox 1679 2557 1720 2563; x_wconf 87' lang='lat'>—-</span> <span class='ocrx_word' id='word_1_321' title='bbox 1738 2540 1752 2569; x_wconf 70' lang='lat' dir='ltr'>lo</span> <span class='ocrx_word' id='word_1_322' title='bbox 1770 2543 1866 2574; x_wconf 58' lang='grc' dir='ltr'>Πρω,</span> 
     </span>
     <span class='ocr_line' id='line_1_46' title="bbox 490 2587 609 2621; baseline -0.008 -2"><span class='ocrx_word' id='word_1_323' title='bbox 490 2598 508 2619; x_wconf 85' lang='lat' dir='ltr'>x</span> <span class='ocrx_word' id='word_1_324' title='bbox 523 2612 531 2621; x_wconf 81' lang='grc'>,</span> <span class='ocrx_word' id='word_1_325' title='bbox 556 2587 609 2618; x_wconf 82' lang='lat'>26.</span> 
     </span>
    </p>
   </div>
  </div>
 </body>
</html>
