1867 3320
419 275 560 302 sunno
591 274 665 309 nt,
700 275 755 301 DE
787 273 927 300 DECEM
957 275 1146 303 cnonms.
1388 266 1465 304 251

98 339 274 386 bidinis.
309 339 640 399 Ti‘iumphantes
670 338 891 389 exultant,
924 347 968 383 et
995 354 1086 383 non
1106 349 1206 385 sunt
1233 342 1312 385 viri
1328 343 1473 402 jacent

96 409 320 472 prostrati,
346 418 390 454 et
422 409 502 454 viri
535 411 670 454 sunt?
705 410 750 454 Si
780 417 1014 468 spectares,
1051 408 1125 453 ille
1150 410 1230 454 tibi
1256 412 1474 456 videretur

96 481 271 536 fertior,
296 480 372 540 qui
387 481 551 539 jaceret
580 480 660 524 sub
680 479 816 524 bestia
832 513 843 535 ‚
869 493 1002 539 quam
1023 480 1100 539 qui
1128 480 1357 538 perimeret
1376 483 1474 527 bes-

97 551 233 597 tiam?

154 621 278 664 XIII.
303 619 388 665 Sed
409 620 512 680 quia
544 617 820 663 dissimulatis
843 633 866 663 a
888 633 1037 678 pugna
1066 618 1271 662 interiore
1287 653 1298 673 ,
1333 629 1376 664 et
1397 621 1474 664 de-

95 690 260 735 lectant
289 704 364 734 vos
397 703 558 748 pugnae
580 689 830 743 exteriores,
869 687 969 733 ideo
991 703 1080 733 non
1107 687 1240 733 vultis
1262 689 1476 747 pertinere

94 759 151 805 ad
181 759 401 804 canticum
433 772 625 816 novum,
659 757 919 816 ubidicitur
952 776 961 802 :
996 758 1127 812 «Qui
1160 757 1289 803 docet
1323 773 1476 803 manus

95 849 117 872 »
151 843 267 874 meas
287 828 344 874 ad
364 829 590 889 praelium1
608 863 620 885 ‚
644 838 687 874 et
705 828 862 888 digitos
883 844 1000 873 meos
1029 828 1084 873 ad
1114 829 1281 873 bellum
1297 833 1329 873 2.
1354 847 1375 871 υ
1402 833 1478 875 Est

93 900 209 944 enim
231 898 422 955 bellum,
458 898 578 960 quod
609 914 757 944 secum
776 900 863 958 agit
888 900 1044 955 homo,
1082 899 1291 945 dimicans
1325 910 1477 946 contra

93 969 463 1029 concupiscentias
502 968 635 1014 malas
655 1003 667 1024 ,
701 969 877 1014 frenans
921 969 1169 1026 avaritiam,
1203 970 1368 1015 elidens
1402 985 1477 1015 su-

92 1040 287 1100 perbiam
311 1073 324 1094 ‚
356 1039 575 1084 suffocans
621 1039 932 1096 ambitionem,
979 1039 1200 1084 trucidans
1231 1040 1473 1085 libidinem.

94 1111 181 1155 Has
202 1123 370 1167 pugnas
391 1108 496 1154 facis
526 1109 573 1152 in
600 1108 773 1154 occulto
790 1144 802 1165 ,
837 1119 880 1154 et
906 1125 995 1154 non
1026 1110 1209 1154 vinceris
1230 1111 1275 1154 in
1309 1120 1473 1169 aperto.

93 1178 163 1223 Ad
178 1179 263 1224 hoc
278 1178 493 1224 docentur
506 1194 660 1224 manus
680 1189 835 1225 vestrae
852 1179 907 1224 ad
921 1179 1138 1240 praelium,
1153 1189 1196 1224 et
1209 1181 1331 1237 digiti
1348 1182 1478 1224 vestri

93 1248 150 1293 ad
181 1247 362 1293 bellum.
394 1251 492 1295 Non
532 1259 597 1295 est
627 1250 711 1294 hoc
748 1250 794 1293 in
821 1250 1076 1309 spectaculis
1111 1250 1276 1294 vestris.
1314 1252 1364 1294 In
1396 1250 1478 1294 illis

93 1317 349 1378 spectaculis
371 1334 461 1364 non
491 1319 537 1363 id
569 1328 632 1364 est
663 1322 882 1375 Venator,
922 1319 1043 1380 quod
1074 1320 1322 1377 citharista,
1359 1320 1478 1364 aliud

94 1390 185 1447 agit
206 1391 418 1445 Venator,
443 1388 563 1433 aliud
604 1389 824 1434 citharista
849 1409 857 1434 :
885 1390 930 1433 in
952 1389 1198 1448 spectaculo
1232 1389 1310 1433 Dei
1338 1405 1476 1433 unum

96 1468 175 1504 est.
216 1461 364 1518 Tange
403 1460 576 1504 easdem
611 1459 761 1504 decem
798 1460 1007 1514 chordas,
1045 1469 1089 1503 et
1126 1459 1236 1503 ieras
1279 1460 1473 1515 occides,

95 1538 333 1589 utrumque
361 1530 491 1574 simul
526 1529 644 1575 facis.
690 1532 846 1589 Tangis
881 1531 1065 1590 primam
1109 1529 1348 1585 chordam,
1391 1546 1477 1589 qua

94 1615 207 1645 unus
237 1600 395 1645 colitur
424 1603 566 1657 Deus,
601 1600 759 1645 cecidit
787 1601 921 1645 bestia
955 1601 1282 1660 superstitionis.
1321 1602 1476 1659 Tangis

94 1670 356 1725 secundam,
393 1687 478 1731 qua
513 1686 602 1715 non
635 1672 790 1730 accipis
826 1687 987 1715 nomen
1027 1672 1198 1715 Domini
1237 1672 1313 1714 Dei
1340 1672 1402 1715 tui
1430 1672 1476 1715 in

95 1754 285 1798 vanum3
307 1739 464 1784 cecidit
485 1741 621 1784 bestia
639 1741 793 1785 erroris
810 1740 1100 1785 nefandarum
1122 1741 1352 1793 haeresum,
1378 1755 1476 1799 qum

94 1809 139 1854 id
160 1818 440 1868 putaverunt.
463 1811 616 1867 Tangis
637 1812 808 1865 tertiam
831 1809 1040 1855 chordam
1056 1845 1067 1863 ,
1093 1810 1171 1853 ubi
1202 1825 1279 1867 pro
1301 1825 1375 1868 spe
1404 1809 1476 1852 su-

95 1889 204 1924 turae
226 1879 382 1938 quietis
417 1879 519 1922 facis
551 1879 770 1938 quidquid
798 1880 931 1936 iacis,
966 1879 1223 1922 interficitur
1260 1879 1476 1923 crudelior

95 1949 258 1993 caeteris
281 1948 428 1992 bestiis
450 1962 571 1992 amor
600 1947 747 1991 saeculi
769 1949 914 2007 hujus.
942 1951 1123 2006 Propter
1150 1963 1338 1991 amorem
1360 1950 1473 1992 enim

94 2018 241 2063 saeculi
262 2019 392 2077 hujus
409 2017 668 2062 laborabant
684 2018 879 2061 homines
901 2018 946 2060 in
966 2018 1168 2061 omnibus
1185 2018 1364 2074 negotiis
1392 2037 1399 2062 :
1426 2028 1473 2062 tu

95 2097 240 2133 autem
261 2088 306 2131 in
328 2087 529 2131 omnibus
554 2088 678 2131 bonis
700 2087 904 2146 operibus
926 2087 1010 2132 tuis
1027 2087 1174 2131 labora
1189 2121 1200 2140 ,
1227 2102 1313 2130 non
1337 2102 1473 2146 prop-

94 2167 159 2204 ter
181 2172 372 2203 amorem
401 2156 548 2202 saeculi
571 2159 727 2216 hujus,
758 2158 833 2201 sed
867 2166 1042 2216 propter
1070 2157 1374 2216 sempiternam
1405 2172 1473 2200 rc-

94 2229 241 2288 quiem
274 2243 404 2288 quam
441 2227 656 2287 promittit
693 2231 820 2271 Deus.
848 2227 957 2271 Vide
994 2226 1214 2287 quomodo
1237 2236 1473 2286 utrumque

94 2298 222 2343 simul
244 2298 370 2353 facis,
396 2308 439 2343 et
460 2299 643 2343 chordas
663 2299 800 2356 tangis
820 2333 831 2353 ,
856 2308 898 2342 ct
924 2299 1076 2341 bestias
1106 2297 1264 2341 occidis
1279 2332 1289 2351 ‚
1317 2297 1358 2340 id
1381 2307 1443 2341 est
1460 2333 1470 2347 ,

95 2378 139 2413 et
154 2370 372 2414 citharista
392 2385 435 2413 cs
457 2379 498 2413 ct
521 2371 724 2414 Venator.
746 2372 841 2414 Non
859 2384 933 2413 vos
951 2368 1167 2411 delectant
1187 2368 1283 2411 talia
1306 2378 1473 2426 spocta-

95 2439 216 2495 cula,
247 2439 323 2483 ubi
357 2455 446 2486 non
479 2454 778 2499 promeremur
798 2439 945 2484 oculos
968 2438 1172 2491 Editoris,
1213 2436 1284 2480 scd
1324 2439 1472 2481 oculos

95 2510 426 2568 ltedemptorisi‘
446 2528 467 2552 «
485 2512 658 2555 llonora
681 2519 844 2568 patrem
864 2519 986 2554 tuum
1009 2518 1051 2552 ct
1074 2518 1252 2552 matroni
1274 2516 1389 2550 tuam
1414 2527 1421 2551 :
1449 2526 1467 2548 »

148 2600 155 2616 ¹
175 2595 253 2628 psat.
273 2605 351 2635 xvn,
371 2595 420 2627 35.
443 2612 483 2617 —
500 2602 511 2618 ²
534 2596 578 2626 ῙιΙ.
598 2605 701 2634 exani,
731 2606 758 2625 ι.
