1867 3320
208 255 347 286 sumo
378 255 442 284 x11
461 271 473 294 ,
507 255 554 283 m
584 255 655 284 son
688 256 720 294 1,
755 243 799 294 6,
834 254 888 284 ΕΤ
918 253 1084 287 Murri.
1119 260 1164 298 v,
1200 249 1240 288 8.
1325 251 1412 291 279

33 331 131 368 tum
151 320 348 375 Domini,
372 334 613 381 vocemque
635 322 727 380 ejus
754 318 965 380 audierit,
1000 337 1078 366 cur
1106 323 1176 367 isti
1198 325 1342 370 miseri
1361 326 1416 371 de

33 393 196 440 visione
213 392 290 437 Dei
306 391 559 437 calumniari
583 392 815 452 Scripturis
830 427 841 448 ,
867 401 911 437 et
933 393 1155 453 imperitos
1173 407 1418 454 pervertere

21 459 244 509 student?
277 465 554 523 Quapropter
577 464 673 507 haec
701 478 852 508 eorum
874 464 1112 523 propositio
1127 498 1139 519 ,
1171 465 1418 513 brevissima

33 534 310 594 responsione
331 543 574 593 superatur.
597 533 883 588 Quantalibet
903 534 1018 578 enim
1040 534 1306 595 loquacitate
1321 552 1421 596 per-

34 605 230 665 quirant,
248 603 473 663 quomodo
494 603 652 650 viderit
673 603 874 650 diabolus
891 607 1031 650 Deum
1049 624 1058 650 ε
1080 606 1392 665 respondemus
1407 643 1418 663 ,

32 690 122 720 non
141 675 251 719 vidit
271 674 473 719 diabolus
492 678 648 719 Deum.
670 676 824 720 Dicent
841 711 852 731 ,
871 675 1099 729 Quomodo
1121 690 1223 734 ergo
1247 692 1348 721 cum
1370 693 1422 722 eo

32 745 203 792 locutus
221 747 317 789 est?
335 746 415 790 Hic
433 760 537 790 vero
556 761 645 790 non
663 761 686 790 a
706 746 833 791 nobis
851 781 862 801 ,
887 746 964 791 sed
981 763 1005 791 a
1023 747 1149 792 caecis
1170 748 1423 793 hominibus

32 815 329 862 convincenda
350 825 413 860 est
431 817 600 862 caecitas
622 816 765 862 cordis
781 817 991 877 ipsorum.
1018 819 1073 862 Hi
1094 820 1210 862 enim
1233 819 1310 879 qui
1325 835 1421 864 car-

0 907 1 951 i
31 887 202 933 nalibus
222 886 359 932 oculis
376 888 479 933 caeci
496 897 625 943 sunt,
650 888 846 948 quotidie
869 889 992 949 loqui
1023 899 1206 948 possunt
1227 906 1328 935 cum
1350 892 1416 936 his

0 955 1 999 ff
32 974 141 1019 quos
163 957 310 1002 videre
327 974 416 1003 non
438 967 634 1017 possunt.
657 958 891 1012 Quomodo
913 974 1016 1017 ergo
1038 962 1171 1016 venit,
1196 961 1419 1021 inquiunt,

22 1029 78 1074 ·in
104 1038 385 1088 conspectum
406 1029 529 1087 ejus?
547 1029 780 1082 Quomodo
807 1044 948 1074 caecus
972 1030 1019 1074 in
1046 1040 1327 1090 conspectum
1358 1033 1423 1076 vi-

31 1099 198 1154 dentis,
223 1114 356 1160 quem
376 1100 467 1159 ipse
495 1115 584 1144 non
608 1101 835 1160 conspicit.
867 1104 924 1145 Et
945 1102 1040 1146 istae
1068 1102 1246 1163 quidem
1273 1102 1424 1147 simili-

31 1169 202 1216 tudines
221 1205 231 1224 ,
254 1169 521 1214 dilectissimi
539 1169 708 1225 fratres,
733 1170 833 1215 ideo
854 1171 984 1215 dictae
1005 1173 1107 1227 sint,
1127 1181 1177 1216 ut
1192 1173 1422 1217 hominum

32 1240 272 1286 carnalium
305 1240 530 1285 refellatur
563 1241 846 1301 improbitas,
881 1251 932 1286 ut
963 1243 996 1286 si
1030 1243 1124 1286 fieri
1147 1252 1312 1302 potest,
1338 1244 1422 1289 hoc

30 1311 163 1358 modo
191 1312 376 1371 repulsi,
405 1311 462 1356 ad
486 1311 682 1357 discendi
714 1312 1095 1357 mansuetudinem
1132 1314 1260 1373 impia
1289 1314 1421 1360 corda

30 1392 302 1428 convertant.
334 1382 559 1443 Numquid
593 1382 709 1427 enim
733 1385 846 1427 Deus
867 1383 1117 1428 continetur
1138 1383 1257 1439 loco,
1288 1401 1420 1444 quem

30 1462 287 1514 praesentem
311 1453 445 1498 habet
470 1454 610 1497 omnis
639 1452 830 1511 angelica
852 1463 895 1498 et
917 1454 1111 1498 humana
1127 1455 1387 1500 conscientia
1405 1490 1415 1509 ‚

29 1540 117 1570 non
134 1524 274 1570 solum
296 1525 530 1579 bonorum,
546 1525 620 1568 sed
639 1525 769 1568 etiam
792 1524 1040 1569 malorum?
1062 1528 1224 1570 Verum
1248 1527 1331 1571 hoc
1353 1527 1419 1570 in-

28 1605 184 1651 terest,
219 1597 341 1656 quod
369 1597 494 1641 honis
523 1597 795 1640 conscientiis
820 1596 941 1640 adest
977 1606 1025 1640 ut
1053 1606 1199 1656 pater,
1227 1598 1352 1642 malis
1370 1607 1419 1642 ut

23 1666 158 1728 judex
182 1686 191 1712 ;
215 1666 437 1727 quomodo
459 1667 669 1726 scriptum
691 1676 755 1710 est
774 1686 782 1710 :
806 1667 1047 1711 «Dominus
1070 1667 1310 1726 interrogat
1322 1669 1418 1727 jus-

30 1754 52 1779 »
88 1747 181 1782 tum
203 1746 246 1782 et
270 1738 501 1797 impium1.
534 1756 552 1778 »
579 1741 687 1781 Item
714 1738 923 1796 scriptum
946 1747 1037 1781 est:
1069 1756 1088 1779 «
1116 1740 1167 1781 ln
1187 1738 1417 1796 cogitatio-

30 1825 51 1848 »
84 1807 215 1849 nibus
255 1808 372 1862 impii
409 1809 692 1861 interrogatio
725 1808 807 1852 erit
823 1809 854 1851 ².
884 1827 903 1848 »
930 1810 1018 1852 Nec
1044 1807 1343 1861 vehementius
1375 1809 1419 1849 in

26 1875 207 1921 auribus
235 1874 426 1932 corporis
456 1876 592 1926 Deus,
624 1887 756 1931 quam
789 1872 834 1915 in
865 1881 1030 1916 secreto
1053 1873 1326 1930 cogitationis
1348 1876 1418 1918 in-

28 1954 231 2003 terrogat,
257 1944 332 1988 ubi
351 1942 467 1987 solus
490 1942 627 1995 audit,
648 1940 764 1985 solus
783 1940 975 1984 auditur.
992 1944 1147 1986 Nonne
1168 1944 1298 1988 etiam
1318 1945 1417 1989 mali

27 2017 246 2071 homineS,
261 2016 296 2060 si
318 2013 499 2075 quando
518 2028 668 2057 verum
692 2012 936 2072 loquuntur
954 2021 997 2056 et
1019 2027 1108 2056 non
1130 2014 1188 2056 eis
1205 2013 1415 2067 creditur,

21 2089 172 2152 jurant
187 2096 231 2132 et
243 2086 396 2131 dicunt
415 2105 423 2130 :
443 2086 579 2129 Testis
596 2093 661 2128 est
683 2087 812 2137 Deus,
827 2092 869 2127 et
884 2083 1100 2127 verissime
1115 2082 1294 2128 dicunt?
1313 2086 1412 2140 Ubi,

25 2174 191 2221 quaeso,
210 2157 326 2203 testis
347 2157 439 2201 est?
460 2158 509 2199 In
528 2154 694 2213 lingua,
713 2170 769 2198 an
791 2153 836 2197 in
851 2152 1013 2198 corde?
1031 2154 1075 2196 in
1092 2168 1199 2198 sono
1220 2155 1335 2198 vocis
1358 2171 1413 2199 an

28 2229 73 2277 in
109 2229 280 2274 silentio
308 2226 616 2271 conscientise‘?
646 2225 771 2269 Unde
794 2234 939 2269 autem
964 2223 1223 2284 plerumque
1251 2234 1414 2270 stoma-

26 2300 237 2354 chantur,
262 2298 363 2358 quia
381 2297 462 2341 sibi
484 2312 572 2341 non
595 2294 803 2349 creditur,
822 2310 921 2339 cum
941 2310 1092 2339 verum
1110 2310 1154 2338 se
1175 2295 1318 2340 dicere
1336 2311 1416 2341 no-

29 2371 192 2425 verint,
214 2370 293 2414 nisi
315 2369 417 2428 quia
442 2382 516 2412 cor
537 2383 664 2412 suum
687 2367 810 2413 nobis
829 2368 995 2425 aperire
1013 2382 1101 2412 non
1121 2376 1318 2427 possunt,
1339 2368 1414 2411 ubi

30 2442 149 2489 testis
171 2450 235 2485 est
264 2443 375 2484 Deus
389 2442 406 2479 ζ’

90 2515 164 2558 tv.
192 2511 316 2557 Multi
340 2519 484 2554 autem
508 2510 623 2554 modi
642 2519 764 2561 sunt,
789 2509 948 2568 quilius
969 2509 1195 2553 nobiscum
1220 2509 1413 2567 loquitur

79 2597 184 2629 ¹1¹aut.
206 2608 235 2635 x,
252 2597 282 2625 (i.
308 2612 345 2617 -
371 2602 380 2615 ²
402 2598 477 2637 Sap.
505 2608 527 2634 ι,
549 2609 570 2636 ⁸)
