1924 3309
431 264 514 304 542
837 275 871 303 s.
905 275 988 304 um
995 277 1136 304 ustum
1168 277 1349 304 Emscopi

428 341 506 384 tibi
541 339 806 399 obsequatur
834 338 948 384 filius
973 349 1097 394 tuus,
1122 355 1211 384 non
1243 349 1308 384 est
1329 340 1524 385 amabilis
1550 341 1708 400 pietas,
1733 339 1811 385 sed

425 409 600 456 venalis.
627 411 802 463 Quanto
834 409 986 454 melior
1016 410 1128 454 filius
1162 411 1383 470 pauperis,
1422 411 1535 455 filius
1572 410 1809 471 aliquando

426 481 538 524 senis
565 481 799 524 aerumnosi
830 489 874 524 et
902 480 1087 538 egentis,
1126 480 1203 540 qui
1231 480 1342 524 nihil
1375 491 1603 540 expectans
1640 496 1663 525 a
1686 490 1808 540 patre

427 566 521 606 suo,
541 551 750 612 quia-non
769 550 900 594 habet
916 548 1037 609 quod
1049 550 1088 593 ei
1106 548 1313 605 dimittat,
1330 549 1556 595 laboribus
1573 560 1616 595 et
1629 565 1812 595 erumna

427 621 596 665 sudoris
618 621 752 680 pascit
788 629 956 679 patrem
989 621 1149 663 suum?
1173 619 1424 680 Aliquando
1447 631 1490 666 et
1524 619 1602 665 filii
1630 620 1818 666 divitum

432 693 704 737 attendentes
720 692 919 736 timorem
934 690 1026 745 Dei,
1047 706 1135 735 non
1152 690 1254 750 quia
1275 701 1503 751 expectant
1517 691 1683 752 aliquid
1698 708 1721 736 a
1738 707 1817 751 pa·

435 763 631 808 rentibus
645 763 747 817 suis,
761 762 836 805 sed
847 761 949 821 quia
962 770 1162 819 parentes
1175 771 1276 806 sunt
1289 772 1332 806 et
1344 774 1591 821 genuerunt
1602 772 1645 807 et
1662 763 1819 807 educa-

438 841 610 888 verunt,
627 841 670 876 et
686 835 800 876 Deus
817 831 1023 891 praecepit
1040 831 1186 875 dicens
1203 850 1211 876 ε
1227 850 1247 873 «
1263 834 1440 877 Honora
1453 841 1620 892 patrem
1632 842 1757 877 tuum
1775 841 1820 876 et

439 923 458 945 »
493 912 678 948 matrem
700 904 892 958 tuam¹,»
914 902 1015 946 ideo
1036 902 1340 963 obsequuntur
1361 922 1370 948 ι
1396 903 1472 948 sed
1494 903 1600 948 latet
1616 904 1814 959 affectuS‚

435 991 460 1018 u
469 975 510 1018 bi
523 974 793 1034 propositum
806 982 870 1017 est
880 973 1193 1032 praemium.Eo
1205 982 1351 1018 autem
1362 973 1432 1018 isti
1444 974 1705 1034 acceptiores
1717 981 1820 1018 sunt

435 1044 554 1104 apud
573 1048 727 1098 Deum,
745 1043 844 1103 quia
864 1053 1055 1088 mentem
1074 1043 1267 1103 ipsorum
1286 1060 1375 1089 non
1389 1055 1570 1104 possunt
1582 1044 1728 1090 videre
1741 1045 1820 1089 ho-

436 1117 588 1170 mines,
611 1123 655 1158 et
672 1117 785 1158 Deus
803 1113 918 1158 solus
940 1114 1076 1169 videt,
1095 1129 1175 1158 nec
1190 1113 1356 1158 laudari
1375 1115 1430 1158 ab
1453 1115 1701 1160 hominibus
1722 1129 1823 1174 pos-

437 1194 539 1229 sunt
552 1219 563 1240 ⁷
579 1185 690 1229 sicut
701 1184 785 1228 Job
799 1184 874 1243 qui
887 1183 1060 1227 colebat
1071 1187 1226 1228 Deum.
1248 1187 1518 1229 Putaverunt
1538 1185 1653 1229 enim
1663 1184 1823 1230 daemo-

436 1272 528 1311 nes,
547 1256 668 1316 quod
682 1264 859 1315 propter
872 1253 1117 1298 mercedem
1125 1253 1287 1299 coleret
1299 1258 1452 1299 Deum.
1466 1255 1551 1300 Ubi
1565 1265 1711 1301 autem
1726 1271 1824 1316 pro·

436 1327 564 1370 batus
579 1334 643 1370 est
663 1326 764 1386 quia
781 1325 909 1384 gratis
924 1324 1114 1369 coleret?
1127 1326 1238 1378 Quia
1259 1324 1437 1385 perditis
1449 1326 1653 1371 omnibus
1675 1326 1783 1371 dixit
1809 1345 1819 1372 ε

440 1417 459 1439 «
489 1397 695 1441 Dominus
706 1396 844 1451 dedit⁷
864 1395 1071 1439 Dominus
1082 1395 1262 1440 abstulit
1278 1417 1289 1454 3
1308 1397 1419 1441 sicut
1438 1397 1622 1441 Domino
1637 1396 1818 1457 placuit,

440 1487 458 1508 »
497 1468 555 1512 ita
577 1458 744 1512 factum
766 1475 831 1511 est
856 1485 865 1511 ι
889 1467 943 1511 sit
962 1481 1124 1510 nomen
1146 1467 1320 1511 Domini
1342 1467 1663 1513 benedictum².
1692 1486 1713 1510 »

495 1542 574 1584 ΙΙΙ.
609 1542 752 1593 Quare
774 1539 854 1583 ista
879 1538 996 1594 dixi,
1020 1538 1204 1583 fratres?
1234 1539 1345 1593 Quia
1369 1540 1568 1599 quotidie
1595 1555 1684 1585 non
1706 1548 1823 1585 tacet

439 1611 659 1670 Scriptura
694 1625 896 1665 monere,
921 1619 971 1654 ut
997 1610 1254 1669 temporalia
1282 1620 1635 1668 contemnentes,
1659 1620 1824 1656 aeterna

437 1681 668 1741 diligamus
695 1700 704 1725 ε
730 1696 820 1725 non
844 1689 960 1724 tacet
980 1681 1120 1724 omnis
1141 1682 1298 1740 pagina
1328 1681 1475 1727 divina
1505 1681 1630 1741 loqui
1666 1682 1790 1727 nobis
1808 1715 1820 1738 ‚

438 1752 673 1813 aliquando
692 1761 840 1811 aperte
855 1785 866 1806 ‚
886 1751 1121 1811 aliquando
1138 1751 1184 1795 in
1200 1754 1404 1809 mysterio
1422 1753 1621 1798 obscure.
1639 1751 1725 1798 Sed
1746 1768 1825 1799 ne-

438 1840 509 1868 mo
531 1823 724 1868 fraudari
751 1837 794 1866 se
822 1830 968 1881 putet,
992 1822 1169 1881 quando
1196 1823 1382 1867 obscure
1404 1824 1563 1883 pagina
1585 1823 1732 1868 divina
1754 1823 1824 1868 lo-

438 1895 604 1955 quitur.
632 1894 716 1938 Ubi
738 1909 760 1936 a
790 1902 829 1937 te
849 1891 994 1951 prodit
1013 1892 1216 1937 voluntas
1244 1893 1346 1949 Dei,
1366 1894 1450 1939 hoc
1473 1903 1552 1949 est,
1574 1895 1650 1938 ubi
1678 1904 1825 1955 aperta

440 1975 533 2020 est,
558 1964 619 2008 ibi
654 1963 772 2007 illam
795 1962 927 2021 dilige
945 1998 956 2017 ,
992 1962 1053 2006 ibi
1072 1962 1193 2007 illam
1218 1980 1336 2020 ama,
1359 1965 1538 2025 quando
1560 1974 1707 2025 aperte
1731 1980 1829 2010 mo-

441 2046 531 2080 net.
557 2038 613 2080 Et
635 2033 774 2094 qualis
797 2043 861 2078 est
889 2034 935 2077 in
964 2042 1113 2093 aperto
1128 2068 1139 2089 ,
1171 2033 1268 2078 talis
1298 2044 1361 2079 est
1380 2035 1424 2079 in
1448 2036 1664 2093 obscur03
1687 2035 1826 2095 qualis

444 2117 508 2151 cst
534 2107 578 2150 in
603 2106 716 2161 sole,
755 2105 852 2150 talis
885 2114 950 2150 est
971 2105 1015 2149 in
1042 2106 1212 2150 umbra.
1240 2106 1388 2152 Talem
1409 2106 1529 2151 illam
1551 2107 1769 2167 sequaris,
1793 2107 1828 2152 si

450 2178 577 2222 talem
597 2177 716 2221 illam
738 2177 856 2235 legis.
882 2176 1127 2220 Obscurum
1156 2185 1220 2220 est
1247 2177 1363 2220 enim
1379 2211 1391 2232 ‚
1414 2186 1465 2221 ut
1480 2177 1568 2221 dixi
1594 2196 1603 2223 z
1637 2197 1659 2221 «
1684 2177 1827 2222 Possi-

448 2268 465 2290 η
503 2248 625 2293 debit
644 2257 802 2292 terram
819 2282 830 2302 ,
853 2256 897 2291 et
917 2246 1180 2291 inhabitabit
1197 2256 1391 2292 montem
1411 2257 1611 2292 sanctum
1631 2263 1825 2294 meumi»

444 2323 552 2365 Nam
590 2319 625 2363 si
661 2317 889 2363 carnaliter
911 2317 1169 2376 accipimus,
1195 2334 1285 2363 non
1320 2334 1398 2363 nos
1431 2319 1742 2363 mundabimus
1771 2318 1829 2363 ab

447 2389 565 2435 omni
587 2388 941 2449 coinquinatione
958 2388 1096 2432 carnis
1118 2397 1161 2432 et
1186 2389 1361 2448 spiritus
1381 2408 1389 2434 :
1415 2399 1459 2434 et
1482 2391 1574 2434 sine
1595 2405 1722 2435 causa
1744 2404 1832 2442 no··v
1887 2429 1891 2433 .

446 2462 511 2506 his
534 2460 783 2521 procuravit
810 2463 923 2504 Deus
946 2460 1077 2504 finem
1096 2459 1291 2504 lectionis
1315 2461 1584 2520 Propheticae
1618 2461 1828 2521 conjunc-

446 2543 542 2579 tum
563 2548 664 2578 cum
686 2532 900 2592 principio
920 2531 1116 2577 lectionis
1135 2532 1412 2593 Apostolicae‚
1435 2533 1470 2578 si
1490 2541 1670 2594 propter
1691 2532 1828 2594 possi-

497 2625 506 2641 ¹
531 2618 632 2653 Exod.
653 2629 709 2661 xx,
727 2627 778 2653 12.
799 2634 841 2643 —
860 2623 874 2643 ²
891 2617 965 2652 Job.
979 2629 1005 2661 1,
1024 2626 1080 2652 21.
