1924 3309
467 247 520 287 48
907 256 941 285 s.
977 256 1208 286 Aucusnm
1243 258 1422 287 emscom

465 332 596 383 atquc
617 321 778 368 alienos
799 338 823 368 a
846 332 973 382 gente
996 323 1250 368 Judaeorum
1272 323 1385 369 forte
1407 322 1644 383 proferret,
1683 324 1726 366 in
1750 323 1851 383 qui·

465 395 548 439 bus
566 392 713 438 nullus
731 393 1061 438 simulacrorum
1079 393 1223 438 cultus
1246 403 1370 450 esset,
1387 403 1601 454 quantum
1624 393 1777 438 attinet
1798 393 1853 438 ad

465 464 691 510 simulacra
709 481 808 525 quae
831 466 1021 510 humana
1046 474 1250 524 operatur
1279 480 1434 509 manus
1457 485 1464 508 :
1490 479 1591 508 nam
1613 462 1854 508 simulacris
1896 503 1904 508 .

465 536 815 595 phantasmatum
849 552 1026 581 suorum
1049 544 1279 580 sectatores
1301 551 1401 580 suos
1431 534 1571 579 omnis
1609 549 1728 579 error
1752 533 1854 578 illuf-

466 606 530 651 dit
554 625 563 652 2
587 622 641 652 ne
662 607 758 667 quis
792 616 937 652 tamen
964 608 1106 666 aliqua
1123 607 1374 666 hujusmodi
1397 605 1643 666 proferens,
1668 605 1771 665 quia
1791 606 1853 650 ibi
1918 652 1922 666 .

465 678 625 722 Christi
647 694 807 724 nomen
829 687 1032 733 ostentat,
1052 693 1122 722 eas
1143 678 1286 737 potius
1308 686 1475 721 sanctas
1499 676 1741 736 Scripturas
1762 691 1851 722 esse
1919 670 1922 684 ⁷

465 758 622 793 asserat
638 784 648 804 ,
674 764 763 794 non
786 764 855 793 eas
877 764 975 808 quae
998 747 1162 808 populo
1189 749 1474 793 Hebraeorum
1508 756 1611 792 sunt
1645 747 1852 793 divinitus

465 819 667 874 creditae,
701 819 801 864 satis
838 828 1085 878 opportune
1125 819 1230 862 mihi
1264 818 1436 863 videtur
1468 820 1723 878 adjungere,
1750 833 1851 862 cum

466 888 643 934 dixisset
663 910 671 934 :
702 909 722 932 «
745 894 795 934 In
820 889 1050 950 Scripturis
1070 890 1226 934 sanctis
1243 924 1254 945 ,
1278 908 1298 931 »
1314 890 1432 950 quod
1457 888 1634 948 adjecit,
1663 908 1682 930 «
1706 888 1760 932 de
1779 890 1851 933 Fi-

467 978 487 1002 »
523 960 583 1005 tio
607 977 712 1016 suo,
743 962 820 1021 qui
841 960 981 1006 factus
1005 970 1068 1006 est
1099 962 1137 1005 ei
1159 977 1208 1005 ex
1230 961 1392 1005 semine
1422 960 1584 1015 David,
1609 959 1853 1004 secundum

467 1048 487 1073 »
524 1047 697 1076 carnem
716 1034 745 1076 1.
763 1050 782 1074 »
808 1032 945 1077 David
963 1033 1078 1076 enim
1097 1042 1212 1077 certe
1230 1048 1302 1077 rex
1322 1031 1577 1076 Judaeorum
1595 1031 1693 1075 suit.
1712 1032 1854 1090 Opor-

471 1102 588 1148 tebat
605 1112 751 1147 autem
773 1113 821 1148 ut
846 1118 896 1147 ex
921 1102 994 1147 illa
1018 1112 1145 1162 gente
1168 1105 1386 1148 orirentur
1402 1102 1561 1147 Christi
1583 1101 1854 1161 praenuntia-

466 1181 580 1217 tores
615 1174 867 1233 Prophetae,
907 1189 958 1217 ex
980 1189 1066 1232 qua
1089 1183 1215 1231 gente
1237 1188 1410 1218 carnem
1433 1181 1730 1231 assumpturus
1763 1181 1856 1216 erat

463 1258 594 1302 quem
619 1243 989 1302 praenuntiabant.
1021 1243 1352 1288 Occurrendum
1375 1252 1521 1288 autem
1544 1252 1635 1286 erat
1651 1243 1780 1287 etiam
1797 1241 1854 1285 il-

462 1312 606 1357 lorum
622 1313 857 1372 impietati,
889 1313 964 1373 qui
987 1313 1222 1357 Dominum
1241 1322 1439 1358 nostrum
1464 1315 1613 1357 Jesum
1630 1313 1853 1358 Christum

462 1383 703 1427 secundum
726 1383 948 1426 hominem
974 1383 1302 1438 tantummodo,
1331 1398 1463 1442 quem
1492 1384 1705 1442 suscepit,
1738 1383 1853 1427 acci-

463 1454 619 1512 piunt,
649 1452 920 1497 divinitatem
950 1461 1096 1496 autem
1126 1454 1169 1496 in
1199 1468 1250 1497 eo
1282 1468 1371 1497 non
1394 1451 1646 1510 intelligunt
1673 1453 1728 1497 ab
1761 1453 1855 1497 uni-

462 1539 596 1570 versae
629 1532 840 1567 creaturae
859 1524 1212 1568 communionem
1236 1523 1464 1568 discretam
1485 1542 1494 1567 ;
1518 1523 1638 1568 velut
1661 1524 1741 1583 ipsi
1771 1526 1795 1568 J
1801 1539 1853 1568 u-

463 1593 546 1638 daei
564 1628 575 1648 ,
600 1584 676 1654 qui
705 1594 927 1638 Christum
950 1592 1089 1637 silium
1120 1593 1286 1649 David,
1320 1594 1625 1639 tantummodo
1647 1610 1736 1639 esse
1758 1595 1854 1654 opi-

462 1673 623 1709 nantur
642 1699 653 1719 ,
679 1664 926 1723 ignorantes
957 1662 1257 1707 excellentiam
1281 1680 1367 1724 qua
1399 1666 1609 1709 Dominus
1633 1675 1696 1709 est
1720 1665 1853 1724 ipsius

461 1734 625 1789 David,
660 1733 902 1778 secundum
939 1732 983 1776 id
1013 1732 1133 1793 quod
1164 1742 1226 1776 est
1261 1733 1396 1778 Filius
1419 1735 1513 1778 Dei.
1546 1735 1668 1778 Unde
1687 1734 1784 1780 illos
1806 1736 1853 1779 in

460 1804 698 1863 Evangelio
736 1803 957 1861 redarguit
984 1818 1061 1862 per
1094 1804 1365 1863 prophetiam
1389 1840 1399 1859 ,
1426 1822 1525 1866 quse
1558 1806 1691 1864 ipsius
1713 1805 1853 1853 David

461 1891 535 1921 ore
556 1874 723 1935 prolata
746 1884 824 1918 est.
851 1874 1018 1927 Quaerit
1039 1873 1155 1917 enim
1173 1874 1227 1918 ab
1245 1875 1320 1929 eis,
1349 1891 1481 1935 quem
1500 1877 1588 1934 ipse
1608 1874 1743 1921 David
1761 1879 1851 1920 Do-

462 1947 627 1991 minum
657 1944 847 2005 appellat
864 1979 874 1998 ,
901 1943 1123 2004 quomodo
1147 1943 1261 1988 filius
1291 1946 1381 2004 ejus
1410 1946 1492 1989 sit'2
1517 1965 1525 1990 :
1547 1947 1616 1990 cui
1639 1947 1853 1990 deberent

462 2019 613 2077 utique
647 2014 908 2075 respondere
928 2050 938 2068 ,
964 2014 1085 2075 quod
1119 2014 1359 2059 secundum
1383 2031 1557 2060 carnem
1593 2016 1707 2060 filius
1741 2026 1852 2061 esset

460 2088 601 2133 David
620 2124 630 2143 ‚
656 2087 899 2132 secundum
923 2085 1195 2131 divinitatem
1215 2096 1361 2130 autem
1385 2086 1520 2130 Filius
1543 2088 1620 2131 Dei
1643 2096 1686 2131 et
1703 2087 1853 2132 Domi-

461 2176 543 2204 nus
573 2160 705 2220 ipsius
727 2158 881 2203 David.
910 2156 1033 2211 Quod
1058 2156 1217 2201 Paulus
1255 2157 1473 2216 apostolus
1501 2157 1604 2217 quia
1626 2160 1715 2218 jam
1738 2157 1851 2202 didi-

462 2241 603 2285 cerat,
629 2240 776 2290 postea
813 2244 945 2289 quam
977 2226 1084 2272 dixit
1115 2248 1123 2273 ;
1156 2248 1175 2269 (ι.
1207 2231 1256 2272 In
1279 2229 1563 2286 Evangelium
1594 2230 1699 2279 Dei,
1730 2229 1851 2289 quod

465 2320 485 2342 »
522 2310 621 2345 ante
644 2300 898 2359 promiserat
920 2313 996 2358 per
1018 2299 1254 2357 Prophetas
1276 2313 1374 2343 suos
1397 2300 1441 2342 in
1468 2299 1697 2358 Scripturis
1723 2315 1850 2343 sanc-

465 2391 485 2413 »
525 2372 574 2416 tis
591 2406 602 2425 ,
628 2371 682 2414 de
704 2369 815 2414 Filio
833 2385 912 2414 suo
927 2404 937 2424 ,
973 2369 1048 2429 qui
1072 2367 1211 2412 sactus
1230 2377 1293 2412 est
1315 2369 1352 2412 ei
1370 2384 1421 2412 ex
1451 2370 1612 2412 semine
1636 2369 1771 2413 David
1790 2405 1800 2424 ,
1827 2387 1847 2410 η
1898 2412 1904 2420 ,

465 2441 663 2496 addidit,
693 2460 713 2482 «
739 2440 980 2484 secundum
1003 2454 1175 2483 carnem
1204 2459 1211 2482 :
1242 2457 1261 2479 »
1296 2454 1350 2482 ne
1380 2440 1462 2483 hoc
1481 2438 1617 2483 solum
1643 2450 1685 2483 ct
1711 2449 1851 2484 toturn

465 2513 508 2556 in
530 2513 702 2558 Christo
719 2527 808 2556 esse
826 2511 1163 2564 arbitrarentur,
1191 2508 1310 2568 quod
1331 2510 1472 2554 factus
1498 2519 1588 2554 crat
1610 2509 1849 2554 secundum

511 2604 517 2619 ¹
544 2599 634 2629 lton]-
651 2607 673 2637 1,
691 2595 722 2629 3.
744 2612 785 2619 —-
805 2601 817 2618 ²
843 2595 963 2628 Manli.
985 2604 1060 2636 xxn,
1076 2603 1131 2636 42.
