1924 3309
447 268 529 308 222
885 276 919 307 s.
955 276 1188 307 Auous‘nm
1222 278 1404 307 Erlscom

445 345 762 405 desperantem,
786 345 995 406 quoniam
1011 343 1122 390 vidit
1139 344 1365 388 timentem
1386 362 1395 388 :
1415 352 1623 404 tanquam
1640 342 1828 400 diceret,

444 416 658 470 Quoniam
679 414 788 471 dixi,
814 434 835 458 «
858 418 951 475 Ego
981 430 1077 460 sum
1108 413 1184 474 qui
1201 429 1319 470 sum,
1343 433 1363 456 »
1386 424 1430 459 et
1450 433 1471 457 «
1496 414 1583 468 Qui
1605 423 1695 469 est,
1719 414 1836 460 misit

446 505 467 528 »
502 502 572 532 me
593 506 602 533 :
627 505 647 529 »
665 486 912 532 intellexisti
933 487 1042 547 quid
1062 486 1117 530 sit
1137 500 1251 541 esse,
1279 495 1322 530 et
1346 485 1584 546 desperasti
1602 494 1645 530 te
1661 500 1830 544 capere.

443 557 572 617 Erige
588 573 726 618 spem,
747 577 767 600 (ι
784 561 879 618 Ego
893 572 991 602 sum
1007 559 1121 601 Deus
1138 555 1376 612 Abraham,
1396 560 1515 601 Isaac
1532 566 1575 602 et
1597 556 1734 601 Jacob
1752 558 1789 602 ¹:
1809 574 1830 598 »

443 628 502 673 sic
523 644 619 673 sum
636 627 756 690 quod
778 644 875 674 sum
889 663 900 684 ,
925 628 985 673 sic
1013 643 1109 672 sum
1126 627 1271 687 ipsum
1286 643 1390 683 esse,
1420 627 1479 672 sic
1501 642 1597 672 sum
1619 642 1720 672 cum
1739 627 1833 687 ipso

445 715 533 745 esse
551 735 562 755 ‚
584 709 635 745 ut
651 700 788 744 nolim
810 699 1062 744 hominibus
1084 698 1248 743 deesse.
1283 699 1326 743 Si
1348 714 1437 760 quo
1455 699 1588 744 modo
1606 713 1835 759 possumus

443 772 678 815 Dominum
695 785 890 831 quaerere
910 779 954 815 et
975 770 1235 830 investigare
1255 785 1355 815 eum
1372 770 1450 831 qui
1471 779 1536 815 est
1554 804 1565 826 ,
1584 779 1628 815 et
1655 770 1836 831 quidem

443 857 532 887 non
546 841 677 901 longe
698 841 888 901 positum
905 842 960 886 ab
984 857 1254 903 unoquoque
1274 850 1472 887 nostrum
1492 861 1502 887 ι
1522 860 1542 884 «
1560 844 1613 886 In
1629 840 1706 886 illo
1720 841 1836 886 enim

447 931 468 955 υ
503 913 688 958 vivimus
709 922 752 958 et
774 929 1001 959 movemur
1019 923 1063 958 et
1079 929 1230 959 sumus
1243 918 1261 942 2
1281 933 1290 959 ε
1310 932 1330 955 »
1350 912 1580 958 laudemus
1603 927 1705 972 ergo
1728 911 1837 957 inef-

443 983 633 1031 labiliter
653 986 743 1046 ejus
765 987 1011 1043 essentiam,
1032 995 1076 1031 et
1094 1001 1289 1032 amemus
1306 985 1660 1032 misericordiam.
1677 988 1832 1031 Amen.

1365 1166 1839 1184 mmmmm

449 1166 560 1183 mmm
562 1166 828 1184 mmmm

946 1296 1178 1342 SERMO
1226 1296 1349 1341 VIII.

639 1454 718 1501 De
740 1453 908 1501 decem
925 1453 1090 1517 plagis
1113 1464 1159 1500 et
1181 1422 1343 1500 decem
1362 1455 1631 1516 praeceptis.

519 1618 554 1659 1.
583 1618 714 1660 ans
740 1615 786 1659 in
809 1613 1098 1659 fundamento
1122 1614 1263 1674 posita
1290 1629 1436 1659 rerum
1455 1622 1672 1674 gestarum
1688 1613 1827 1658 firmi-

449 1695 557 1742 tate,
580 1686 913 1745 significantiam
936 1685 1148 1729 debemus
1166 1685 1384 1745 inquirere
1401 1707 1413 1743 3
1429 1701 1485 1730 ne
1498 1685 1722 1730 subtracto
1740 1683 1836 1730 fun-

448 1757 675 1812 damento,
701 1758 746 1801 in
764 1761 861 1801 aere
876 1756 987 1801 velle
1002 1756 1215 1801 aedificare
1239 1756 1480 1801 videamur.
1501 1757 1586 1803 Sed
1611 1756 1667 1801 ad
1690 1755 1838 1817 plagas

448 1828 600 1873 decem
618 1844 708 1873 non
727 1828 916 1887 pertinet
934 1827 1055 1887 quod
1075 1828 1264 1886 prim'um
1282 1826 1448 1871 sactum
1463 1837 1524 1871 est
1542 1827 1654 1886 signi
1679 1842 1807 1871 causa
1823 1861 1835 1883 ,

450 1909 498 1945 ut
521 1900 642 1959 virga
676 1901 722 1943 in
752 1907 998 1959 serpentem
1025 1899 1397 1943 converteretur3.
1426 1898 1582 1942 Aditus
1609 1898 1726 1942 enim
1748 1898 1838 1957 ipse

449 1980 540 2015 erat
559 1969 614 2014 ad
635 1971 906 2014 Pharaonem
918 2004 930 2024 ,
947 1984 1036 2029 quo
1058 1968 1447 2013 commendabatur
1460 1972 1632 2028 Moyses
1651 1967 1839 2013 eductu-

450 2058 521 2087 rus
535 2057 588 2086 ex
608 2044 802 2101 AEgypto
827 2040 1040 2100 populum
1058 2040 1160 2084 Dei:
1181 2039 1380 2085 nondum
1395 2048 1542 2084 autem
1560 2049 1838 2084 contumaces

449 2113 748 2168 feriebantur,
768 2111 845 2156 sed
859 2111 1008 2156 divino
1034 2110 1157 2169 signo
1177 2111 1267 2170 jam
1285 2111 1576 2155 terrebantur.
1595 2111 1727 2170 Virga
1749 2111 1838 2171 sig-

452 2185 601 2229 nificat
615 2199 800 2243 regnum
814 2183 913 2228 Dei:
928 2181 1133 2243 idemque
1147 2197 1327 2241 regnum
1342 2183 1416 2227 Dei
1434 2198 1523 2227 esse
1539 2183 1691 2244 utique
1703 2198 1841 2244 popu-

455 2255 544 2299 lum
563 2255 656 2301 Dei.
687 2258 870 2314 Serpens
885 2262 1032 2298 autem
1059 2262 1231 2313 tempus
1256 2253 1529 2298 mortalitatis
1544 2254 1700 2314 hujus3
1723 2267 1839 2298 mors

453 2326 568 2370 enim
591 2342 614 2370 a
635 2335 833 2385 serpente
852 2324 1080 2386 propinata
1097 2333 1175 2368 est.
1200 2326 1425 2384 Tanquam
1446 2339 1547 2383 ergo
1565 2325 1769 2369 cadentes
1785 2323 1839 2368 de

454 2412 588 2440 manu
605 2397 778 2441 Domini
801 2397 848 2440 in
869 2405 1043 2451 terram,
1063 2394 1266 2439 mortales
1282 2395 1427 2440 effecti
1447 2404 1574 2440 sunt:
1598 2395 1717 2441 unde
1734 2411 1839 2455 pro-

448 2469 562 2527 jecta
579 2468 697 2527 virga
727 2483 778 2512 ex
801 2483 936 2512 manu
954 2482 1129 2527 serpens
1146 2466 1301 2511 effecta
1321 2476 1398 2511 est.
1422 2470 1641 2512 Fecerunt
1659 2476 1702 2513 et
1724 2466 1838 2525 Magi

457 2538 690 2584 Pharaonis
708 2537 928 2594 similiter,
951 2537 1080 2598 virgis
1102 2552 1254 2582 eorum
1277 2537 1476 2598 projectis
1496 2545 1714 2598 serpentes
1733 2535 1836 2582 facti

502 2641 510 2658 ¹
532 2636 630 2670 Exod.
651 2645 698 2678 ιιι,
717 2634 768 2677 ι4.
788 2650 829 2659 —-
850 2641 863 2659 ²
886 2637 959 2669 Act.
985 2645 1062 2678 xvn,
1080 2642 1134 2677 27.
1156 2649 1198 2658 -
1215 2631 1229 2658 3
1245 2633 1345 2668 Exod.
1365 2644 1424 2675 vu,
1445 2644 1494 2668 ιο.
