1924 3309
471 266 523 304 16
906 276 940 301 s.
976 270 1206 302 Ancusrmr
1240 273 1421 301 EPISCOPI

465 352 588 384 suam
608 338 784 383 diabolo
806 338 984 392 vendit,
1018 346 1191 397 accepta
1216 346 1427 397 tanquam
1450 337 1590 398 pretio
1613 336 1846 382 dulcedine

464 408 711 468 temporalis
733 407 982 467 voluptatis.
1017 406 1141 452 Unde
1163 416 1207 452 et
1223 408 1433 452 Dominus
1455 405 1724 466 Redemptor
1745 423 1846 453 nos-

463 489 528 524 ter
560 478 701 524 dictus
723 487 812 534 est,
848 479 949 538 quia
982 479 1065 522 hoc
1088 477 1220 523 modo
1252 494 1340 539 quo
1377 478 1545 523 dictum
1567 487 1654 533 est,
1678 477 1847 523 venditi

462 564 649 594 eramus.

520 632 683 674 XLIII.
701 630 826 683 Quod
847 638 991 673 autem
1014 630 1092 673 ait:
1116 648 1137 671 «
1152 629 1278 683 Quod
1295 632 1410 674 enim
1429 645 1599 690 operor,
1617 631 1768 689 ignoro
1781 632 1843 686 1,»

462 708 604 760 potest
635 699 772 744 videri
800 699 942 743 minus
975 698 1318 757 intelligentibus
1335 735 1346 755 ,
1373 701 1640 745 contrarium
1673 716 1761 744 esse
1782 699 1847 744 illi

461 770 685 814 sententiae
703 784 788 829 qua
812 769 917 812 dixit
940 788 948 813 :
979 787 997 810 «
1022 772 1254 813 Peccatum
1285 779 1333 814 ut
1356 780 1560 830 appareat
1584 780 1814 830 peccatum
1832 804 1844 824 ,

462 858 482 881 »
518 856 596 898 per
633 840 798 884 bonum
836 840 939 882 mihi
963 848 1191 897 operatum
1213 849 1277 883 est
1303 850 1488 885 mortem
1503 845 1535 885 2.
1560 859 1580 882 »
1615 839 1846 894 Quomodo

459 909 575 953 enim
602 917 831 968 appareat,
857 908 891 952 si
917 909 1171 967 ignoratur?
1202 907 1287 953 Sed
1309 929 1328 950 «
1353 911 1504 968 ignoro
1520 945 1530 965 ,
1555 929 1573 951 »
1596 911 1655 954 sic
1677 910 1845 954 dictum

459 988 524 1023 est
564 979 646 1023 hoc
680 977 776 1022 loco
791 1013 802 1033 ,
838 986 888 1021 ut
915 977 1206 1036 intelligatur,
1246 993 1335 1023 non
1370 979 1580 1039 approbo.
1614 979 1845 1032 Quomodo

458 1049 574 1092 enim
596 1048 788 1093 tenebrae
811 1063 901 1092 non
920 1046 1146 1103 videntur,
1172 1048 1248 1091 sed
1266 1048 1375 1093 lucis
1399 1050 1722 1108 comparatione
1744 1063 1845 1092 sen-

461 1120 655 1177 tiuntur,
686 1120 771 1163 hoc
800 1127 864 1162 est
895 1128 1043 1162 autem
1074 1119 1232 1162 sentire
1255 1120 1481 1174 tenebras,
1519 1120 1639 1178 quod
1661 1134 1750 1164 non
1782 1119 1845 1163 vi-

457 1189 559 1235 dere
578 1209 587 1235 ι
608 1190 668 1234 sic
685 1199 729 1234 et
745 1198 995 1248 peccatum,
1016 1189 1119 1248 quia
1144 1204 1234 1234 non
1256 1189 1499 1235 illustratur
1516 1189 1614 1234 luce
1631 1189 1810 1250 justitiae
1830 1223 1842 1244 ,

456 1274 546 1304 non
582 1257 866 1316 intelligendo
894 1257 1189 1316 dignoscitur,
1223 1259 1348 1302 sicuti
1372 1258 1570 1303 tenebras
1593 1259 1760 1303 dictum
1782 1266 1847 1302 cst

455 1343 545 1373 non
573 1326 762 1372 videndo
787 1326 950 1371 sentiri.
976 1328 1032 1370 Et
1064 1327 1119 1370 ad
1135 1327 1218 1371 hoc
1241 1327 1430 1386 pertinet
1459 1327 1580 1388 quod
1600 1328 1646 1372 in
1669 1327 1843 1373 Psalmo

457 1397 616 1442 dicitur
639 1416 648 1442 ε
678 1416 699 1439 «
724 1395 890 1440 Delicta
914 1395 1011 1454 quis
1032 1395 1295 1453 intelligitss?

534 1480 689 1523 XLIV.
722 1476 853 1530 Quod
885 1485 1031 1520 autern
1059 1476 1118 1521 ait
1144 1495 1152 1521 :
1182 1495 1203 1518 «
1225 1478 1322 1522 Non
1344 1477 1459 1520 enim
1493 1477 1615 1536 quod
1635 1476 1737 1523 volo
1760 1479 1844 1524 hoc

458 1567 480 1591 »
517 1564 596 1607 ago
623 1567 632 1593 2
657 1546 733 1592 sed
755 1546 878 1607 quod
898 1546 1001 1591 nolo
1017 1546 1101 1591 hoc
1118 1546 1245 1592 facio.
1270 1547 1312 1592 Si
1330 1556 1476 1591 autem
1494 1547 1615 1608 quod
1636 1548 1739 1594 nolo
1760 1549 1846 1594 hoc

459 1637 480 1661 »
516 1619 628 1664 facio
645 1654 656 1675 ,
676 1618 901 1664 consentio
919 1618 1025 1676 Legi
1042 1652 1052 1672 ,
1073 1618 1282 1677 quoniam
1303 1618 1419 1661 bona
1442 1620 1527 1662 est⁴
1541 1653 1552 1673 ,
1581 1636 1602 1660 η
1628 1619 1729 1663 satis
1746 1620 1846 1679 qui-

456 1690 558 1734 dem
579 1693 667 1734 Lex
690 1689 743 1733 ab
765 1688 885 1733 omni
922 1686 1223 1731 criminatione
1257 1685 1510 1730 defenditur
1535 1705 1543 1731 z
1580 1687 1657 1731 sed
1684 1703 1844 1733 caven-

456 1759 585 1813 dum,
611 1773 666 1802 ne
691 1756 788 1816 quis
818 1755 1052 1800 arbitretur
1074 1755 1140 1799 his
1157 1754 1298 1799 verbis
1321 1754 1482 1799 auferri
1503 1756 1629 1801 nobis
1651 1757 1842 1802 liberum

455 1827 692 1874 voluntatis
714 1824 963 1880 arbitrium,
989 1822 1109 1883 quod
1131 1839 1220 1869 non
1240 1824 1298 1869 ita
1322 1833 1399 1869 est.
1427 1827 1553 1871 Nunc
1570 1827 1687 1871 enim
1708 1828 1842 1873 homo

456 1898 716 1944 describitur
737 1897 818 1940 sub
834 1899 946 1953 Lege
967 1896 1130 1954 positus
1148 1905 1247 1940 ante
1265 1895 1459 1954 gratiam.
1479 1902 1597 1941 Tunc
1612 1898 1728 1941 enim
1743 1913 1843 1957 pec·

455 1971 561 2015 catis
579 1968 768 2013 vincitur
782 2001 792 2021 ,
818 1966 925 2009 dum
948 1965 1113 2009 viribus
1134 1966 1220 2009 suis
1241 1966 1358 2025 juste
1380 1966 1524 2011 vivere
1546 1976 1730 2012 conatur
1751 1967 1841 2012 sine

455 2039 674 2101 adjutorio
696 2037 918 2081 liberantis
939 2036 1086 2094 gratiae
1107 2037 1198 2080 Dei.
1237 2039 1289 2079 In
1318 2036 1456 2081 libero
1480 2047 1625 2081 autem
1661 2037 1841 2083 arbitrio

455 2112 588 2155 habet
614 2119 662 2154 ut
692 2109 841 2153 credat
862 2106 1124 2161 Liberatori,
1161 2114 1204 2150 et
1232 2106 1415 2166 accipiat
1451 2108 1657 2166 gratiam,
1682 2118 1731 2153 ut
1748 2110 1840 2169 jam

455 2181 530 2225 illo
553 2181 629 2241 qui
650 2194 745 2223 eam
767 2179 903 2222 donat
923 2175 1137 2220 liberante
1154 2185 1196 2220 et
1218 2175 1452 2236 adjuvante
1470 2193 1559 2222 non
1576 2188 1726 2237 peccet
1746 2199 1757 2236 3
1774 2187 1841 2223 at·-

456 2266 542 2312 quc
560 2252 617 2295 ita
640 2250 808 2294 desinat
830 2262 919 2292 esse
935 2247 1016 2291 sub
1035 2251 1170 2305 Lege,
1197 2247 1271 2291 sed
1286 2262 1387 2291 cum
1409 2251 1521 2306 Lege
1537 2248 1606 2293 vel
1626 2250 1672 2293 in
1694 2253 1808 2309 Lege
1825 2284 1836 2304 ,

457 2320 646 2380 implens
664 2334 758 2363 eam
776 2318 983 2362 charitate
1005 2317 1109 2372 Dei,
1135 2316 1256 2377 quod
1278 2318 1431 2362 timore
1447 2333 1536 2363 non
1552 2328 1737 2378 poterat.

516 2403 652 2447 XLV.
678 2399 808 2454 Quod
836 2409 982 2444 autem
1001 2400 1059 2443 ait
1079 2417 1087 2444 2
1117 2417 1137 2440 «
1162 2398 1300 2443 Video
1318 2399 1444 2443 aliam
1466 2399 1608 2459 legem
1635 2401 1680 2445 in
1698 2415 1840 2445 mem-

459 2493 480 2516 »
518 2473 605 2518 bris
627 2471 756 2527 meis,
778 2478 1093 2530 repugnantem
1115 2468 1199 2528 legi
1221 2470 1376 2515 mentis
1398 2486 1506 2515 meae
1525 2505 1536 2527 ,
1557 2480 1600 2516 et
1616 2472 1839 2531 captivan-

504 2589 513 2607 ¹
532 2585 627 2615 Rom.
651 2591 711 2622 vn,
733 2578 785 2614 15.
803 2595 844 2603 ·-
865 2585 877 2602 ²
900 2577 981 2613 ibid.
1000 2578 1050 2611 13.
1066 2594 1108 2602 --
1127 2576 1140 2602 3
1159 2577 1237 2613 Psal.
1257 2578 1346 2620 xviii,
1364 2579 1414 2615 13.
1432 2595 1472 2604 —-
1490 2579 1506 2605 4
1523 2582 1614 2615 Rom.
1635 2592 1693 2624 v11,
1713 2592 1764 2625 19,
1780 2589 1836 2616 20.
