1924 3309
1898 0 1917 7 ἶ

487 282 570 320 212
898 292 932 320 s.
969 291 1198 321 Auensnm
1233 293 1412 322 EPlscort

482 361 596 401 Deus
614 372 690 417 per
710 360 897 401 isaiam?
916 358 984 402 Sic
1008 367 1050 402 et
1073 358 1141 402 hic
1157 358 1366 418 loquente
1388 358 1558 417 Angelo
1579 357 1737 402 dicitur
1755 361 1866 403 Deus
1890 391 1897 405 .,

479 428 618 488 loqui.
646 431 811 484 Quare,
837 429 917 472 nisi
937 429 1038 488 quia
1061 444 1137 488 per
1159 429 1378 488 Angelum
1403 432 1547 474 Deus?

541 502 623 543 ΙΙΙ.
649 498 873 544 Advertite
910 500 1057 559 itaque
1078 499 1220 544 soluta
1250 502 1492 560 quaestione
1518 501 1647 545 etiam
1666 499 1805 556 istud,
1824 500 1870 545 in

480 571 603 630 cujus
626 570 687 615 rei
707 571 875 628 signum
894 570 1067 614 videtur
1086 568 1251 614 factum
1269 606 1280 626 ,
1303 569 1427 632 quod
1444 571 1492 614 in
1511 571 1624 616 rubo
1646 571 1867 631 apparuit,
1892 545 1899 615 l

480 650 524 686 et
541 641 678 685 rubus
696 657 785 686 non
805 641 1163 697 comburebatur,
1190 656 1280 686 non
1302 640 1618 686 incendebatur
1644 661 1654 686 ι
1674 650 1717 685 et
1739 657 1872 701 appa·
1894 621 1899 715 ξ

470 700 605 757 'rebat
626 723 833 772 tanquam
852 712 979 771 ignis,
996 723 1040 757 et
1061 728 1151 757 non
1172 712 1438 758 incendebat
1459 713 1637 757 rubum.
1663 716 1872 759 Putamus

481 784 641 828 rubum
676 784 842 828 bonum
881 782 1046 844 aliquid
1081 783 1321 842 significare
1337 820 1347 839 ,
1390 799 1490 829 cum
1523 785 1610 829 sint
1631 785 1796 843 spinae?
1831 785 1872 830 Si
1892 805 1894 810 ·

481 857 599 900 enim
616 855 950 915 consumpsisset
976 856 1087 915 ignis
1103 856 1247 915 spinas
1264 891 1275 911 ,
1301 855 1564 914 significaret
1584 855 1687 916 quia
1710 864 1753 899 et
1773 870 1873 899 ver·
1896 842 1900 929 l

478 928 586 972 bum
610 927 783 972 Domini
800 926 921 987 quod
943 926 1111 971 dictum
1129 936 1192 971 est
1211 930 1234 970 J
1241 926 1391 982 udaeis,
1413 926 1751 985 consumpsisset
1775 941 1874 985 pec·
1892 937 1900 980 †

481 1009 576 1043 cata
598 998 774 1043 illorum
793 1034 803 1052 ‚
830 1008 873 1042 et
895 1001 985 1042 Lex
1019 998 1093 1042 illa
1128 999 1274 1043 finiret
1305 999 1558 1058 iniquitates
1585 999 1796 1057 ipsorum.
1832 997 1875 1043 Si

481 1069 596 1113 enim
619 1070 677 1112 sic
695 1069 803 1126 ignis
826 1069 869 1112 in
889 1070 1000 1113 rubo
1018 1104 1028 1123 ,
1052 1070 1277 1129 quomodo
1301 1072 1391 1113 Lex
1413 1069 1459 1112 in
1479 1071 1503 1113 J
1509 1069 1644 1113 udaeis
1666 1088 1674 1114 ε
1695 1069 1753 1113 sic
1776 1079 1876 1113 sunt
1894 1096 1895 1100 =

480 1140 616 1198 spinae
651 1139 775 1194 rubi,
817 1140 1041 1198 quomodo
1064 1149 1244 1199 peccata
1267 1142 1291 1184 J
1297 1138 1525 1184 udaeorum
1547 1159 1555 1184 :
1581 1140 1640 1184 sic
1678 1138 1787 1196 ignis
1807 1138 1876 1182 hic
1898 1180 1901 1209 ἰ

481 1226 572 1254 non
601 1211 808 1255 cremavit
829 1211 998 1270 spinas,
1025 1210 1248 1272 quomodo
1281 1214 1369 1255 Lex
1402 1226 1493 1256 non
1529 1210 1737 1255 cremavit
1774 1213 1902 1269 pec-l

458 1313 460 1316 -
482 1290 592 1325 cata.
1897 1256 1902 1318 l

542 1355 619 1396 IV.
661 1354 876 1413 Loquitur
912 1361 1058 1396 autem
1094 1354 1305 1398 Dominus
1327 1353 1382 1397 ad
1415 1355 1598 1411 Moysen
1625 1372 1633 1398 ς
1659 1355 1776 1414 (jam
1806 1325 1903 1439 illa{

483 1423 633 1477 nostis,
654 1432 698 1466 et
720 1438 809 1467 non
832 1422 997 1466 diutius
1015 1438 1090 1467 vos
1115 1432 1259 1467 tenere
1277 1423 1505 1479 debemus,
1523 1433 1701 1483 propter
1722 1439 1879 1482 angus·
1898 1441 1903 1481 ξ

485 1494 563 1538 tias
593 1494 828 1553 temporis:
850 1496 863 1548 )
887 1513 906 1535 «
932 1496 1027 1552 Ego
1053 1509 1150 1537 sum
1180 1494 1257 1554 qui
1274 1510 1371 1538 sum
1395 1512 1405 1538 .·
1426 1495 1543 1540 Misit
1565 1510 1634 1539 me
1655 1495 1731 1554 qui
1748 1504 1825 1539 est.
1854 1512 1874 1535 »
1897 1484 1903 1536 l

483 1566 596 1610 Cum
619 1565 735 1608 enim
758 1573 974 1624 quaereret
1002 1580 1164 1609 nomen
1186 1566 1264 1609 Dei
1280 1600 1291 1620 ,
1317 1566 1401 1609 hoc
1422 1565 1591 1609 dictum
1615 1575 1679 1609 est
1701 1585 1709 1609 :
1739 1584 1758 1607 «
1784 1569 1876 1624 Ego
1900 1614 1903 1619 ,

487 1654 507 1676 »
543 1650 639 1679 sum
667 1635 743 1695 qui
765 1650 875 1678 sum.
903 1637 1007 1678 Haec
1031 1635 1147 1678 dices
1171 1635 1268 1678 filiis
1291 1634 1424 1679 Israel
1440 1670 1450 1690 ,
1477 1636 1560 1688 Qui
1582 1645 1646 1680 est
1672 1636 1787 1680 misit
1811 1621 1903 1681 mel

488 1724 508 1746 »
545 1704 600 1748 ad
622 1719 697 1748 vos
714 1706 743 1746 ¹.
774 1721 794 1744 »
833 1703 950 1755 Quid
979 1713 1042 1747 est
1079 1704 1194 1747 hoc?
1230 1706 1267 1748 Ο
1290 1708 1426 1759 Deus,
1453 1720 1478 1749 o
1500 1706 1683 1749 Domine
1704 1714 1875 1761 noster,
1899 1689 1903 1768 l

486 1773 595 1835 quid
616 1774 811 1818 vocaris?
833 1792 853 1814 «
876 1775 952 1816 Est
978 1791 997 1813 »
1023 1788 1176 1828 vocor,
1208 1774 1331 1818 dixit.
1358 1774 1471 1827 Quid
1494 1785 1558 1819 est
1576 1810 1587 1830 ,
1615 1796 1635 1818 «
1660 1779 1737 1821 Est
1757 1795 1776 1818 »
1798 1793 1878 1821 vo-
1899 1777 1904 1817 1

487 1849 592 1892 cor?
614 1846 721 1898 Quia
743 1859 898 1888 maneo
929 1845 973 1887 in
995 1853 1208 1888 aeternum
1225 1880 1236 1900 ,
1261 1845 1365 1904 quia
1384 1846 1544 1889 mutari
1567 1861 1657 1890 non
1685 1862 1875 1905 possum
1899 1821 1904 1892 l

489 1920 553 1962 Ea
573 1916 689 1960 enim
706 1931 805 1975 quae
823 1923 1051 1958 mutantur
1065 1949 1076 1970 ,
1107 1930 1196 1958 non
1217 1923 1345 1969 sunt,
1371 1915 1473 1974 quia
1494 1931 1585 1960 non
1603 1927 1874 1976 permanent.
1899 1893 1904 2036 ἒ

1899 2045 1903 2181 ἶ

1899 2183 1903 2202 l

491 1987 618 2040 Quod
653 1986 769 2029 enim
800 1993 864 2028 est
881 2019 891 2038 ‚
929 1993 1090 2028 manet.
1115 1984 1241 2037 Quod
1269 1994 1415 2029 autem
1440 1995 1636 2031 mutatur
1655 2023 1666 2042 ,
1690 1988 1777 2032 fuit
1797 1988 1878 2032 ali-

489 2057 597 2116 quid
611 2091 622 2111 ,
656 2064 699 2099 et
721 2054 889 2114 aliquid
911 2054 992 2097 erit
1012 2073 1020 2097 z
1047 2070 1137 2099 non
1159 2064 1305 2099 tamen
1328 2064 1392 2099 est
1409 2090 1419 2110 ‚
1440 2057 1542 2115 quia
1564 2057 1776 2103 mutabile
1797 2067 1874 2103 est.

488 2130 606 2185 Ergo
639 2122 1055 2169 incommutabilitas
1077 2125 1154 2168 Dei
1189 2124 1270 2169 isto
1307 2125 1523 2171 vocabulo
1548 2141 1592 2171 se
1617 2127 1796 2187 dignata
1812 2137 1876 2173 est

489 2196 712 2250 intimare,
738 2214 758 2237 «
782 2197 877 2253 Ego
895 2208 990 2237 sum
1012 2193 1087 2252 qui
1109 2209 1220 2237 sum.
1246 2212 1266 2235 n

547 2268 602 2309 V.
625 2264 741 2318 Quid
763 2272 827 2308 est
847 2278 967 2322 ergo,
981 2262 1100 2323 quod
1123 2273 1271 2323 postea
1292 2264 1450 2309 iterum
1473 2267 1592 2311 aliud
1615 2283 1775 2314 nomen,
1796 2269 1876 2314 sibi
1899 2207 1903 2311 l

489 2336 619 2391 dixit,
656 2350 757 2379 cum
786 2332 1026 2378 diceretur:
1057 2352 1078 2375 «
1102 2335 1159 2377 Et
1180 2332 1288 2378 dixit
1317 2337 1431 2380 Deus
1467 2337 1523 2381 ad
1548 2340 1731 2396 Moysen
1747 2374 1759 2394 ,
1784 2343 1878 2399 Ego
1899 2316 1903 2394 l

492 2426 514 2449 2»
550 2421 645 2452 sum
668 2409 780 2449 Deus
800 2405 1037 2460 Abraham,
1062 2414 1105 2449 et
1127 2407 1241 2449 Deus
1262 2408 1396 2461 Isaac,
1417 2416 1460 2451 et
1482 2411 1595 2453 Deus
1617 2411 1753 2455 Jacob
1770 2431 1778 2455 :
1795 2412 1878 2456 hoc
1899 2403 1903 2463 l

493 2496 514 2519 »
550 2477 656 2521 mihi
693 2491 853 2520 nomen
884 2484 948 2519 est
982 2476 1026 2518 in
1059 2475 1440 2534 sempiternum2‘?
1471 2496 1491 2519 »
1529 2481 1763 2532 Quomodo
1804 2472 1902 2546 illa!

542 2581 548 2596 ¹
575 2574 673 2606 Exod.
691 2582 740 2613 111,
763 2571 813 2613 14.
835 2588 876 2595 -
897 2578 909 2594 ²
929 2572 1010 2604 Ibid.
1036 2571 1087 2604 15.
1899 2555 1903 2587 l

1900 2628 1902 2652 l
