1924 3309
470 229 551 268 3⁴4
904 240 935 268 s.
975 241 1199 267 Anatisrffli
1235 240 1411 267 EPISCON

473 327 491 349 »
527 308 796 367 apparuerit,
822 308 977 351 similes
1005 309 1042 350 ei
1064 308 1223 349 erimus
1244 341 1253 358 ‚
1280 307 1459 365 quando
1482 321 1583 350 eum
1604 307 1847 353 videbimus

470 398 490 421 »
516 379 641 423 sicuti
658 381 786 423 est¹.»
805 381 926 423 Tunc
949 393 1052 436 ergo
1075 390 1228 434 magna
1251 386 1295 420 et
1316 377 1507 435 perfecta
1519 378 1785 437 jucunditas,
1805 389 1849 424 et

468 460 571 494 tunc
593 449 772 508 plenum
798 448 1004 507 gaudium
1023 483 1033 502 ‚
1059 447 1136 490 ubi
1152 448 1242 506 jam
1272 461 1362 491 non
1383 462 1479 506 spes
1507 447 1665 503 lactat,
1691 450 1767 493 sed
1781 465 1847 495 res

464 521 648 565 nutrit2.
675 524 837 564 Tamen
857 521 984 564 etiam
1003 534 1135 573 nunc,
1152 527 1386 578 antequam
1407 534 1473 563 res
1496 520 1586 578 ipsa
1604 521 1749 564 veniat
1771 537 1847 566 no-

461 593 526 637 bis
541 628 552 648 ,
573 601 806 652 antequam
833 607 910 635 nos
933 590 985 634 ad
1010 606 1098 633 rem
1122 590 1259 649 ipsam
1281 590 1505 635 veniamus
1523 625 1533 646 ‚
1551 591 1846 650 jucundemur

458 665 503 707 in
528 664 725 707 Domino.
743 665 892 722 Neque
915 662 1028 704 enim
1048 676 1222 719 parvam
1235 660 1558 720 jucunditatem
1581 662 1715 706 habet
1731 678 1841 722 spes,

457 736 579 795 cujus
603 743 753 793 postea
783 733 864 776 erit
894 748 973 776 res.
1002 735 1057 776 Et
1086 733 1131 775 in
1154 733 1243 776 istis
1267 732 1579 791 temporalibus
1602 733 1732 777 rebus
1748 769 1759 788 ,
1798 734 1843 778 in

449 805 746 865 jucunditate,
787 819 876 847 non
910 803 1081 847 Domini
1099 838 1109 857 ,
1145 802 1219 846 sed
1251 802 1426 857 saeculi,
1467 803 1672 847 nonnulli
1704 804 1843 848 multa

457 885 631 930 amant,
662 885 704 919 et
732 874 785 918 ad
810 889 858 918 ea
889 890 988 934 quae
1012 883 1180 928 amant,
1218 874 1413 919 nondum
1437 883 1732 934 pervenerunt
1758 894 1768 920 :
1800 885 1842 919 et

456 957 601 992 tamen
624 945 751 990 ardor
768 946 813 988 in
840 960 914 1005 spe
932 945 1082 998 currit,
1105 960 1195 989 rem
1220 945 1417 989 nondum
1440 954 1573 989 tenet.
1600 945 1733 989 Verbi
1751 960 1842 1003 gra-

457 1019 512 1063 tia
527 1052 539 1073 ‚
564 1032 680 1061 amas
702 1018 927 1075 pecuniam
947 1037 957 1073 3
991 1032 1078 1060 non
1099 1032 1261 1060 amares
1277 1052 1286 1070 3
1308 1017 1341 1060 si
1360 1032 1448 1060 non
1465 1031 1656 1075 sperares
1684 1036 1692 1060 ;
1725 1032 1840 1060 amas

455 1103 632 1133 uxorem
651 1123 661 1142 ,
684 1103 772 1131 non
796 1088 989 1141 ductam,
1012 1085 1086 1131 sed
1109 1087 1254 1131 adbuc
1273 1087 1520 1132 ducendam
1542 1108 1552 1143 3
1573 1097 1616 1131 et
1633 1086 1745 1132 forte
1763 1088 1841 1132 du-

453 1157 589 1203 cenda
620 1167 810 1211 amatur,
836 1156 967 1200 ducta
1005 1158 1106 1201 odio
1137 1158 1383 1202 habebitur.
1418 1161 1562 1210 Quare
1593 1158 1708 1202 hoc?
1729 1159 1839 1211 Quia

456 1228 548 1273 talis
570 1243 658 1271 non
682 1226 882 1286 apparuit
904 1226 1035 1270 ducta
1050 1262 1061 1281 3
1083 1226 1221 1286 qualis
1245 1228 1299 1270 ab
1317 1228 1461 1271 animo
1479 1228 1741 1287 pingebatur
1760 1229 1840 1272 du-

449 1300 602 1344 cenda.
636 1301 750 1341 Deus
772 1306 914 1340 autem
946 1313 1034 1341 non
1061 1296 1225 1341 vilescit
1245 1313 1456 1356 praesenS,
1479 1306 1650 1342 amatur
1666 1298 1834 1342 absens.

447 1373 865 1427 Quantumcumque
893 1366 1008 1410 enim
1032 1367 1114 1410 sibi
1147 1368 1338 1412 humana
1369 1383 1491 1412 mens
1520 1369 1840 1428 exaggeraverit
1904 1426 1914 1431 -

451 1442 616 1485 bonum
640 1437 762 1499 quod
779 1441 892 1482 Deus
915 1446 998 1491 est,
1027 1437 1170 1481 minus
1189 1438 1277 1496 agit
1293 1473 1304 1493 ‚
1331 1447 1374 1482 et
1396 1437 1522 1483 valde
1543 1437 1656 1482 infra
1677 1448 1739 1482 est
1759 1460 1770 1496 3
1795 1449 1838 1483 et

447 1526 619 1556 necesse
636 1519 700 1553 est
721 1508 818 1568 plus
841 1507 1032 1551 inveniat
1055 1507 1229 1566 adeptio
1244 1544 1254 1562 3
1283 1524 1416 1568 quam
1439 1507 1656 1554 formabat
1677 1509 1837 1568 cogita-

446 1583 523 1626 tio.
551 1580 653 1625 Plus
677 1595 779 1637 ergo
808 1579 1048 1622 amabimus
1073 1594 1172 1621 cum
1210 1579 1446 1623 viderimus
1463 1615 1474 1634 ‚
1500 1579 1535 1623 si
1564 1579 1833 1638 potuerimus

447 1666 590 1697 amare
612 1660 655 1694 et
684 1659 921 1708 antequam
950 1647 1198 1692 viderimus.
1229 1647 1362 1693 Modo
1390 1664 1493 1707 ergo
1529 1650 1573 1692 in
1603 1665 1678 1709 spe
1714 1665 1833 1694 ama-

447 1738 557 1767 mus.
584 1720 690 1764 Ideo
716 1738 735 1760 «
751 1718 1092 1779 jucundabitur,
1113 1719 1278 1777 inquit,
1293 1720 1436 1778 justus
1454 1719 1499 1762 in
1525 1721 1724 1764 Domino.
1743 1724 1834 1765 »Et
1898 1760 1899 1763 ,

445 1792 655 1838 continuo
672 1826 682 1845 ‚
707 1789 810 1849 quia
832 1787 1028 1832 nondum
1047 1787 1165 1831 videt
1180 1823 1190 1841 ‚
1221 1808 1238 1828 «
1266 1797 1308 1832 et
1325 1789 1516 1847 sperabit
1537 1789 1582 1832 in
1601 1805 1666 1833 eo.
1692 1808 1710 1830 »

507 1865 564 1906 lIe
598 1860 818 1904 Habemus
840 1869 986 1902 tamen
1010 1857 1219 1915 primitias
1244 1858 1426 1916 Spiritus
1442 1893 1452 1913 3
1484 1867 1527 1902 et
1549 1858 1725 1902 aliunde
1745 1860 1834 1904 lor-

449 1945 554 1979 tasse
571 1967 582 1986 ‚
608 1931 646 1973 ei
668 1944 800 1989 quem
823 1927 1044 1985 diligimus
1062 1962 1072 1980 ‚
1099 1927 1470 1987 propinquaniusz,
1500 1937 1542 1972 et
1564 1929 1683 1988 quod
1707 1930 1831 1974 avide

447 1999 750 2048 manducaturi
769 2009 811 2043 et
832 1998 1014 2042 bibituri
1035 2013 1198 2048 sumus,
1224 2014 1341 2043 nunc
1357 2035 1367 2054 ,
1395 1999 1472 2043 etsi
1499 2000 1700 2053 tenuiter,
1722 2016 1831 2060 prae-

447 2075 676 2122 [ambimus
698 2081 829 2131 atque
853 2079 1090 2129 gustamus.
1119 2068 1244 2113 Unde
1273 2071 1356 2114 hoc
1385 2070 1651 2129 probamus?
1679 2074 1828 2131 Neque

443 2147 556 2191 cnim
580 2148 716 2199 Deus,
741 2156 869 2202 quem
890 2140 1101 2200 jubemur
1122 2138 1301 2198 diligere
1320 2176 1330 2195 ,
1356 2141 1399 2184 in
1422 2157 1510 2201 quo
1527 2141 1738 2201 jubemur
1753 2143 1826 2201 ju-

442 2216 645 2270 cundari,
671 2229 825 2258 aurum
843 2220 906 2256 est
922 2246 933 2265 3
953 2219 1028 2255 aut
1052 2220 1281 2269 argentum
1304 2220 1389 2266 est,
1414 2221 1489 2256 aut
1510 2221 1623 2257 terra
1642 2222 1731 2269 est,
1752 2223 1827 2260 aut

441 2288 601 2334 coelum
624 2295 687 2329 est
703 2320 714 2340 ‚
740 2293 815 2328 aut
845 2282 919 2326 lux
952 2282 1031 2325 ista
1052 2280 1151 2325 solis
1176 2290 1266 2335 est,
1303 2291 1379 2325 aut
1398 2282 1615 2342 quidquid
1633 2282 1688 2326 de
1711 2283 1824 2329 coelo

440 2359 600 2416 fulget,
637 2365 711 2398 aut
737 2352 954 2414 quidquid
982 2351 1036 2395 de
1059 2360 1170 2394 terra
1197 2351 1442 2411 resplendet
1458 2352 1557 2397 luce
1578 2353 1817 2412 perfusum.

439 2428 618 2474 Nullum
644 2440 799 2484 corpus
833 2433 895 2467 est
924 2426 1035 2467 Deus
1055 2457 1066 2475 ‚
1087 2422 1259 2480 spiritus
1282 2431 1358 2465 est.
1385 2423 1513 2476 Ideo,
1546 2424 1708 2482 inquit,
1744 2425 1821 2483 qui

441 2500 643 2553 adorant,
668 2497 713 2540 in
741 2495 893 2556 spiritu
916 2503 958 2537 et
986 2493 1164 2538 veritate
1199 2502 1367 2552 oportet
1397 2493 1619 2538 adorare3.
1647 2496 1744 2539 Non
1772 2495 1816 2541 in

488 2594 492 2605 =
522 2598 527 2615 ι
559 2586 645 2614 lom,
665 2594 708 2616 m,
729 2591 745 2607 ἢ
784 2599 815 2602 ψ
841 2588 850 2602 ²
875 2581 977 2611 simu<
997 2580 1032 2609 ml
1055 2588 1070 2610 7.
1087 2580 1146 2609 (Tor
1185 2590 1202 2609 v
1250 2596 1275 2600 —-
1304 2577 1423 2609 ihm,
1449 2589 1489 2615 w,
1517 2587 1568 2610 Ὺ).
