<?xml version="1.0" encoding="UTF-8"?>
<!DOCTYPE html PUBLIC "-//W3C//DTD XHTML 1.0 Transitional//EN"
    "http://www.w3.org/TR/xhtml1/DTD/xhtml1-transitional.dtd">
<html xmlns="http://www.w3.org/1999/xhtml" xml:lang="en" lang="en">
 <head>
  <title>
</title>
<meta http-equiv="Content-Type" content="text/html;charset=utf-8" />
  <meta name='ocr-system' content='tesseract 3.04.00' />
  <meta name='ocr-capabilities' content='ocr_page ocr_carea ocr_par ocr_line ocrx_word'/>
</head>
<body>
  <div class='ocr_page' id='page_1' title='image "./operaomniaaccura17auguuoft_0131.png"; bbox 0 0 1867 3320; ppageno 0'>
   <div class='ocr_carea' id='block_1_1' title="bbox 366 296 1444 333">
    <p class='ocr_par' dir='ltr' id='par_1_1' title="bbox 366 296 1444 333">
     <span class='ocr_line' id='line_1_1' title="bbox 366 296 1444 333; baseline 0.001 -1"><span class='ocrx_word' id='word_1_1' title='bbox 366 305 572 333; x_wconf 65' lang='lat' dir='ltr'>mmmm:</span> <span class='ocrx_word' id='word_1_2' title='bbox 605 301 660 333; x_wconf 73' lang='lat' dir='ltr'>An</span> <span class='ocrx_word' id='word_1_3' title='bbox 691 301 878 332; x_wconf 67' lang='lat' dir='ltr'>eun-As</span> <span class='ocrx_word' id='word_1_4' title='bbox 910 304 1144 332; x_wconf 62' lang='lat' dir='ltr'>Exposr‘rro.</span> <span class='ocrx_word' id='word_1_5' title='bbox 1369 296 1444 333; x_wconf 76' lang='lat'>121</span> 
     </span>
    </p>
   </div>
   <div class='ocr_carea' id='block_1_2' title="bbox 75 369 1456 644">
    <p class='ocr_par' dir='ltr' id='par_1_2' title="bbox 75 369 1456 644">
     <span class='ocr_line' id='line_1_2' title="bbox 75 369 1447 431; baseline -0.002 -13"><span class='ocrx_word' id='word_1_6' title='bbox 75 372 231 431; x_wconf 87' lang='lat' dir='ltr'>accipit</span> <span class='ocrx_word' id='word_1_7' title='bbox 254 371 437 426; x_wconf 85' lang='lat' dir='ltr'>Christi,</span> <span class='ocrx_word' id='word_1_8' title='bbox 473 372 549 431; x_wconf 89' lang='lat' dir='ltr'>qui</span> <span class='ocrx_word' id='word_1_9' title='bbox 583 371 775 416; x_wconf 74' lang='lat' dir='ltr'>adhaeret</span> <span class='ocrx_word' id='word_1_10' title='bbox 795 371 967 415; x_wconf 86' lang='lat' dir='ltr'>Christo</span> <span class='ocrx_word' id='word_1_11' title='bbox 995 369 1227 414; x_wconf 75' lang='lat' dir='ltr'>dilectione</span> <span class='ocrx_word' id='word_1_12' title='bbox 1254 372 1447 429; x_wconf 85' lang='lat' dir='ltr'>spiritali.</span> 
     </span>
     <span class='ocr_line' id='line_1_3' title="bbox 75 439 1453 502; baseline -0.004 -12"><span class='ocrx_word' id='word_1_13' title='bbox 75 447 138 490; x_wconf 87' lang='lat' dir='ltr'>Ex</span> <span class='ocrx_word' id='word_1_14' title='bbox 155 443 237 487; x_wconf 93' lang='lat' dir='ltr'>hoc</span> <span class='ocrx_word' id='word_1_15' title='bbox 254 442 371 486; x_wconf 90' lang='lat' dir='ltr'>enim</span> <span class='ocrx_word' id='word_1_16' title='bbox 393 442 442 486; x_wconf 89' lang='lat' dir='ltr'>fit</span> <span class='ocrx_word' id='word_1_17' title='bbox 460 477 470 498; x_wconf 89' lang='lat'>‚</span> <span class='ocrx_word' id='word_1_18' title='bbox 497 452 546 487; x_wconf 90' lang='lat' dir='ltr'>ut</span> <span class='ocrx_word' id='word_1_19' title='bbox 568 443 696 502; x_wconf 89' lang='lat' dir='ltr'>hujus</span> <span class='ocrx_word' id='word_1_20' title='bbox 718 440 959 486; x_wconf 82' lang='lat' dir='ltr'>imitatione</span> <span class='ocrx_word' id='word_1_21' title='bbox 981 440 1035 485; x_wconf 92' lang='lat' dir='ltr'>sit</span> <span class='ocrx_word' id='word_1_22' title='bbox 1055 439 1176 500; x_wconf 93' lang='lat' dir='ltr'>quod</span> <span class='ocrx_word' id='word_1_23' title='bbox 1196 439 1285 494; x_wconf 89' lang='lat' dir='ltr'>ille,</span> <span class='ocrx_word' id='word_1_24' title='bbox 1314 456 1453 500; x_wconf 82' lang='lat' dir='ltr'>quan-</span> 
     </span>
     <span class='ocr_line' id='line_1_4' title="bbox 76 510 1456 571; baseline -0.002 -13"><span class='ocrx_word' id='word_1_25' title='bbox 76 523 169 559; x_wconf 89' lang='lat' dir='ltr'>tum</span> <span class='ocrx_word' id='word_1_26' title='bbox 191 512 328 571; x_wconf 87' lang='lat' dir='ltr'>gradu</span> <span class='ocrx_word' id='word_1_27' title='bbox 360 528 438 557; x_wconf 91' lang='lat' dir='ltr'>suo</span> <span class='ocrx_word' id='word_1_28' title='bbox 457 513 626 558; x_wconf 92' lang='lat' dir='ltr'>sinitur.</span> <span class='ocrx_word' id='word_1_29' title='bbox 654 513 739 566; x_wconf 89' lang='lat' dir='ltr'>Qui</span> <span class='ocrx_word' id='word_1_30' title='bbox 762 512 877 556; x_wconf 91' lang='lat' dir='ltr'>enim</span> <span class='ocrx_word' id='word_1_31' title='bbox 901 511 1006 555; x_wconf 92' lang='lat' dir='ltr'>dicit</span> <span class='ocrx_word' id='word_1_32' title='bbox 1037 526 1081 555; x_wconf 91' lang='lat' dir='ltr'>se</span> <span class='ocrx_word' id='word_1_33' title='bbox 1102 511 1148 554; x_wconf 94' lang='lat' dir='ltr'>in</span> <span class='ocrx_word' id='word_1_34' title='bbox 1170 510 1342 555; x_wconf 89' lang='lat' dir='ltr'>Christo</span> <span class='ocrx_word' id='word_1_35' title='bbox 1363 526 1456 555; x_wconf 92' lang='lat' dir='ltr'>ma-</span> 
     </span>
     <span class='ocr_line' id='line_1_5' title="bbox 75 580 1456 644; baseline -0.002 -17"><span class='ocrx_word' id='word_1_36' title='bbox 75 598 196 638; x_wconf 89' lang='lat' dir='ltr'>nere,</span> <span class='ocrx_word' id='word_1_37' title='bbox 221 583 281 627; x_wconf 90' lang='lat' dir='ltr'>ait</span> <span class='ocrx_word' id='word_1_38' title='bbox 298 586 510 639; x_wconf 89' lang='lat' dir='ltr'>Joannes,</span> <span class='ocrx_word' id='word_1_39' title='bbox 536 584 669 628; x_wconf 88' lang='lat' dir='ltr'>debet</span> <span class='ocrx_word' id='word_1_40' title='bbox 692 581 914 644; x_wconf 91' lang='lat' dir='ltr'>quomodo</span> <span class='ocrx_word' id='word_1_41' title='bbox 931 581 1003 626; x_wconf 91' lang='lat' dir='ltr'>ille</span> <span class='ocrx_word' id='word_1_42' title='bbox 1026 580 1282 636; x_wconf 84' lang='lat' dir='ltr'><strong>ambulavit,</strong></span> <span class='ocrx_word' id='word_1_43' title='bbox 1303 589 1346 624; x_wconf 90' lang='lat' dir='ltr'>et</span> <span class='ocrx_word' id='word_1_44' title='bbox 1366 582 1456 640; x_wconf 90' lang='lat' dir='ltr'>ipse</span> 
     </span>
    </p>
   </div>
   <div class='ocr_carea' id='block_1_3' title="bbox 2 653 1457 712">
    <p class='ocr_par' dir='ltr' id='par_1_3' title="bbox 2 653 1457 712">
     <span class='ocr_line' id='line_1_6' title="bbox 2 653 1457 712; baseline 0 -15"><span class='ocrx_word' id='word_1_45' title='bbox 2 666 19 697; x_wconf 67' lang='lat'>1:</span> <span class='ocrx_word' id='word_1_46' title='bbox 75 654 295 700; x_wconf 90' lang='lat' dir='ltr'>ambulare</span> <span class='ocrx_word' id='word_1_47' title='bbox 308 657 339 699; x_wconf 84' lang='lat'>¹.</span> <span class='ocrx_word' id='word_1_48' title='bbox 359 655 444 699; x_wconf 88' lang='lat' dir='ltr'>Sed</span> <span class='ocrx_word' id='word_1_49' title='bbox 465 671 568 700; x_wconf 90' lang='lat' dir='ltr'>cum</span> <span class='ocrx_word' id='word_1_50' title='bbox 590 655 788 700; x_wconf 90' lang='lat' dir='ltr'>homines</span> <span class='ocrx_word' id='word_1_51' title='bbox 812 671 835 699; x_wconf 92' lang='lat' dir='ltr'>a</span> <span class='ocrx_word' id='word_1_52' title='bbox 854 653 1063 699; x_wconf 89' lang='lat' dir='ltr'>matribus</span> <span class='ocrx_word' id='word_1_53' title='bbox 1084 653 1387 712; x_wconf 82' lang='lat' dir='ltr'>concipiantur</span> <span class='ocrx_word' id='word_1_54' title='bbox 1409 662 1457 697; x_wconf 92' lang='lat' dir='ltr'>ut</span> 
     </span>
    </p>
   </div>
   <div class='ocr_carea' id='block_1_4' title="bbox 74 724 1462 2478">
    <p class='ocr_par' dir='ltr' id='par_1_4' title="bbox 74 724 1462 1912">
     <span class='ocr_line' id='line_1_7' title="bbox 75 724 1453 785; baseline -0.002 -15"><span class='ocrx_word' id='word_1_55' title='bbox 75 724 334 780; x_wconf 84' lang='lat' dir='ltr'>formentur,</span> <span class='ocrx_word' id='word_1_56' title='bbox 344 726 434 785; x_wconf 89' lang='lat' dir='ltr'>jam</span> <span class='ocrx_word' id='word_1_57' title='bbox 453 725 630 770; x_wconf 70' lang='lat' dir='ltr'>formati</span> <span class='ocrx_word' id='word_1_58' title='bbox 648 735 794 770; x_wconf 90' lang='lat' dir='ltr'>autem</span> <span class='ocrx_word' id='word_1_59' title='bbox 815 725 1114 785; x_wconf 88' lang='lat' dir='ltr'>parturiantur</span> <span class='ocrx_word' id='word_1_60' title='bbox 1131 733 1181 768; x_wconf 92' lang='lat' dir='ltr'>ut</span> <span class='ocrx_word' id='word_1_61' title='bbox 1201 732 1453 778; x_wconf 89' lang='lat' dir='ltr'>nascantur,</span> 
     </span>
     <span class='ocr_line' id='line_1_8' title="bbox 74 795 1453 857; baseline -0.001 -17"><span class='ocrx_word' id='word_1_62' title='bbox 74 805 215 856; x_wconf 89' lang='lat' dir='ltr'>potest</span> <span class='ocrx_word' id='word_1_63' title='bbox 234 811 408 841; x_wconf 90' lang='lat' dir='ltr'>movere</span> <span class='ocrx_word' id='word_1_64' title='bbox 430 796 549 857; x_wconf 90' lang='lat' dir='ltr'>quod</span> <span class='ocrx_word' id='word_1_65' title='bbox 572 796 739 841; x_wconf 90' lang='lat' dir='ltr'>dictum</span> <span class='ocrx_word' id='word_1_66' title='bbox 761 805 823 840; x_wconf 88' lang='lat' dir='ltr'>est</span> <span class='ocrx_word' id='word_1_67' title='bbox 844 815 854 841; x_wconf 72' lang='grc' dir='ltr'>ι</span> <span class='ocrx_word' id='word_1_68' title='bbox 879 814 899 838; x_wconf 87' lang='lat'>«</span> <span class='ocrx_word' id='word_1_69' title='bbox 923 798 1040 849; x_wconf 90' lang='lat' dir='ltr'>Quos</span> <span class='ocrx_word' id='word_1_70' title='bbox 1057 796 1214 839; x_wconf 89' lang='lat' dir='ltr'>iterum</span> <span class='ocrx_word' id='word_1_71' title='bbox 1232 795 1426 855; x_wconf 87' lang='lat' dir='ltr'>parturio</span> <span class='ocrx_word' id='word_1_72' title='bbox 1443 829 1453 849; x_wconf 84' lang='lat'>,</span> 
     </span>
     <span class='ocr_line' id='line_1_9' title="bbox 77 865 1456 925; baseline 0 -17"><span class='ocrx_word' id='word_1_73' title='bbox 77 884 97 908; x_wconf 95' lang='lat'>»</span> <span class='ocrx_word' id='word_1_74' title='bbox 133 865 272 910; x_wconf 88' lang='lat' dir='ltr'>donec</span> <span class='ocrx_word' id='word_1_75' title='bbox 306 867 500 912; x_wconf 87' lang='lat' dir='ltr'>Christus</span> <span class='ocrx_word' id='word_1_76' title='bbox 531 867 745 911; x_wconf 89' lang='lat' dir='ltr'>formetur</span> <span class='ocrx_word' id='word_1_77' title='bbox 776 866 822 910; x_wconf 91' lang='lat' dir='ltr'>in</span> <span class='ocrx_word' id='word_1_78' title='bbox 855 866 979 910; x_wconf 91' lang='lat' dir='ltr'>vobis</span> <span class='ocrx_word' id='word_1_79' title='bbox 992 870 1024 910; x_wconf 71' lang='lat'>².</span> <span class='ocrx_word' id='word_1_80' title='bbox 1050 884 1069 907; x_wconf 93' lang='lat'>»</span> <span class='ocrx_word' id='word_1_81' title='bbox 1094 865 1182 912; x_wconf 88' lang='lat' dir='ltr'>Nisi</span> <span class='ocrx_word' id='word_1_82' title='bbox 1203 865 1456 925; x_wconf 87' lang='lat' dir='ltr'>parturitio-</span> 
     </span>
     <span class='ocr_line' id='line_1_10' title="bbox 75 935 1454 996; baseline 0 -17"><span class='ocrx_word' id='word_1_83' title='bbox 75 951 174 980; x_wconf 86' lang='lat' dir='ltr'>nem</span> <span class='ocrx_word' id='word_1_84' title='bbox 208 936 319 981; x_wconf 87' lang='lat' dir='ltr'>hanc</span> <span class='ocrx_word' id='word_1_85' title='bbox 341 952 624 996; x_wconf 78' lang='lat' dir='ltr'>procuratum</span> <span class='ocrx_word' id='word_1_86' title='bbox 649 936 880 994; x_wconf 84' lang='lat' dir='ltr'>angoribus</span> <span class='ocrx_word' id='word_1_87' title='bbox 914 936 1099 995; x_wconf 84' lang='lat' dir='ltr'>positam</span> <span class='ocrx_word' id='word_1_88' title='bbox 1132 935 1424 993; x_wconf 84' lang='lat' dir='ltr'>intelligamus</span> <span class='ocrx_word' id='word_1_89' title='bbox 1443 970 1454 989; x_wconf 87' lang='lat'><strong>‚</strong></span> 
     </span>
     <span class='ocr_line' id='line_1_11' title="bbox 74 1006 1458 1067; baseline 0 -18"><span class='ocrx_word' id='word_1_90' title='bbox 74 1006 232 1067; x_wconf 88' lang='lat' dir='ltr'>quibus</span> <span class='ocrx_word' id='word_1_91' title='bbox 249 1021 320 1051; x_wconf 89' lang='lat' dir='ltr'>eos</span> <span class='ocrx_word' id='word_1_92' title='bbox 344 1007 575 1066; x_wconf 87' lang='lat' dir='ltr'>parturivit</span> <span class='ocrx_word' id='word_1_93' title='bbox 596 1016 646 1052; x_wconf 93' lang='lat' dir='ltr'>ut</span> <span class='ocrx_word' id='word_1_94' title='bbox 663 1016 942 1052; x_wconf 90' lang='lat' dir='ltr'>nascerentur</span> <span class='ocrx_word' id='word_1_95' title='bbox 959 1007 1003 1051; x_wconf 92' lang='lat' dir='ltr'>in</span> <span class='ocrx_word' id='word_1_96' title='bbox 1022 1008 1196 1052; x_wconf 90' lang='lat' dir='ltr'>Christo</span> <span class='ocrx_word' id='word_1_97' title='bbox 1213 1028 1224 1064; x_wconf 79' lang='lat'>3</span> <span class='ocrx_word' id='word_1_98' title='bbox 1242 1015 1284 1050; x_wconf 90' lang='lat' dir='ltr'>et</span> <span class='ocrx_word' id='word_1_99' title='bbox 1301 1007 1458 1050; x_wconf 89' lang='lat' dir='ltr'>iterum</span> 
     </span>
     <span class='ocr_line' id='line_1_12' title="bbox 75 1078 1458 1140; baseline 0 -19"><span class='ocrx_word' id='word_1_100' title='bbox 75 1079 259 1137; x_wconf 88' lang='lat' dir='ltr'>parturit</span> <span class='ocrx_word' id='word_1_101' title='bbox 280 1088 456 1138; x_wconf 84' lang='lat' dir='ltr'>propter</span> <span class='ocrx_word' id='word_1_102' title='bbox 484 1078 676 1139; x_wconf 90' lang='lat' dir='ltr'>pericula</span> <span class='ocrx_word' id='word_1_103' title='bbox 699 1079 983 1134; x_wconf 82' lang='lat' dir='ltr'>seductionis,</span> <span class='ocrx_word' id='word_1_104' title='bbox 1005 1079 1166 1140; x_wconf 90' lang='lat' dir='ltr'>quibus</span> <span class='ocrx_word' id='word_1_105' title='bbox 1187 1093 1259 1123; x_wconf 91' lang='lat' dir='ltr'>eos</span> <span class='ocrx_word' id='word_1_106' title='bbox 1278 1087 1458 1123; x_wconf 88' lang='lat' dir='ltr'>contur-</span> 
     </span>
     <span class='ocr_line' id='line_1_13' title="bbox 75 1148 1455 1200; baseline 0 -8"><span class='ocrx_word' id='word_1_107' title='bbox 75 1148 167 1192; x_wconf 90' lang='lat' dir='ltr'>bari</span> <span class='ocrx_word' id='word_1_108' title='bbox 200 1148 334 1193; x_wconf 89' lang='lat' dir='ltr'>videt.</span> <span class='ocrx_word' id='word_1_109' title='bbox 375 1149 631 1195; x_wconf 87' lang='lat' dir='ltr'>Sollicitudo</span> <span class='ocrx_word' id='word_1_110' title='bbox 666 1159 812 1194; x_wconf 88' lang='lat' dir='ltr'>autem</span> <span class='ocrx_word' id='word_1_111' title='bbox 843 1149 995 1194; x_wconf 88' lang='lat' dir='ltr'>talium</span> <span class='ocrx_word' id='word_1_112' title='bbox 1032 1150 1087 1195; x_wconf 92' lang='lat' dir='ltr'>de</span> <span class='ocrx_word' id='word_1_113' title='bbox 1119 1149 1202 1194; x_wconf 87' lang='lat' dir='ltr'>illis</span> <span class='ocrx_word' id='word_1_114' title='bbox 1225 1164 1455 1200; x_wconf 88' lang='lat' dir='ltr'>curarum,</span> 
     </span>
     <span class='ocr_line' id='line_1_14' title="bbox 75 1219 1456 1280; baseline 0 -18"><span class='ocrx_word' id='word_1_115' title='bbox 75 1234 161 1279; x_wconf 90' lang='lat' dir='ltr'>qua</span> <span class='ocrx_word' id='word_1_116' title='bbox 181 1234 225 1263; x_wconf 92' lang='lat' dir='ltr'>se</span> <span class='ocrx_word' id='word_1_117' title='bbox 246 1219 437 1279; x_wconf 88' lang='lat' dir='ltr'>quodam</span> <span class='ocrx_word' id='word_1_118' title='bbox 455 1219 588 1265; x_wconf 89' lang='lat' dir='ltr'>modo</span> <span class='ocrx_word' id='word_1_119' title='bbox 604 1223 818 1280; x_wconf 87' lang='lat' dir='ltr'>parturire</span> <span class='ocrx_word' id='word_1_120' title='bbox 839 1220 962 1275; x_wconf 86' lang='lat' dir='ltr'>dicit,</span> <span class='ocrx_word' id='word_1_121' title='bbox 987 1221 1141 1265; x_wconf 90' lang='lat' dir='ltr'>tandiu</span> <span class='ocrx_word' id='word_1_122' title='bbox 1162 1235 1251 1265; x_wconf 91' lang='lat' dir='ltr'>esse</span> <span class='ocrx_word' id='word_1_123' title='bbox 1270 1220 1430 1280; x_wconf 89' lang='lat' dir='ltr'>poterit</span> <span class='ocrx_word' id='word_1_124' title='bbox 1445 1254 1456 1273; x_wconf 94' lang='lat'>,</span> 
     </span>
     <span class='ocr_line' id='line_1_15' title="bbox 76 1288 1456 1350; baseline -0.001 -17"><span class='ocrx_word' id='word_1_125' title='bbox 76 1289 215 1333; x_wconf 90' lang='lat' dir='ltr'>donec</span> <span class='ocrx_word' id='word_1_126' title='bbox 230 1290 486 1349; x_wconf 90' lang='lat' dir='ltr'>perveniant</span> <span class='ocrx_word' id='word_1_127' title='bbox 502 1291 548 1334; x_wconf 90' lang='lat' dir='ltr'>in</span> <span class='ocrx_word' id='word_1_128' title='bbox 568 1305 814 1334; x_wconf 86' lang='lat' dir='ltr'>mensuram</span> <span class='ocrx_word' id='word_1_129' title='bbox 831 1291 968 1334; x_wconf 82' lang='lat' dir='ltr'>aetatis</span> <span class='ocrx_word' id='word_1_130' title='bbox 986 1290 1268 1350; x_wconf 87' lang='lat' dir='ltr'>plenitudinis</span> <span class='ocrx_word' id='word_1_131' title='bbox 1280 1288 1456 1344; x_wconf 89' lang='lat' dir='ltr'>Christi,</span> 
     </span>
     <span class='ocr_line' id='line_1_16' title="bbox 76 1360 1460 1418; baseline 0.001 -15"><span class='ocrx_word' id='word_1_132' title='bbox 76 1368 125 1403; x_wconf 92' lang='lat' dir='ltr'>ut</span> <span class='ocrx_word' id='word_1_133' title='bbox 140 1360 230 1418; x_wconf 86' lang='lat' dir='ltr'>jam</span> <span class='ocrx_word' id='word_1_134' title='bbox 252 1375 341 1404; x_wconf 91' lang='lat' dir='ltr'>non</span> <span class='ocrx_word' id='word_1_135' title='bbox 370 1369 626 1404; x_wconf 88' lang='lat' dir='ltr'>moveantur</span> <span class='ocrx_word' id='word_1_136' title='bbox 659 1361 776 1405; x_wconf 90' lang='lat' dir='ltr'>omni</span> <span class='ocrx_word' id='word_1_137' title='bbox 804 1369 934 1405; x_wconf 89' lang='lat' dir='ltr'>vento</span> <span class='ocrx_word' id='word_1_138' title='bbox 958 1360 1169 1405; x_wconf 79' lang='lat' dir='ltr'>doctrinae</span> <span class='ocrx_word' id='word_1_139' title='bbox 1185 1362 1215 1404; x_wconf 75' lang='lat'>³.</span> <span class='ocrx_word' id='word_1_140' title='bbox 1237 1362 1334 1405; x_wconf 91' lang='lat' dir='ltr'>Non</span> <span class='ocrx_word' id='word_1_141' title='bbox 1357 1373 1460 1418; x_wconf 83' lang='lat' dir='ltr'>ergo</span> 
     </span>
     <span class='ocr_line' id='line_1_17' title="bbox 77 1430 1461 1491; baseline 0.001 -19"><span class='ocrx_word' id='word_1_142' title='bbox 77 1438 253 1488; x_wconf 89' lang='lat' dir='ltr'>propter</span> <span class='ocrx_word' id='word_1_143' title='bbox 286 1430 458 1473; x_wconf 88' lang='lat' dir='ltr'>initium</span> <span class='ocrx_word' id='word_1_144' title='bbox 498 1431 620 1484; x_wconf 87' lang='lat' dir='ltr'>fidei,</span> <span class='ocrx_word' id='word_1_145' title='bbox 649 1447 737 1491; x_wconf 89' lang='lat' dir='ltr'>quo</span> <span class='ocrx_word' id='word_1_146' title='bbox 758 1432 847 1490; x_wconf 83' lang='lat' dir='ltr'>jam</span> <span class='ocrx_word' id='word_1_147' title='bbox 885 1432 975 1475; x_wconf 87' lang='lat' dir='ltr'>nati</span> <span class='ocrx_word' id='word_1_148' title='bbox 999 1441 1149 1486; x_wconf 88' lang='lat' dir='ltr'>erant,</span> <span class='ocrx_word' id='word_1_149' title='bbox 1189 1431 1263 1474; x_wconf 89' lang='lat' dir='ltr'>sed</span> <span class='ocrx_word' id='word_1_150' title='bbox 1284 1439 1461 1490; x_wconf 88' lang='lat' dir='ltr'>propter</span> 
     </span>
     <span class='ocr_line' id='line_1_18' title="bbox 76 1500 1462 1561; baseline 0.001 -18"><span class='ocrx_word' id='word_1_151' title='bbox 76 1500 210 1544; x_wconf 87' lang='lat' dir='ltr'>robur</span> <span class='ocrx_word' id='word_1_152' title='bbox 231 1509 274 1544; x_wconf 91' lang='lat' dir='ltr'>et</span> <span class='ocrx_word' id='word_1_153' title='bbox 294 1500 605 1559; x_wconf 83' lang='lat' dir='ltr'>perfectionem</span> <span class='ocrx_word' id='word_1_154' title='bbox 629 1500 796 1545; x_wconf 90' lang='lat' dir='ltr'>dictum</span> <span class='ocrx_word' id='word_1_155' title='bbox 815 1509 878 1545; x_wconf 91' lang='lat' dir='ltr'>est</span> <span class='ocrx_word' id='word_1_156' title='bbox 905 1521 914 1546; x_wconf 89' lang='lat'>:</span> <span class='ocrx_word' id='word_1_157' title='bbox 943 1521 961 1543; x_wconf 68' lang='lat' dir='ltr'>a</span> <span class='ocrx_word' id='word_1_158' title='bbox 991 1505 1110 1555; x_wconf 89' lang='lat' dir='ltr'>Quos</span> <span class='ocrx_word' id='word_1_159' title='bbox 1131 1503 1288 1545; x_wconf 90' lang='lat' dir='ltr'>iterum</span> <span class='ocrx_word' id='word_1_160' title='bbox 1310 1510 1462 1561; x_wconf 88' lang='lat' dir='ltr'>partu-</span> 
     </span>
     <span class='ocr_line' id='line_1_19' title="bbox 80 1570 1460 1631; baseline 0.004 -21"><span class='ocrx_word' id='word_1_161' title='bbox 80 1588 100 1611; x_wconf 99' lang='lat'>»</span> <span class='ocrx_word' id='word_1_162' title='bbox 134 1571 198 1614; x_wconf 92' lang='lat' dir='ltr'>rio</span> <span class='ocrx_word' id='word_1_163' title='bbox 216 1605 227 1625; x_wconf 89' lang='lat'>‚</span> <span class='ocrx_word' id='word_1_164' title='bbox 265 1570 405 1614; x_wconf 92' lang='lat' dir='ltr'>donec</span> <span class='ocrx_word' id='word_1_165' title='bbox 427 1571 623 1615; x_wconf 90' lang='lat' dir='ltr'>Christus</span> <span class='ocrx_word' id='word_1_166' title='bbox 646 1570 857 1616; x_wconf 87' lang='lat' dir='ltr'>formetur</span> <span class='ocrx_word' id='word_1_167' title='bbox 878 1572 923 1615; x_wconf 89' lang='lat' dir='ltr'>in</span> <span class='ocrx_word' id='word_1_168' title='bbox 948 1571 1085 1616; x_wconf 83' lang='lat' dir='ltr'>vobis.</span> <span class='ocrx_word' id='word_1_169' title='bbox 1116 1591 1134 1613; x_wconf 93' lang='lat'>»</span> <span class='ocrx_word' id='word_1_170' title='bbox 1162 1575 1284 1615; x_wconf 86' lang='lat' dir='ltr'>Hanc</span> <span class='ocrx_word' id='word_1_171' title='bbox 1307 1581 1460 1631; x_wconf 88' lang='lat' dir='ltr'>partu-</span> 
     </span>
     <span class='ocr_line' id='line_1_20' title="bbox 77 1639 1456 1697; baseline 0.001 -13"><span class='ocrx_word' id='word_1_172' title='bbox 77 1641 276 1685; x_wconf 90' lang='lat' dir='ltr'>ritionem</span> <span class='ocrx_word' id='word_1_173' title='bbox 299 1639 391 1685; x_wconf 87' lang='lat' dir='ltr'>aliis</span> <span class='ocrx_word' id='word_1_174' title='bbox 424 1642 564 1685; x_wconf 87' lang='lat' dir='ltr'>verbis</span> <span class='ocrx_word' id='word_1_175' title='bbox 586 1643 715 1686; x_wconf 88' lang='lat' dir='ltr'>etiam</span> <span class='ocrx_word' id='word_1_176' title='bbox 753 1642 856 1686; x_wconf 86' lang='lat' dir='ltr'>alibi</span> <span class='ocrx_word' id='word_1_177' title='bbox 880 1643 1187 1697; x_wconf 86' lang='lat' dir='ltr'>commendat,</span> <span class='ocrx_word' id='word_1_178' title='bbox 1224 1642 1299 1686; x_wconf 86' lang='lat' dir='ltr'>ubi</span> <span class='ocrx_word' id='word_1_179' title='bbox 1322 1641 1426 1686; x_wconf 84' lang='lat' dir='ltr'>dicit</span> <span class='ocrx_word' id='word_1_180' title='bbox 1449 1662 1456 1686; x_wconf 91' lang='lat'>:</span> 
     </span>
     <span class='ocr_line' id='line_1_21' title="bbox 81 1712 1459 1772; baseline 0.002 -19"><span class='ocrx_word' id='word_1_181' title='bbox 81 1731 100 1753; x_wconf 91' lang='lat'>«</span> <span class='ocrx_word' id='word_1_182' title='bbox 138 1715 340 1756; x_wconf 86' lang='lat' dir='ltr'>Incursus</span> <span class='ocrx_word' id='word_1_183' title='bbox 373 1712 416 1755; x_wconf 92' lang='lat' dir='ltr'>in</span> <span class='ocrx_word' id='word_1_184' title='bbox 446 1727 515 1756; x_wconf 90' lang='lat' dir='ltr'>me</span> <span class='ocrx_word' id='word_1_185' title='bbox 543 1712 850 1772; x_wconf 87' lang='lat' dir='ltr'>quotidianus,</span> <span class='ocrx_word' id='word_1_186' title='bbox 886 1712 1132 1758; x_wconf 88' lang='lat' dir='ltr'>sollicitudo</span> <span class='ocrx_word' id='word_1_187' title='bbox 1155 1714 1350 1758; x_wconf 89' lang='lat' dir='ltr'>omnium</span> <span class='ocrx_word' id='word_1_188' title='bbox 1376 1716 1459 1757; x_wconf 90' lang='lat' dir='ltr'>Ec-</span> 
     </span>
     <span class='ocr_line' id='line_1_22' title="bbox 80 1782 1461 1843; baseline 0.001 -18"><span class='ocrx_word' id='word_1_189' title='bbox 80 1801 100 1824; x_wconf 92' lang='lat'>»</span> <span class='ocrx_word' id='word_1_190' title='bbox 136 1782 378 1826; x_wconf 87' lang='lat' dir='ltr'>clesiarum.</span> <span class='ocrx_word' id='word_1_191' title='bbox 413 1783 519 1835; x_wconf 88' lang='lat' dir='ltr'>Quis</span> <span class='ocrx_word' id='word_1_192' title='bbox 540 1784 807 1837; x_wconf 77' lang='lat' dir='ltr'>infirmatur,</span> <span class='ocrx_word' id='word_1_193' title='bbox 835 1794 877 1828; x_wconf 90' lang='lat' dir='ltr'>et</span> <span class='ocrx_word' id='word_1_194' title='bbox 900 1800 980 1843; x_wconf 87' lang='lat' dir='ltr'>ego</span> <span class='ocrx_word' id='word_1_195' title='bbox 999 1801 1087 1830; x_wconf 90' lang='lat' dir='ltr'>non</span> <span class='ocrx_word' id='word_1_196' title='bbox 1109 1786 1336 1829; x_wconf 78' lang='lat' dir='ltr'>infirmor?</span> <span class='ocrx_word' id='word_1_197' title='bbox 1357 1785 1461 1838; x_wconf 85' lang='lat' dir='ltr'>Quis</span> 
     </span>
     <span class='ocr_line' id='line_1_23' title="bbox 81 1852 987 1912; baseline 0 -17"><span class='ocrx_word' id='word_1_198' title='bbox 81 1871 100 1894; x_wconf 96' lang='lat'>»</span> <span class='ocrx_word' id='word_1_199' title='bbox 136 1852 473 1907; x_wconf 88' lang='lat' dir='ltr'>scandalizatur,</span> <span class='ocrx_word' id='word_1_200' title='bbox 499 1863 542 1898; x_wconf 89' lang='lat' dir='ltr'>et</span> <span class='ocrx_word' id='word_1_201' title='bbox 563 1868 644 1912; x_wconf 90' lang='lat' dir='ltr'>ego</span> <span class='ocrx_word' id='word_1_202' title='bbox 666 1869 753 1898; x_wconf 90' lang='lat' dir='ltr'>non</span> <span class='ocrx_word' id='word_1_203' title='bbox 777 1870 880 1898; x_wconf 88' lang='lat' dir='ltr'>uror</span> <span class='ocrx_word' id='word_1_204' title='bbox 899 1857 914 1879; x_wconf 72' lang='lat'><strong>⁴</strong></span> <span class='ocrx_word' id='word_1_205' title='bbox 929 1858 945 1895; x_wconf 69' lang='grc' dir='ltr'>’ἔ</span> <span class='ocrx_word' id='word_1_206' title='bbox 968 1874 987 1895; x_wconf 93' lang='lat'>»</span> 
     </span>
    </p>

    <p class='ocr_par' dir='ltr' id='par_1_5' title="bbox 80 1923 1461 2478">
     <span class='ocr_line' id='line_1_24' title="bbox 138 1923 1460 1983; baseline 0.002 -16"><span class='ocrx_word' id='word_1_207' title='bbox 138 1925 343 1967; x_wconf 84' lang='lat' dir='ltr'>XXXIX.</span> <span class='ocrx_word' id='word_1_208' title='bbox 381 1923 506 1975; x_wconf 86' lang='lat' dir='ltr'>Quod</span> <span class='ocrx_word' id='word_1_209' title='bbox 540 1939 642 1968; x_wconf 88' lang='lat' dir='ltr'>vero</span> <span class='ocrx_word' id='word_1_210' title='bbox 680 1924 892 1983; x_wconf 86' lang='lat' dir='ltr'>subjecit:</span> <span class='ocrx_word' id='word_1_211' title='bbox 923 1944 941 1965; x_wconf 89' lang='lat'>«</span> <span class='ocrx_word' id='word_1_212' title='bbox 970 1924 1136 1969; x_wconf 86' lang='lat' dir='ltr'>Vellem</span> <span class='ocrx_word' id='word_1_213' title='bbox 1159 1935 1303 1969; x_wconf 88' lang='lat' dir='ltr'>autem</span> <span class='ocrx_word' id='word_1_214' title='bbox 1343 1941 1460 1970; x_wconf 89' lang='lat' dir='ltr'>nunc</span> 
     </span>
     <span class='ocr_line' id='line_1_25' title="bbox 82 1992 1460 2055; baseline 0.004 -20"><span class='ocrx_word' id='word_1_215' title='bbox 82 2012 101 2035; x_wconf 91' lang='lat'>»</span> <span class='ocrx_word' id='word_1_216' title='bbox 136 1993 283 2038; x_wconf 84' lang='lat' dir='ltr'>adesse</span> <span class='ocrx_word' id='word_1_217' title='bbox 315 1992 432 2052; x_wconf 87' lang='lat' dir='ltr'>apud</span> <span class='ocrx_word' id='word_1_218' title='bbox 463 2009 558 2048; x_wconf 85' lang='lat' dir='ltr'>vos,</span> <span class='ocrx_word' id='word_1_219' title='bbox 591 2003 633 2038; x_wconf 90' lang='lat' dir='ltr'>et</span> <span class='ocrx_word' id='word_1_220' title='bbox 657 2003 826 2038; x_wconf 88' lang='lat' dir='ltr'>mutare</span> <span class='ocrx_word' id='word_1_221' title='bbox 848 2010 998 2038; x_wconf 86' lang='lat' dir='ltr'>vocem</span> <span class='ocrx_word' id='word_1_222' title='bbox 1032 2010 1170 2038; x_wconf 88' lang='lat' dir='ltr'>meam</span> <span class='ocrx_word' id='word_1_223' title='bbox 1194 2016 1203 2050; x_wconf 69' lang='grc' dir='ltr'><strong>ς</strong></span> <span class='ocrx_word' id='word_1_224' title='bbox 1227 1997 1328 2055; x_wconf 89' lang='lat' dir='ltr'>quia</span> <span class='ocrx_word' id='word_1_225' title='bbox 1353 2012 1460 2040; x_wconf 84' lang='lat' dir='ltr'>con-</span> 
     </span>
     <span class='ocr_line' id='line_1_26' title="bbox 82 2062 1459 2125; baseline 0.004 -21"><span class='ocrx_word' id='word_1_226' title='bbox 82 2082 102 2105; x_wconf 94' lang='lat'>»</span> <span class='ocrx_word' id='word_1_227' title='bbox 138 2062 300 2108; x_wconf 88' lang='lat' dir='ltr'>fundor</span> <span class='ocrx_word' id='word_1_228' title='bbox 327 2064 370 2107; x_wconf 92' lang='lat' dir='ltr'>in</span> <span class='ocrx_word' id='word_1_229' title='bbox 393 2064 515 2107; x_wconf 89' lang='lat' dir='ltr'>vobis</span> <span class='ocrx_word' id='word_1_230' title='bbox 534 2066 548 2089; x_wconf 83' lang='lat'>⁵</span> <span class='ocrx_word' id='word_1_231' title='bbox 573 2083 582 2108; x_wconf 91' lang='lat'>:</span> <span class='ocrx_word' id='word_1_232' title='bbox 608 2082 626 2104; x_wconf 75' lang='lat' dir='ltr'><em>n</em></span> <span class='ocrx_word' id='word_1_233' title='bbox 658 2064 764 2124; x_wconf 85' lang='lat' dir='ltr'>quid</span> <span class='ocrx_word' id='word_1_234' title='bbox 791 2063 909 2108; x_wconf 87' lang='lat' dir='ltr'>aliud</span> <span class='ocrx_word' id='word_1_235' title='bbox 944 2064 1228 2125; x_wconf 75' lang='lat' dir='ltr'>intelligatur,</span> <span class='ocrx_word' id='word_1_236' title='bbox 1256 2066 1336 2108; x_wconf 90' lang='lat' dir='ltr'>nisi</span> <span class='ocrx_word' id='word_1_237' title='bbox 1358 2067 1459 2125; x_wconf 87' lang='lat' dir='ltr'>quia</span> 
     </span>
     <span class='ocr_line' id='line_1_27' title="bbox 80 2133 1456 2195; baseline 0.001 -17"><span class='ocrx_word' id='word_1_238' title='bbox 80 2133 234 2179; x_wconf 84' lang='lat' dir='ltr'>filiolos</span> <span class='ocrx_word' id='word_1_239' title='bbox 249 2149 348 2179; x_wconf 90' lang='lat' dir='ltr'>suos</span> <span class='ocrx_word' id='word_1_240' title='bbox 370 2149 459 2178; x_wconf 90' lang='lat' dir='ltr'>esse</span> <span class='ocrx_word' id='word_1_241' title='bbox 481 2133 648 2178; x_wconf 88' lang='lat' dir='ltr'>dixerat</span> <span class='ocrx_word' id='word_1_242' title='bbox 666 2170 677 2189; x_wconf 90' lang='lat'>,</span> <span class='ocrx_word' id='word_1_243' title='bbox 698 2150 878 2194; x_wconf 84' lang='lat' dir='ltr'>parcens</span> <span class='ocrx_word' id='word_1_244' title='bbox 898 2136 956 2179; x_wconf 85' lang='lat' dir='ltr'>eis</span> <span class='ocrx_word' id='word_1_245' title='bbox 980 2134 1160 2180; x_wconf 84' lang='lat' dir='ltr'>fortasse</span> <span class='ocrx_word' id='word_1_246' title='bbox 1182 2151 1257 2195; x_wconf 88' lang='lat' dir='ltr'>per</span> <span class='ocrx_word' id='word_1_247' title='bbox 1281 2135 1456 2191; x_wconf 84' lang='lat' dir='ltr'>litteras,</span> 
     </span>
     <span class='ocr_line' id='line_1_28' title="bbox 80 2204 1458 2265; baseline 0 -16"><span class='ocrx_word' id='word_1_248' title='bbox 80 2220 135 2249; x_wconf 91' lang='lat' dir='ltr'>ne</span> <span class='ocrx_word' id='word_1_249' title='bbox 165 2205 376 2249; x_wconf 87' lang='lat' dir='ltr'>severiore</span> <span class='ocrx_word' id='word_1_250' title='bbox 398 2204 700 2264; x_wconf 82' lang='lat' dir='ltr'>objurgatione</span> <span class='ocrx_word' id='word_1_251' title='bbox 737 2207 943 2250; x_wconf 86' lang='lat' dir='ltr'>commoti</span> <span class='ocrx_word' id='word_1_252' title='bbox 970 2206 1093 2249; x_wconf 81' lang='lat' dir='ltr'>lacile</span> <span class='ocrx_word' id='word_1_253' title='bbox 1121 2207 1164 2249; x_wconf 87' lang='lat' dir='ltr'>in</span> <span class='ocrx_word' id='word_1_254' title='bbox 1186 2207 1277 2265; x_wconf 85' lang='lat' dir='ltr'>ejus</span> <span class='ocrx_word' id='word_1_255' title='bbox 1309 2207 1458 2250; x_wconf 86' lang='lat' dir='ltr'>odium</span> 
     </span>
     <span class='ocr_line' id='line_1_29' title="bbox 80 2275 1461 2337; baseline 0.001 -17"><span class='ocrx_word' id='word_1_256' title='bbox 80 2275 409 2320; x_wconf 85' lang='lat' dir='ltr'>traducerentur</span> <span class='ocrx_word' id='word_1_257' title='bbox 430 2291 453 2319; x_wconf 93' lang='lat' dir='ltr'>a</span> <span class='ocrx_word' id='word_1_258' title='bbox 471 2275 776 2336; x_wconf 87' lang='lat' dir='ltr'>deceptoribus</span> <span class='ocrx_word' id='word_1_259' title='bbox 794 2277 892 2331; x_wconf 86' lang='lat' dir='ltr'>illis,</span> <span class='ocrx_word' id='word_1_260' title='bbox 909 2278 1068 2337; x_wconf 86' lang='lat' dir='ltr'>quibus</span> <span class='ocrx_word' id='word_1_261' title='bbox 1088 2277 1240 2320; x_wconf 83' lang='lat' dir='ltr'>absens</span> <span class='ocrx_word' id='word_1_262' title='bbox 1257 2292 1344 2321; x_wconf 91' lang='lat' dir='ltr'>non</span> <span class='ocrx_word' id='word_1_263' title='bbox 1364 2292 1461 2337; x_wconf 84' lang='lat' dir='ltr'>pos-</span> 
     </span>
     <span class='ocr_line' id='line_1_30' title="bbox 80 2346 1456 2409; baseline 0.001 -18"><span class='ocrx_word' id='word_1_264' title='bbox 80 2356 143 2392; x_wconf 88' lang='lat' dir='ltr'>set</span> <span class='ocrx_word' id='word_1_265' title='bbox 177 2347 384 2391; x_wconf 85' lang='lat' dir='ltr'>resistere.</span> <span class='ocrx_word' id='word_1_266' title='bbox 414 2365 433 2388; x_wconf 95' lang='lat'>«</span> <span class='ocrx_word' id='word_1_267' title='bbox 462 2346 627 2392; x_wconf 87' lang='lat' dir='ltr'>Vellem</span> <span class='ocrx_word' id='word_1_268' title='bbox 656 2364 759 2407; x_wconf 88' lang='lat' dir='ltr'>ergo</span> <span class='ocrx_word' id='word_1_269' title='bbox 777 2383 787 2403; x_wconf 87' lang='lat'>‚</span> <span class='ocrx_word' id='word_1_270' title='bbox 829 2349 997 2409; x_wconf 86' lang='lat' dir='ltr'>inquit,</span> <span class='ocrx_word' id='word_1_271' title='bbox 1038 2363 1155 2392; x_wconf 91' lang='lat' dir='ltr'>nunc</span> <span class='ocrx_word' id='word_1_272' title='bbox 1179 2348 1325 2392; x_wconf 87' lang='lat' dir='ltr'>adesse</span> <span class='ocrx_word' id='word_1_273' title='bbox 1343 2349 1456 2407; x_wconf 84' lang='lat' dir='ltr'>apud</span> 
     </span>
     <span class='ocr_line' id='line_1_31' title="bbox 85 2419 1457 2478; baseline 0.003 -18"><span class='ocrx_word' id='word_1_274' title='bbox 85 2438 104 2461; x_wconf 97' lang='lat'>»</span> <span class='ocrx_word' id='word_1_275' title='bbox 139 2434 213 2464; x_wconf 90' lang='lat' dir='ltr'>vos</span> <span class='ocrx_word' id='word_1_276' title='bbox 229 2454 239 2473; x_wconf 96' lang='lat'>‚</span> <span class='ocrx_word' id='word_1_277' title='bbox 260 2427 303 2462; x_wconf 87' lang='lat' dir='ltr'>ct</span> <span class='ocrx_word' id='word_1_278' title='bbox 325 2427 492 2462; x_wconf 81' lang='lat' dir='ltr'>mutare</span> <span class='ocrx_word' id='word_1_279' title='bbox 513 2434 663 2464; x_wconf 91' lang='lat' dir='ltr'>vocem</span> <span class='ocrx_word' id='word_1_280' title='bbox 687 2435 844 2473; x_wconf 89' lang='lat' dir='ltr'>meam,</span> <span class='ocrx_word' id='word_1_281' title='bbox 871 2439 888 2460; x_wconf 91' lang='lat'>»</span> <span class='ocrx_word' id='word_1_282' title='bbox 907 2420 948 2463; x_wconf 86' lang='lat' dir='ltr'>id</span> <span class='ocrx_word' id='word_1_283' title='bbox 966 2429 1044 2472; x_wconf 87' lang='lat' dir='ltr'>est,</span> <span class='ocrx_word' id='word_1_284' title='bbox 1059 2434 1215 2478; x_wconf 86' lang='lat' dir='ltr'>negare</span> <span class='ocrx_word' id='word_1_285' title='bbox 1232 2435 1306 2464; x_wconf 91' lang='lat' dir='ltr'>vos</span> <span class='ocrx_word' id='word_1_286' title='bbox 1326 2419 1457 2474; x_wconf 74' lang='lat' dir='ltr'>sili053</span> 
     </span>
    </p>
   </div>
   <div class='ocr_carea' id='block_1_5' title="bbox 83 2525 1457 2622">
    <p class='ocr_par' dir='ltr' id='par_1_6' title="bbox 83 2525 1457 2622">
     <span class='ocr_line' id='line_1_32' title="bbox 128 2525 1457 2570; baseline 0 -11"><span class='ocrx_word' id='word_1_287' title='bbox 128 2532 136 2548; x_wconf 85' lang='lat'><strong>¹</strong></span> <span class='ocrx_word' id='word_1_288' title='bbox 163 2538 172 2558; x_wconf 90' lang='grc' dir='ltr'>ι</span> <span class='ocrx_word' id='word_1_289' title='bbox 193 2530 285 2559; x_wconf 83' lang='lat' dir='ltr'>Joan.</span> <span class='ocrx_word' id='word_1_290' title='bbox 305 2538 340 2566; x_wconf 87' lang='grc' dir='ltr'>ιι,</span> <span class='ocrx_word' id='word_1_291' title='bbox 361 2526 394 2559; x_wconf 82' lang='grc'>6.</span> <span class='ocrx_word' id='word_1_292' title='bbox 416 2543 455 2549; x_wconf 85' lang='grc'>-</span> <span class='ocrx_word' id='word_1_293' title='bbox 473 2534 484 2550; x_wconf 84' lang='lat'>²</span> <span class='ocrx_word' id='word_1_294' title='bbox 509 2527 586 2559; x_wconf 77' lang='lat' dir='ltr'>lbid.</span> <span class='ocrx_word' id='word_1_295' title='bbox 608 2526 659 2558; x_wconf 71' lang='lat'>25.</span> <span class='ocrx_word' id='word_1_296' title='bbox 687 2545 724 2550; x_wconf 92' lang='lat'><em>-</em></span> <span class='ocrx_word' id='word_1_297' title='bbox 750 2526 762 2550; x_wconf 86' lang='lat'><em>³</em></span> <span class='ocrx_word' id='word_1_298' title='bbox 784 2528 897 2570; x_wconf 53' lang='lat' dir='ltr'>Epium,</span> <span class='ocrx_word' id='word_1_299' title='bbox 920 2539 962 2560; x_wconf 76' lang='grc' dir='ltr'>ιν,</span> <span class='ocrx_word' id='word_1_300' title='bbox 989 2525 1036 2558; x_wconf 85' lang='grc' dir='ltr'>ι3.</span> <span class='ocrx_word' id='word_1_301' title='bbox 1056 2544 1093 2550; x_wconf 83' lang='lat'><em>-</em></span> <span class='ocrx_word' id='word_1_302' title='bbox 1112 2525 1127 2555; x_wconf 73' lang='grc'>4</span> <span class='ocrx_word' id='word_1_303' title='bbox 1144 2535 1162 2558; x_wconf 77' lang='lat'>‘1</span> <span class='ocrx_word' id='word_1_304' title='bbox 1186 2530 1256 2559; x_wconf 66' lang='lat' dir='ltr'>(lor.</span> <span class='ocrx_word' id='word_1_305' title='bbox 1278 2538 1321 2561; x_wconf 80' lang='grc' dir='ltr'>ιι,</span> <span class='ocrx_word' id='word_1_306' title='bbox 1344 2528 1396 2559; x_wconf 67' lang='lat'>2⁸.</span> <span class='ocrx_word' id='word_1_307' title='bbox 1421 2545 1457 2550; x_wconf 94' lang='lat'><em>-</em></span> 
     </span>
     <span class='ocr_line' id='line_1_33' title="bbox 83 2581 355 2622; baseline -0.007 -8"><span class='ocrx_word' id='word_1_308' title='bbox 83 2581 96 2605; x_wconf 78' lang='lat'>⁵</span> <span class='ocrx_word' id='word_1_309' title='bbox 110 2582 214 2615; x_wconf 74' lang='lat' dir='ltr'>Galat.</span> <span class='ocrx_word' id='word_1_310' title='bbox 234 2594 280 2622; x_wconf 80' lang='lat' dir='ltr'>iv,</span> <span class='ocrx_word' id='word_1_311' title='bbox 304 2592 355 2613; x_wconf 74' lang='lat'>¹10.</span> 
     </span>
    </p>
   </div>
  </div>
 </body>
</html>
