1924 3309
428 252 510 289 476
810 261 843 288 s.
894 261 1120 290 AUGUS'rlNl
1156 264 1333 290 EPlSCOPt

429 338 511 371 tcm
550 326 735 370 fidenter
777 327 984 383 dixerim,
1021 327 1197 386 pretiosi
1225 327 1388 386 lapides
1419 327 1516 373 ideo
1545 328 1648 372 dicti
1682 337 1783 373 sunt
1803 365 1813 384 ,

426 398 525 459 quia
548 399 679 442 charo
700 398 847 443 valent
867 400 979 458 :jam
998 397 1070 442 ille
1090 397 1184 442 vilis
1198 407 1282 451 est,
1301 399 1489 457 pretium
1507 399 1713 458 perdidit,
1733 400 1811 458 qui

425 484 515 514 non
537 469 667 513 habet
689 467 960 514 charitatem.
995 468 1244 512 Doctrinam
1265 484 1387 512 suam
1409 470 1544 528 jactet
1572 469 1694 525 licet,
1724 469 1810 514 lin-

425 556 555 599 guam
578 555 701 584 suam
718 541 854 600 jactet
875 539 976 584 licet
998 558 1008 584 2
1033 538 1183 584 audiat
1204 539 1509 584 aestimatorem
1530 555 1731 586 verorum
1745 540 1813 585 la-

424 611 576 671 pidum
597 620 806 656 matronae
824 611 975 670 hujus,
1001 608 1171 665 audiat,
1189 610 1391 670 inquam,
1418 609 1652 670 quemdam
1676 611 1813 656 artifi-

424 697 518 726 cem
541 682 785 727 ornamenti
806 682 1109 741 inspectorem.
1137 681 1254 734 Quid
1284 681 1420 741 jactat
1440 680 1635 740 linguam
1659 697 1781 726 suam
1800 717 1810 738 ,

419 755 510 813 jam
529 770 619 798 non
641 753 876 813 pretiosus,
903 751 979 796 sed
1011 751 1104 797 vilis
1126 751 1263 812 lapis?
1279 771 1300 794 «
1327 752 1369 797 Si
1394 751 1552 811 linguis
1585 753 1812 797 hominum

427 844 445 865 »
482 824 660 885 loquar,
686 823 854 883 inquit,
882 832 925 866 et
946 822 1238 882 Angelorum,
1264 823 1517 867 charitatem
1550 831 1696 868 autem
1724 839 1814 868 non

427 914 445 936 »
482 896 689 948 habeam,
725 894 866 938 factus
887 909 984 938 sum
1006 903 1292 938 aeramentum
1321 910 1499 949 sonans,
1524 905 1600 939 aut
1631 894 1815 952 cymba-

425 985 445 1007 »
482 966 573 1009 lum
610 965 839 1010 tinniens1.
870 984 889 1006 »
927 964 1193 1022 Cymbalum
1231 974 1294 1009 est
1327 964 1435 1025 lapis
1471 964 1544 1009 ille
1570 984 1578 1010 :
1598 966 1688 1024 jam
1725 981 1816 1010 non

423 1036 584 1095 fulget,
611 1037 686 1080 sed
714 1036 859 1080 tinnit.
886 1039 1003 1095 Ergo
1026 1036 1178 1080 discite
1199 1035 1365 1096 lapides
1383 1036 1596 1080 aestimare
1619 1036 1815 1094 negotia-

424 1117 536 1151 tores
558 1107 679 1166 regni
701 1106 914 1151 coelorum
943 1126 951 1150 ε
977 1105 1125 1150 nullus
1145 1106 1270 1150 vobis
1305 1106 1412 1166 lapis
1441 1106 1632 1166 placeat,
1659 1116 1817 1166 praeter

423 1180 553 1238 liujus
584 1178 778 1221 mulieris
799 1187 1123 1222 ornamentum.
1152 1180 1256 1222 Haec
1279 1193 1378 1237 quae
1414 1177 1642 1236 pretiosior
1663 1187 1727 1221 est
1755 1178 1818 1222 la·-

424 1248 597 1308 pidibus
619 1249 816 1308 pretiosis
831 1283 842 1303 ‚
869 1249 1114 1293 ornamenti
1137 1249 1203 1292 sui
1225 1247 1317 1307 ipsa
1340 1248 1529 1307 pretium
1548 1256 1626 1292 est.

484 1322 558 1363 [v.
580 1318 774 1364 confidit
795 1334 925 1379 super
947 1334 1041 1363 eam
1061 1335 1135 1363 cor
1151 1318 1230 1362 viri
1252 1320 1385 1378 ejus2.
1414 1338 1434 1360 ³>
1460 1319 1593 1363 Plane
1616 1319 1814 1374 confidit,

422 1400 464 1435 (τι
485 1401 532 1435 ut
557 1391 829 1435 confidamus
859 1390 1024 1435 docuit.
1059 1391 1394 1436 Commendavit
1431 1391 1547 1435 enim
1577 1390 1815 1436 Ecclesiam

423 1478 559 1523 usque
576 1462 629 1506 ad
653 1462 860 1506 terminos
884 1471 1025 1517 terrae,
1046 1478 1123 1521 per
1141 1477 1290 1507 omnes
1314 1470 1486 1521 gentes,
1504 1478 1528 1506 a
1545 1463 1655 1506 mari
1678 1478 1816 1522 usque

423 1535 478 1578 ad
499 1549 632 1578 mare.
656 1535 759 1577 Haec
781 1534 815 1576 si
838 1549 926 1576 non
948 1549 1087 1592 usque
1115 1533 1171 1576 ad
1193 1534 1324 1576 finem
1347 1534 1705 1592 perseveraverit,
1727 1549 1816 1578 non

423 1620 552 1664 super
570 1619 662 1648 eam
683 1620 757 1649 cor
778 1604 858 1648 viri
881 1605 972 1664 ejus
991 1604 1187 1648 confidit.
1213 1623 1232 1644 «
1259 1603 1453 1648 Confidit
1472 1620 1602 1664 super
1630 1620 1724 1649 eam
1743 1620 1817 1649 cor

427 1695 446 1715 n
482 1675 562 1720 viri
578 1677 612 1735 ej
622 1691 668 1719 us
693 1691 701 1716 :
731 1694 750 1716 »
776 1675 978 1734 praescius
998 1675 1180 1719 confidit
1197 1710 1208 1729 ‚
1229 1674 1322 1718 falli
1345 1690 1433 1719 non
1456 1684 1598 1734 potest
1614 1676 1691 1735 qui
1708 1691 1817 1719 con-

424 1745 535 1791 fidit.
555 1748 652 1791 Non
675 1745 841 1789 dietum
868 1754 958 1800 est,
984 1744 1178 1790 Confidit
1205 1761 1333 1804 super
1368 1761 1465 1789 eam
1496 1761 1570 1790 cor
1588 1744 1776 1790 filiorum
1803 1765 1812 1790 ε

424 1826 627 1876 poterant
665 1817 780 1859 enim
813 1816 890 1859 filii
913 1817 1005 1876 ejus
1033 1815 1203 1875 parvuli
1235 1815 1327 1860 falli
1356 1835 1365 1860 ε
1389 1815 1504 1860 illius
1539 1832 1614 1860 cor
1642 1817 1815 1861 nullum

427 1888 700 1933 mendacium
721 1887 897 1946 decipit.
916 1890 1078 1930 Verum
1097 1896 1291 1945 estergo,
1313 1886 1434 1946 quod
1452 1886 1650 1932 confidit.
1671 1907 1690 1930 «
1708 1890 1817 1941 Quae

429 1979 449 2000 »
489 1959 581 2003 talis
599 1968 688 2013 est,
715 1957 859 2017 spoliis
882 1973 970 2002 non
992 1957 1204 2016 indigebit
1232 1977 1241 2003 2
1270 1977 1288 1999 »
1315 1960 1413 2003 Non
1431 1958 1534 2018 quia
1551 1974 1641 2003 non
1661 1960 1817 2020 quaerit

426 2031 584 2090 spolia,
616 2030 714 2075 ideo
745 2046 834 2075 non
858 2029 1071 2089 indigebit
1098 2049 1107 2074 2
1134 2029 1210 2074 sed
1245 2030 1347 2089 quia
1373 2028 1522 2074 multis
1553 2029 1812 2075 abundabit.

432 2121 450 2143 «
487 2104 595 2154 Quae
617 2101 712 2145 talis
734 2110 797 2145 est
813 2137 823 2156 ‚
849 2100 996 2160 spoliis
1018 2116 1107 2143 non
1130 2099 1355 2157 indigebit.
1385 2119 1403 2141 υ
1435 2100 1638 2161 Undique
1659 2101 1817 2161 spoliat

428 2173 660 2228 mundum,
682 2173 847 2233 ubique
865 2172 1046 2228 diffusa,
1064 2172 1176 2231 rapit
1193 2170 1389 2232 undique
1408 2173 1602 2231 trophaea
1619 2172 1811 2219 diabolo.

428 2248 522 2289 Hoc
545 2246 659 2289 enim
683 2246 721 2289 ei
746 2243 1026 2303 promisitvir
1048 2244 1138 2302 ejus
1153 2279 1163 2297 ,
1200 2243 1271 2287 cui
1293 2242 1397 2287 dicit
1420 2244 1464 2287 in
1485 2243 1569 2288 alio
1606 2244 1775 2290 Psalmo
1796 2265 1805 2290 z

434 2335 451 2356 «
488 2315 647 2360 Exulto
684 2331 764 2374 ego
793 2316 839 2358 in
871 2314 1014 2359 verbis
1056 2314 1164 2369 tuis,
1209 2314 1320 2358 sicut
1355 2315 1431 2373 qui
1475 2314 1642 2359 invenit
1680 2315 1813 2375 spolia

433 2406 452 2428 »
489 2387 626 2430 multa
640 2388 671 2430 3.
690 2405 708 2426 »
733 2384 1113 2439 Quemadmodum
1131 2385 1277 2444 spoliis
1296 2385 1482 2442 indiget,
1503 2402 1602 2446 quae
1620 2386 1817 2447 undique

434 2459 563 2517 rapit,
590 2458 786 2519 undique
811 2459 940 2502 trahit
956 2493 966 2513 ,
993 2458 1189 2517 undique
1213 2457 1425 2517 acquirit?

482 2562 485 2574 ¹
515 2559 618 2585 1(I·1i·.
649 2568 717 2593 xiii,
745 2568 833 2586 1,—
864 2562 874 2577 ,v
894 2557 1154 2596 Prm‘,xxx1,11.
1181 2572 1210 2576 —-
1238 2553 1250 2575 3
1270 2554 1347 2586 psal.
1369 2565 1473 2597 fxviii,
1500 2553 1571 2586 16¹2.
