1867 3320
246 283 384 311 SERMO
415 283 550 323 xxm,
585 285 638 312 DE
670 273 725 314 24
758 287 889 316 vnnsu
922 267 1070 319 psum
1103 295 1226 323 Lxxu.
1333 288 1411 326 367

50 347 266 407 perfectos
281 349 300 390 ‘2
315 348 433 401 Quid
456 349 571 393 enim
595 366 703 410 opus
731 362 794 397 est
814 361 856 396 te
877 353 996 414 loqui
1016 356 1178 402 homini
1201 362 1416 418 perfecto?

53 418 138 462 Sed
160 433 308 478 quaere
331 417 377 461 in
405 434 494 477 quo
516 418 732 478 perfectus
761 424 828 467 sit.
855 426 984 468 Forte
1006 426 1118 469 enim
1141 443 1226 471 non
1251 430 1417 476 invenio

51 486 296 547 perfectum
315 488 586 547 cognitorem
603 525 614 545 ‚
640 492 716 535 sed
734 493 824 552 jain
851 493 1023 538 invenio
1044 496 1278 553 perfectum
1301 501 1420 544 audi-

52 567 208 604 torem.
229 561 307 604 Est
336 575 440 618 ergo
468 563 681 619 perfectus
704 572 747 607 et
769 563 960 620 auditor,
985 575 1129 609 mente
1154 568 1241 626 jam
1264 585 1392 629 capax
1408 606 1419 626 ‚

50 630 122 674 cui
144 629 307 674 solidus
338 630 463 674 cibus
486 631 655 675 nullam
689 631 818 678 faciat
843 635 1214 693 perturbationem
1230 672 1240 691 ,
1264 639 1424 684 nullam

50 699 220 758 ingerat
240 700 520 745 cruditatem.
541 701 646 754 Quis
664 711 726 747 est
743 703 829 758 hic,
845 712 888 748 et
904 703 1175 750 laudabimus
1198 710 1325 751 eum?
1341 710 1426 753 Nec

52 771 209 816 dubito
248 781 396 816 tamen
436 787 526 817 esse
562 772 729 834 aliquos
763 775 972 834 spiritales
991 811 1001 831 ,
1031 777 1142 821 bene
1175 779 1393 823 audientes
1413 814 1425 835 ‚

52 841 167 886 bene
187 840 477 902 dijudicantes
499 861 507 888 :
534 843 651 903 apud
672 844 773 889 istos
794 861 883 889 non
904 846 1070 891 laboro.
1097 851 1184 892 Aut
1206 850 1318 892 enim
1342 866 1429 894 car·

50 913 159 958 nalis
189 913 411 970 invenior,
448 923 491 959 et
524 915 1050 962 misericorditermecum
1073 919 1158 977 agit
1187 938 1196 964 ;
1222 929 1295 965 aut
1316 921 1429 980 capit

53 983 176 1044 quod
196 983 295 1029 dico
311 1019 324 1040 ‚
349 993 392 1029 et
413 986 740 1045 congratulatur
757 987 878 1030 mihi.

112 1057 165 1100 V.
191 1058 306 1101 Ecce
327 1072 446 1101 nunc
470 1058 639 1117 suscepi
663 1058 794 1103 verba
819 1058 1001 1115 Psalmi,
1025 1074 1154 1119 quem
1175 1059 1305 1104 modo
1327 1075 1430 1104 can-

52 1126 237 1171 tavimus
267 1145 275 1171 :
308 1145 329 1168 «
355 1127 549 1172 Tenuisti
571 1143 751 1172 manum
785 1128 972 1173 dexterae
997 1144 1118 1173 meae.
1151 1147 1171 1171 υ
1201 1133 1260 1173 Da
1284 1145 1433 1174 carna-

50 1195 139 1240 lem
162 1195 432 1253 auditorem,
463 1198 573 1257 quid
597 1199 794 1257 putabit,
820 1199 900 1243 nisi
917 1199 1018 1258 quia
1036 1202 1147 1243 Deus
1170 1199 1366 1258 apparuit
1387 1200 1432 1242 in

52 1264 193 1311 forma
217 1267 410 1312 humana
425 1302 436 1323 ‚
473 1269 760 1327 apprehendit
791 1268 853 1312 illi
877 1284 1052 1313 manum
1074 1268 1291 1313 dexteram
1308 1304 1318 1323 ,
1344 1284 1431 1313 non

54 1330 267 1382 sinistram
283 1373 294 1393 ‚
322 1347 366 1383 et
392 1337 577 1383 deduxit
598 1340 643 1383 in
664 1355 785 1384 suam
804 1339 1072 1384 voluntatem
1091 1375 1102 1395 ,
1127 1349 1168 1384 et
1188 1356 1274 1400 quo
1294 1340 1432 1384 voluit

0 1432 4 1465 2>
55 1408 319 1468 assumpsit?
339 1409 383 1454 Si
399 1409 484 1454 hoc
501 1409 785 1465 intellexerit,
805 1410 893 1454 imo
915 1411 947 1454 si
967 1411 1049 1454 hoc
1066 1411 1295 1469 putaverit,
1320 1425 1432 1454 nun—

53 1495 186 1541 quam
210 1479 430 1540 intelligit.
447 1481 533 1534 Qui
555 1482 669 1525 enim
687 1480 904 1539 intelligit,
937 1496 1086 1525 verum
1111 1480 1324 1539 intelligit.
1350 1481 1432 1533 Qui

54 1558 199 1594 autem
218 1559 346 1610 putat
362 1549 536 1606 falsum,
556 1566 644 1596 non
657 1550 874 1609 intelligit.
903 1554 1018 1610 Ergo
1039 1552 1071 1594 si
1108 1552 1188 1595 hoc
1221 1550 1434 1610 putaverit

52 1621 185 1666 homo
206 1621 404 1676 carnalis,
420 1622 524 1682 quia
548 1622 624 1665 Dei
647 1631 802 1666 natura
824 1631 953 1682 atque
974 1622 1212 1666 substantia
1234 1621 1431 1665 distincta

16 1749 19 1755 1
53 1692 260 1736 memhris
281 1701 372 1747 est,
404 1691 691 1736 determinata
724 1693 884 1746 forma,
916 1692 1233 1750 circumscripta
1262 1691 1432 1750 quanti-

53 1770 142 1806 tate
157 1798 168 1817 ,
196 1777 377 1807 manens
404 1761 502 1807 loco
519 1796 530 1817 ,
556 1762 665 1821 quid
684 1777 785 1806 cum
808 1761 882 1806 illo
906 1760 1048 1806 facio?
1078 1762 1119 1806 Si
1140 1760 1285 1805 dixero
1302 1795 1312 1814 ‚
1339 1763 1434 1804 Non

53 1841 116 1877 est
131 1833 191 1877 ita
215 1836 329 1877 Deus
355 1851 365 1878 ε
387 1848 478 1877 non
500 1833 629 1891 capit.
659 1832 700 1877 Si
731 1831 878 1876 dixero
893 1867 903 1886 ,
927 1836 991 1876 Ita
1009 1841 1072 1876 est
1095 1851 1102 1876 :
1128 1831 1200 1874 ille
1222 1832 1339 1891 quasi
1361 1846 1434 1874 ca-

21 1927 29 1962 2
55 1903 148 1962 pit3
180 1902 257 1947 sed
298 1917 378 1961 ego
409 1902 593 1960 decipio.
632 1904 729 1946 Non
758 1917 930 1959 possum
965 1901 1134 1955 dicere,
1165 1905 1226 1944 lta
1249 1910 1311 1944 est
1339 1921 1346 1944 :
1382 1915 1435 1944 nc

55 1975 267 2032 mentiar3
291 1982 336 2018 et
355 1973 674 2033 undecunque,
712 1971 786 2015 sed
809 1971 863 2015 de
887 1975 974 2015 Deo
997 1986 1093 2015 meo
1108 2006 1117 2023 ‚
1138 1971 1192 2013 de
1215 1970 1431 2014 Salvatore

57 2055 101 2090 et
117 2045 412 2106 Redemptore
429 2060 542 2099 meo,
561 2042 614 2087 de
629 2058 702 2102 spe
723 2057 835 2096 mea,
854 2043 907 2086 de
930 2041 1003 2085 illo
1021 2035 1073 2085 ad
1096 2055 1224 2100 quem
1248 2039 1434 2083 extendo

57 2131 236 2160 manum
259 2130 427 2170 meam,
461 2113 722 2159 desiderium
754 2127 914 2156 mcum.
942 2115 1036 2157 Non
1061 2120 1122 2154 cst
1155 2126 1218 2154 res
1241 2110 1342 2153 lcvis
1380 2110 1434 2153 de

57 2186 133 2231 tali
155 2186 345 2231 mentiri.
365 2189 427 2230 De
450 2184 524 2229 tali
545 2184 633 2228 falli
654 2183 882 2228 molestum
906 2191 1022 2225 estet
1039 2182 1322 2240 periculosum
1347 2188 1430 2222 est:

58 2255 114 2302 de
135 2257 210 2302 tali
238 2266 384 2302 autem
415 2256 588 2300 mentiri
611 2255 835 2298 exitiosum
861 2263 922 2296 est
949 2262 990 2296 et
1015 2252 1313 2311 perniciosum.
1339 2253 1432 2293 Non

59 2328 200 2374 omnis
222 2328 299 2388 qui
321 2327 530 2372 mentitur
551 2362 562 2382 ,
596 2325 776 2379 fallitur.
812 2325 852 2369 Si
886 2333 1026 2367 autem
1067 2324 1154 2381 ipsc
1191 2331 1311 2380 putat
1346 2335 1432 2363 esse

43 2404 228 2455 ²verum‚
245 2398 365 2461 quod
382 2413 534 2444 verum
548 2413 636 2442 non
655 2405 740 2450 est,
768 2395 929 2439 fallitur
953 2413 959 2438 :
979 2403 1020 2437 ct
1043 2393 1074 2436 si
1101 2394 1179 2436 hoc
1197 2392 1301 2436 dii-it
1317 2390 1435 2450 quod

51 2480 214 2516 'verum
238 2479 391 2530 putat,
418 2484 504 2514 non
528 2468 751 2520 mentitur,
772 2466 845 2509 sed
866 2475 1005 2508 tamen
1024 2462 1196 2508 fallitur.
1225 2465 1334 2506 Deus
1356 2461 1434 2503 ‹lo-

50 2551 137 2590 inet
155 2541 218 2586 illi
240 2558 328 2587 non
345 2541 465 2596 falli,
490 2540 565 2600 qui
588 2539 727 2584 noluit
752 2537 934 2581 mentiri.

122 2614 200 2656 VI.
237 2612 279 2658 Si
301 2627 430 2671 ergo,
457 2620 505 2656 ut
527 2611 634 2665 dixi,
666 2607 868 2669 parvulus
890 2605 960 2651 illc
982 2613 1125 2651 noster
1150 2603 1277 2648 talem
1294 2601 1434 2647 credi-
