1867 3320
257 262 394 290 sermo
428 265 579 303 xxxiii,
618 269 669 294 niz
703 270 831 297 vrznsc
867 272 1017 301 rsiimu
1049 279 1188 307 CRLtll.
1340 274 1422 312 449

53 347 74 369 »
109 344 196 389 quo
218 327 474 385 clamamus,
494 331 642 388 Abba,
665 338 829 380 Pater1.
851 355 871 378 »
890 339 1000 383 Dicit
1015 351 1057 385 et
1074 345 1256 390 Joannes
1284 367 1291 391 :
1315 369 1333 389 v.
1352 352 1424 393 Ti-

53 415 74 438 »
109 413 314 445 mornon
339 408 403 443 est
437 400 483 443 in
505 401 733 460 charitate,
759 406 834 450 sed
868 408 1057 466 perfecta
1093 412 1272 458 charitas
1311 417 1423 463 foras

52 486 72 508 »
107 468 240 512 mittit
262 469 500 512 timorem2.
531 488 549 510 »
575 472 770 518 Charitas
796 491 898 535 ergo
921 488 1067 523 cantat
1098 484 1311 528 canticum
1343 503 1424 531 no—

47 552 167 581 vum.
193 540 302 583 Nam
320 539 449 583 timor
475 538 548 582 ille
564 542 725 587 servilis
742 544 786 587 in
808 548 938 590 veteri
955 550 1128 593 homine
1146 554 1418 611 constitutus,

47 617 190 668 potest
205 608 384 668 quidem
406 610 567 654 habere
586 612 835 670 psalterium
852 617 1003 663 decem
1025 621 1284 668 chordarum
1297 661 1306 679 ,
1323 628 1423 685 quia

47 688 90 723 et
111 682 136 723 J
141 679 275 725 udaeis
296 679 542 724 carnalibus
563 681 663 726 data
686 694 748 729 est
778 686 868 745 ipsa
891 691 976 733 Lex
1010 689 1160 735 decem
1190 706 1429 753 praecepto-

47 765 169 794 rum:
190 750 265 794 sed
287 759 462 795 cantare
477 751 518 795 in
542 750 616 796 illa
639 768 728 798 non
749 765 890 814 potest
902 760 1118 805 canticum
1143 778 1304 807 novum
1319 785 1328 821 ς
1346 767 1426 809 suli

47 823 163 879 Lege
185 829 249 865 est
277 821 392 865 enim
410 855 421 876 ,
453 830 496 865 et
517 822 698 882 implere
720 840 809 870 non
837 837 978 886 potest
1000 833 1171 889 Legem.
1207 835 1423 892 Organum

45 891 188 950 ipsum
210 900 356 950 portat
370 926 381 945 ,
406 905 497 935 non
514 899 693 951 tractat,
719 904 762 939 et
781 907 986 942 oneratur
1006 901 1228 958 psalterio,
1254 919 1342 948 non
1360 921 1426 949 or-

44 971 188 1007 natur.
214 962 300 1016 Qui
324 970 470 1006 autem
491 962 573 1006 sub
596 965 731 1021 gratia
757 975 836 1021 est,
857 983 947 1011 non
968 970 1049 1012 sub
1073 974 1208 1029 Lege,
1234 974 1323 1031 ipse
1345 976 1428 1018 im-

43 1032 136 1092 plet
157 1035 315 1090 Legem
338 1051 346 1076 :
374 1032 476 1092 quia
497 1047 589 1076 non
610 1042 674 1077 est
706 1035 743 1077 ei
765 1036 936 1093 pondus
952 1071 962 1090 ,
987 1038 1062 1081 sed
1082 1039 1236 1097 decus,
1266 1058 1345 1086 nee
1375 1046 1428 1087 ti·

43 1103 181 1147 menti
207 1111 475 1147 tormentum
503 1111 594 1158 est,
629 1103 705 1147 sed
732 1106 895 1149 amanti
912 1121 1232 1152 ornamentum.
1265 1112 1426 1170 Spiritu

45 1174 162 1218 enim
176 1173 422 1219 dilectionis
440 1189 646 1219 accensus
660 1176 772 1234 ,jam
795 1176 841 1219 in
856 1176 1056 1236 psalterio
1077 1180 1226 1224 decem
1244 1182 1425 1228 chorda-

46 1260 141 1289 rum
160 1254 307 1290 cantat
328 1246 549 1290 canticum
571 1261 752 1290 novum.
843 1252 851 1257 “

103 1319 160 1360 ΙΙ.
183 1318 293 1362 Nam
313 1316 373 1360 sic
390 1315 495 1360 dicit
508 1315 742 1375 Apostolus
765 1335 773 1360 :
795 1335 814 1357 «
833 1317 917 1370 Qui
935 1319 1048 1362 enim
1067 1320 1206 1380 diligit
1224 1323 1423 1380 alterum,

46 1405 66 1427 »
101 1390 259 1444 Legem
274 1385 484 1443 implevit.
500 1388 611 1431 Nam
625 1401 715 1430 non
734 1385 1015 1443 adulterabis,
1034 1405 1121 1433 non
1143 1391 1425 1438 homicidium

44 1476 64 1499 »
100 1456 254 1512 facies,
279 1472 369 1501 non
386 1456 602 1500 furaberis
618 1491 629 1511 ,
650 1472 739 1501 non
765 1458 1041 1516 concupisces
1057 1480 1066 1515 3
1085 1469 1125 1503 et
1148 1461 1181 1504 si
1213 1462 1332 1521 quod
1368 1476 1429 1508 est

44 1545 64 1568 »
99 1527 220 1571 aliud
235 1525 491 1571 mandatum
504 1560 515 1581 ,
535 1526 579 1570 in
595 1526 679 1570 hoc
697 1541 894 1570 sermone
917 1529 1246 1587 recapitulatur,
1274 1533 1428 1590 Diliges

44 1616 65 1640 »
100 1598 344 1657 proximum
373 1605 500 1641 tuum
528 1605 736 1656 tanquam
762 1606 802 1641 te
829 1597 987 1655 ipsum.
1017 1598 1196 1644 Dilectio
1218 1603 1423 1660 proximi,

41 1687 63 1711 »
99 1669 265 1713 malum
296 1683 386 1712 non
411 1676 631 1726 operatur.
658 1668 892 1712 Plenitudo
927 1679 1072 1713 autem
1108 1673 1250 1730 Legis,
1284 1675 1427 1717 ehari-

0 1759 3 1762 >
42 1758 62 1780 »
99 1748 162 1783 tas
179 1740 211 1782 ³.
240 1737 492 1782 »Dominus
522 1737 653 1782 etiam
680 1738 781 1797 quia
811 1737 976 1781 dixerat
1001 1757 1009 1782 :
1039 1757 1059 1779 «
1082 1741 1179 1782 Non
1209 1732 1310 1784 veni
1339 1742 1428 1785 sol-

0 1808 1 1835 ἶ
42 1828 62 1851 »
97 1824 197 1853 vere
219 1812 401 1867 Legem,
423 1807 499 1852 sed
516 1807 754 1866 adimplere
769 1808 784 1832 ⁴
807 1827 815 1852 :
846 1826 866 1849 >›
888 1818 1115 1867 propterea
1139 1809 1223 1853 tale
1247 1812 1426 1855 mauda-

41 1891 135 1926 tum
159 1879 391 1938 Discipulis
429 1879 571 1933 dedit,
607 1878 724 1922 unde
762 1882 851 1922 Lex
877 1879 932 1922 ab
966 1880 1024 1922 eis
1062 1889 1203 1938 posset
1238 1882 1422 1940 impleri.

42 1971 63 1993 «
95 1949 381 2004 Mandatum,
418 1948 585 2007 inquit,
612 1963 774 1992 novum
811 1947 868 1992 do
889 1949 1036 2003 vobis,
1064 1959 1111 1993 ut
1142 1965 1214 1994 vos
1243 1951 1424 1996 invicem

43 2041 62 2064 υ
93 2021 324 2080 diligatis⁵.
367 2038 387 2059 »
417 2021 515 2064 Non
543 2034 645 2077 ergo
689 2019 875 2073 mirum,
907 2020 940 2062 si
974 2020 1225 2064 mandatum
1262 2037 1421 2065 novum

38 2100 186 2137 cantat
199 2090 420 2135 canticum
432 2103 596 2134 novum
616 2107 625 2133 :
641 2088 760 2148 quia,
777 2089 888 2133 sicut
900 2088 1066 2133 dietum
1081 2100 1157 2143 est,
1174 2091 1420 2148 psalterium

39 2162 189 2207 decem
204 2160 468 2205 chordarum
479 2158 630 2203 decem
645 2167 860 2217 praecepta
875 2167 976 2202 sunt
991 2160 1126 2216 Legis,
1139 2169 1180 2203 et
1196 2160 1420 2217 plenitudo

39 2233 161 2292 Legis
183 2231 359 2276 dilectio
376 2239 453 2274 est.
481 2233 644 2274 Paucas
661 2239 807 2273 autem
830 2228 931 2272 inde
953 2229 1134 2273 chordas
1158 2245 1421 2275 commemo-

39 2320 132 2350 rare
150 2302 382 2363 Apostolus
405 2300 570 2354 voluit,
595 2309 645 2345 ut
665 2316 715 2344 ex
737 2302 796 2344 eis
817 2309 969 2344 caetera
1003 2300 1318 2356 intelligantur,
1344 2304 1417 2346 ubi

41 2376 122 2430 ait,
145 2378 254 2420 Nam
278 2389 367 2418 non
398 2370 688 2425 adulterabis,
722 2386 809 2414 non
835 2370 1111 2413 homicidium
1153 2371 1303 2425 facies,
1335 2383 1415 2416 etv.

40 2449 149 2494 Nam
172 2447 283 2492 sicut
307 2446 397 2490 duo
419 2453 521 2488 sunt
538 2451 754 2502 praecepta
784 2440 1046 2491 dilectionis,
1073 2458 1121 2483 ex
1150 2442 1308 2499 quibus
1341 2447 1421 2486 Do-

90 2547 294 2581 'Romu-1¹,
319 2543 368 2574 ιῖι.
396 2559 434 2564 —-
456 2549 499 2572 ²1
531 2542 689 2576 .lo:1u.iv,
714 2545 748 2568 ιιι,
784 2554 818 2559 ›-
845 2536 1054 2574 31ὶιίιι.·<ιη,
1083 2538 1111 2566 ὅ.
1134 2541 1186 2568 etc
1222 2554 1255 2559 —-
1278 2537 1291 2566 J,
1309 2541 1418 2571 Mum„

43 2612 72 2642 v,
101 2612 150 2642 ¹7·
177 2596 515 2637 —13Jt›ni.x=u,3‘..

204 2664 353 2693 CXXlV.
1189 2650 1237 2683 ’,ΞΗ
