<?xml version="1.0" encoding="UTF-8"?>
<!DOCTYPE html PUBLIC "-//W3C//DTD XHTML 1.0 Transitional//EN"
    "http://www.w3.org/TR/xhtml1/DTD/xhtml1-transitional.dtd">
<html xmlns="http://www.w3.org/1999/xhtml" xml:lang="en" lang="en">
 <head>
  <title>
</title>
<meta http-equiv="Content-Type" content="text/html;charset=utf-8" />
  <meta name='ocr-system' content='tesseract 3.04.00' />
  <meta name='ocr-capabilities' content='ocr_page ocr_carea ocr_par ocr_line ocrx_word'/>
</head>
<body>
  <div class='ocr_page' id='page_1' title='image "./operaomniaaccura17auguuoft_0220.png"; bbox 0 0 1924 3309; ppageno 0'>
   <div class='ocr_carea' id='block_1_1' title="bbox 455 285 1406 323">
    <p class='ocr_par' dir='ltr' id='par_1_1' title="bbox 455 285 1406 323">
     <span class='ocr_line' id='line_1_1' title="bbox 455 285 1406 323; baseline -0.005 0"><span class='ocrx_word' id='word_1_1' title='bbox 455 285 540 323; x_wconf 81' lang='lat'>210</span> <span class='ocrx_word' id='word_1_2' title='bbox 893 291 927 320; x_wconf 93' lang='lat' dir='ltr'>s.</span> <span class='ocrx_word' id='word_1_3' title='bbox 963 291 1193 322; x_wconf 78' lang='lat' dir='ltr'><strong>AUGUSTINI</strong></span> <span class='ocrx_word' id='word_1_4' title='bbox 1226 292 1406 321; x_wconf 78' lang='lat' dir='ltr'>EPISCOPI</span> 
     </span>
    </p>
   </div>
   <div class='ocr_carea' id='block_1_2' title="bbox 450 355 1839 419">
    <p class='ocr_par' dir='ltr' id='par_1_2' title="bbox 450 355 1839 419">
     <span class='ocr_line' id='line_1_2' title="bbox 450 355 1839 419; baseline -0.004 -15"><span class='ocrx_word' id='word_1_5' title='bbox 450 359 556 404; x_wconf 89' lang='lat' dir='ltr'>dicti</span> <span class='ocrx_word' id='word_1_6' title='bbox 588 358 723 404; x_wconf 87' lang='lat' dir='ltr'>Patris</span> <span class='ocrx_word' id='word_1_7' title='bbox 743 358 826 403; x_wconf 89' lang='lat' dir='ltr'>mei</span> <span class='ocrx_word' id='word_1_8' title='bbox 841 392 853 415; x_wconf 86' lang='lat'>,</span> <span class='ocrx_word' id='word_1_9' title='bbox 887 359 1095 419; x_wconf 86' lang='lat' dir='ltr'>percipite</span> <span class='ocrx_word' id='word_1_10' title='bbox 1126 372 1309 416; x_wconf 85' lang='lat' dir='ltr'>regnum</span> <span class='ocrx_word' id='word_1_11' title='bbox 1325 360 1337 383; x_wconf 84' lang='lat'>1</span> <span class='ocrx_word' id='word_1_12' title='bbox 1361 376 1370 401; x_wconf 73' lang='grc' dir='ltr'>ε</span> <span class='ocrx_word' id='word_1_13' title='bbox 1396 355 1481 400; x_wconf 88' lang='lat' dir='ltr'>illis</span> <span class='ocrx_word' id='word_1_14' title='bbox 1505 364 1651 400; x_wconf 86' lang='lat' dir='ltr'>autem</span> <span class='ocrx_word' id='word_1_15' title='bbox 1667 389 1678 411; x_wconf 88' lang='lat'>‚</span> <span class='ocrx_word' id='word_1_16' title='bbox 1707 358 1771 399; x_wconf 87' lang='lat' dir='ltr'>lte</span> <span class='ocrx_word' id='word_1_17' title='bbox 1793 355 1839 399; x_wconf 87' lang='lat' dir='ltr'>iu</span> 
     </span>
    </p>
   </div>
   <div class='ocr_carea' id='block_1_3' title="bbox 450 424 1840 560">
    <p class='ocr_par' dir='ltr' id='par_1_3' title="bbox 450 424 1840 560">
     <span class='ocr_line' id='line_1_3' title="bbox 450 424 1840 491; baseline -0.004 -16"><span class='ocrx_word' id='word_1_18' title='bbox 450 430 598 489; x_wconf 85' lang='lat' dir='ltr'>ignem</span> <span class='ocrx_word' id='word_1_19' title='bbox 623 439 861 487; x_wconf 83' lang='lat' dir='ltr'>aeternum,</span> <span class='ocrx_word' id='word_1_20' title='bbox 897 430 974 491; x_wconf 88' lang='lat' dir='ltr'>qui</span> <span class='ocrx_word' id='word_1_21' title='bbox 1002 437 1270 489; x_wconf 78' lang='lat' dir='ltr'>praeparatus</span> <span class='ocrx_word' id='word_1_22' title='bbox 1300 437 1363 473; x_wconf 90' lang='lat' dir='ltr'>est</span> <span class='ocrx_word' id='word_1_23' title='bbox 1402 426 1579 472; x_wconf 88' lang='lat' dir='ltr'>diabolo</span> <span class='ocrx_word' id='word_1_24' title='bbox 1600 435 1643 470; x_wconf 90' lang='lat' dir='ltr'>et</span> <span class='ocrx_word' id='word_1_25' title='bbox 1678 424 1840 485; x_wconf 82' lang='lat' dir='ltr'>angelis</span> 
     </span>
     <span class='ocr_line' id='line_1_4' title="bbox 457 515 565 560; baseline 0.019 -16"><span class='ocrx_word' id='word_1_26' title='bbox 457 515 565 560; x_wconf 73' lang='lat' dir='ltr'>ejus.</span> 
     </span>
    </p>
   </div>
   <div class='ocr_carea' id='block_1_4' title="bbox 455 663 1839 699">
    <p class='ocr_par' dir='ltr' id='par_1_4' title="bbox 455 663 1839 699">
     <span class='ocr_line' id='line_1_5' title="bbox 455 663 1839 699; baseline -0.005 -12"><span class='ocrx_word' id='word_1_27' title='bbox 455 663 1839 699; x_wconf 52' lang='lat' dir='ltr'>mmmmmwmmwmmmwmmmmmmm</span> 
     </span>
    </p>
   </div>
   <div class='ocr_carea' id='block_1_5' title="bbox 949 794 1338 864">
    <p class='ocr_par' dir='ltr' id='par_1_5' title="bbox 949 794 1338 864">
     <span class='ocr_line' id='line_1_6' title="bbox 949 794 1338 864; baseline -0.013 -20"><span class='ocrx_word' id='word_1_28' title='bbox 949 794 1179 843; x_wconf 70' lang='lat' dir='ltr'>SERMo</span> <span class='ocrx_word' id='word_1_29' title='bbox 1207 795 1291 864; x_wconf 64' lang='lat' dir='ltr'>⁴vi</span> <span class='ocrx_word' id='word_1_30' title='bbox 1305 794 1338 839; x_wconf 75' lang='lat'>2.</span> 
     </span>
    </p>
   </div>
   <div class='ocr_carea' id='block_1_6' title="bbox 530 950 1761 1018">
    <p class='ocr_par' dir='ltr' id='par_1_6' title="bbox 530 950 1761 1018">
     <span class='ocr_line' id='line_1_7' title="bbox 530 950 1761 1018; baseline -0.006 -14"><span class='ocrx_word' id='word_1_31' title='bbox 530 957 608 1004; x_wconf 85' lang='lat' dir='ltr'>De</span> <span class='ocrx_word' id='word_1_32' title='bbox 632 973 688 1004; x_wconf 82' lang='lat' dir='ltr'>eo</span> <span class='ocrx_word' id='word_1_33' title='bbox 710 955 842 1017; x_wconf 77' lang='lat' dir='ltr'>quod</span> <span class='ocrx_word' id='word_1_34' title='bbox 859 956 1091 1018; x_wconf 75' lang='lat' dir='ltr'>apparuit</span> <span class='ocrx_word' id='word_1_35' title='bbox 1112 955 1349 1003; x_wconf 73' lang='lat' dir='ltr'>Dominus</span> <span class='ocrx_word' id='word_1_36' title='bbox 1372 954 1538 1014; x_wconf 76' lang='lat' dir='ltr'>Moysi</span> <span class='ocrx_word' id='word_1_37' title='bbox 1555 954 1603 997; x_wconf 81' lang='grc' dir='ltr'><em>ιή</em></span> <span class='ocrx_word' id='word_1_38' title='bbox 1626 950 1761 997; x_wconf 77' lang='lat' dir='ltr'>rubo.</span> 
     </span>
    </p>
   </div>
   <div class='ocr_carea' id='block_1_7' title="bbox 510 1111 1844 1176">
    <p class='ocr_par' dir='ltr' id='par_1_7' title="bbox 510 1103 1924 1176">
     <span class='ocr_line' id='line_1_8' title="bbox 510 1111 1844 1176; baseline -0.004 -15"><span class='ocrx_word' id='word_1_39' title='bbox 510 1119 547 1161; x_wconf 88' lang='grc' dir='ltr'>Ι.</span> <span class='ocrx_word' id='word_1_40' title='bbox 569 1119 673 1163; x_wconf 79' lang='lat' dir='ltr'>CUM</span> <span class='ocrx_word' id='word_1_41' title='bbox 695 1125 854 1161; x_wconf 84' lang='lat' dir='ltr'>sanctae</span> <span class='ocrx_word' id='word_1_42' title='bbox 880 1116 1087 1162; x_wconf 89' lang='lat' dir='ltr'>lectiones</span> <span class='ocrx_word' id='word_1_43' title='bbox 1110 1116 1363 1176; x_wconf 86' lang='lat' dir='ltr'>legerentur</span> <span class='ocrx_word' id='word_1_44' title='bbox 1381 1151 1392 1171; x_wconf 84' lang='lat'>‚</span> <span class='ocrx_word' id='word_1_45' title='bbox 1417 1116 1464 1160; x_wconf 89' lang='lat' dir='ltr'>in</span> <span class='ocrx_word' id='word_1_46' title='bbox 1486 1130 1534 1159; x_wconf 88' lang='lat' dir='ltr'>ea</span> <span class='ocrx_word' id='word_1_47' title='bbox 1558 1129 1658 1174; x_wconf 79' lang='lat' dir='ltr'>quae</span> <span class='ocrx_word' id='word_1_48' title='bbox 1687 1111 1844 1171; x_wconf 87' lang='lat' dir='ltr'>scripta</span> 
     </span>
    </p>
   </div>
   <div class='ocr_carea' id='block_1_8' title="bbox 419 1182 1924 2519">
    <p class='ocr_par' dir='ltr' id='par_1_8' title="bbox 419 1182 1924 2519">
     <span class='ocr_line' id='line_1_9' title="bbox 453 1182 1843 1248; baseline -0.004 -18"><span class='ocrx_word' id='word_1_49' title='bbox 453 1195 555 1230; x_wconf 88' lang='lat' dir='ltr'>sunt</span> <span class='ocrx_word' id='word_1_50' title='bbox 575 1187 617 1230; x_wconf 88' lang='lat' dir='ltr'>in</span> <span class='ocrx_word' id='word_1_51' title='bbox 641 1187 780 1247; x_wconf 84' lang='lat' dir='ltr'>prima</span> <span class='ocrx_word' id='word_1_52' title='bbox 798 1186 1005 1243; x_wconf 81' lang='lat' dir='ltr'>lectione,</span> <span class='ocrx_word' id='word_1_53' title='bbox 1032 1204 1131 1248; x_wconf 86' lang='lat' dir='ltr'>quae</span> <span class='ocrx_word' id='word_1_54' title='bbox 1153 1188 1279 1232; x_wconf 89' lang='lat' dir='ltr'>nobis</span> <span class='ocrx_word' id='word_1_55' title='bbox 1304 1186 1480 1231; x_wconf 83' lang='lat' dir='ltr'>recitata</span> <span class='ocrx_word' id='word_1_56' title='bbox 1498 1194 1583 1240; x_wconf 85' lang='lat' dir='ltr'>est,</span> <span class='ocrx_word' id='word_1_57' title='bbox 1609 1183 1754 1228; x_wconf 79' lang='lat' dir='ltr'>animo</span> <span class='ocrx_word' id='word_1_58' title='bbox 1773 1182 1843 1225; x_wconf 89' lang='lat' dir='ltr'>in-</span> 
     </span>
     <span class='ocr_line' id='line_1_10' title="bbox 452 1254 1845 1318; baseline -0.001 -20"><span class='ocrx_word' id='word_1_59' title='bbox 452 1254 698 1312; x_wconf 83' lang='lat' dir='ltr'>tendimus,</span> <span class='ocrx_word' id='word_1_60' title='bbox 733 1266 777 1301; x_wconf 89' lang='lat' dir='ltr'>et</span> <span class='ocrx_word' id='word_1_61' title='bbox 813 1272 863 1301; x_wconf 89' lang='lat' dir='ltr'>ea</span> <span class='ocrx_word' id='word_1_62' title='bbox 894 1274 995 1318; x_wconf 78' lang='lat' dir='ltr'>quae</span> <span class='ocrx_word' id='word_1_63' title='bbox 1027 1258 1238 1302; x_wconf 88' lang='lat' dir='ltr'>Dominus</span> <span class='ocrx_word' id='word_1_64' title='bbox 1270 1257 1495 1316; x_wconf 81' lang='lat' dir='ltr'>suggerit,</span> <span class='ocrx_word' id='word_1_65' title='bbox 1530 1255 1723 1299; x_wconf 86' lang='lat' dir='ltr'>breviter</span> <span class='ocrx_word' id='word_1_66' title='bbox 1744 1267 1845 1298; x_wconf 89' lang='lat' dir='ltr'>cum</span> 
     </span>
     <span class='ocr_line' id='line_1_11' title="bbox 452 1325 1846 1388; baseline 0 -20"><span class='ocrx_word' id='word_1_67' title='bbox 452 1326 605 1371; x_wconf 87' lang='lat' dir='ltr'>Vestra</span> <span class='ocrx_word' id='word_1_68' title='bbox 625 1327 861 1372; x_wconf 82' lang='lat' dir='ltr'>Sanctitate</span> <span class='ocrx_word' id='word_1_69' title='bbox 883 1328 1140 1388; x_wconf 86' lang='lat' dir='ltr'>participare</span> <span class='ocrx_word' id='word_1_70' title='bbox 1162 1343 1364 1373; x_wconf 84' lang='lat' dir='ltr'><strong>curamus</strong></span> <span class='ocrx_word' id='word_1_71' title='bbox 1383 1347 1392 1372; x_wconf 90' lang='lat'><strong>:</strong></span> <span class='ocrx_word' id='word_1_72' title='bbox 1415 1342 1470 1371; x_wconf 85' lang='lat' dir='ltr'>ne</span> <span class='ocrx_word' id='word_1_73' title='bbox 1487 1326 1717 1371; x_wconf 80' lang='lat' dir='ltr'>carnaliter</span> <span class='ocrx_word' id='word_1_74' title='bbox 1735 1325 1846 1369; x_wconf 85' lang='lat' dir='ltr'>acci-</span> 
     </span>
     <span class='ocr_line' id='line_1_12' title="bbox 448 1393 1924 1458; baseline 0 -19"><span class='ocrx_word' id='word_1_75' title='bbox 448 1396 615 1455; x_wconf 82' lang='lat' dir='ltr'><strong>pientes</strong></span> <span class='ocrx_word' id='word_1_76' title='bbox 638 1396 786 1442; x_wconf 89' lang='lat' dir='ltr'>divina</span> <span class='ocrx_word' id='word_1_77' title='bbox 817 1399 1023 1456; x_wconf 85' lang='lat' dir='ltr'>mysteria</span> <span class='ocrx_word' id='word_1_78' title='bbox 1044 1434 1055 1454; x_wconf 85' lang='lat'>‚</span> <span class='ocrx_word' id='word_1_79' title='bbox 1096 1415 1187 1444; x_wconf 89' lang='lat' dir='ltr'>non</span> <span class='ocrx_word' id='word_1_80' title='bbox 1210 1399 1352 1443; x_wconf 89' lang='lat' dir='ltr'>solum</span> <span class='ocrx_word' id='word_1_81' title='bbox 1372 1414 1463 1443; x_wconf 91' lang='lat' dir='ltr'>non</span> <span class='ocrx_word' id='word_1_82' title='bbox 1485 1397 1717 1458; x_wconf 85' lang='lat' dir='ltr'>proficiatis</span> <span class='ocrx_word' id='word_1_83' title='bbox 1735 1431 1745 1450; x_wconf 89' lang='lat'><strong>‚</strong></span> <span class='ocrx_word' id='word_1_84' title='bbox 1771 1393 1847 1439; x_wconf 86' lang='lat' dir='ltr'>sed</span> <span class='ocrx_word' id='word_1_85' title='bbox 1904 1398 1924 1440; x_wconf 56' lang='grc' dir='ltr'>Γ·</span> 
     </span>
     <span class='ocr_line' id='line_1_13' title="bbox 451 1465 1847 1529; baseline 0.001 -19"><span class='ocrx_word' id='word_1_86' title='bbox 451 1467 581 1511; x_wconf 88' lang='lat' dir='ltr'>etiam</span> <span class='ocrx_word' id='word_1_87' title='bbox 603 1468 825 1513; x_wconf 87' lang='lat' dir='ltr'>deficiatis.</span> <span class='ocrx_word' id='word_1_88' title='bbox 860 1469 1063 1514; x_wconf 82' lang='lat' dir='ltr'>Occurrit</span> <span class='ocrx_word' id='word_1_89' title='bbox 1090 1470 1206 1513; x_wconf 90' lang='lat' dir='ltr'>enim</span> <span class='ocrx_word' id='word_1_90' title='bbox 1234 1470 1377 1529; x_wconf 80' lang='lat' dir='ltr'>primo</span> <span class='ocrx_word' id='word_1_91' title='bbox 1412 1469 1660 1528; x_wconf 76' lang='lat' dir='ltr'>aspectibus</span> <span class='ocrx_word' id='word_1_92' title='bbox 1692 1465 1847 1512; x_wconf 89' lang='lat' dir='ltr'>nostris</span> 
     </span>
     <span class='ocr_line' id='line_1_14' title="bbox 451 1537 1840 1600; baseline 0.001 -19"><span class='ocrx_word' id='word_1_93' title='bbox 451 1552 503 1581; x_wconf 87' lang='lat' dir='ltr'>ex</span> <span class='ocrx_word' id='word_1_94' title='bbox 523 1537 596 1582; x_wconf 87' lang='lat' dir='ltr'>illa</span> <span class='ocrx_word' id='word_1_95' title='bbox 617 1537 804 1583; x_wconf 85' lang='lat' dir='ltr'>lectione</span> <span class='ocrx_word' id='word_1_96' title='bbox 826 1539 971 1584; x_wconf 89' lang='lat' dir='ltr'>divina</span> <span class='ocrx_word' id='word_1_97' title='bbox 990 1574 1002 1596; x_wconf 66' lang='lat'>9</span> <span class='ocrx_word' id='word_1_98' title='bbox 1033 1539 1155 1600; x_wconf 86' lang='lat' dir='ltr'>quod</span> <span class='ocrx_word' id='word_1_99' title='bbox 1177 1544 1291 1584; x_wconf 90' lang='lat' dir='ltr'>Deus</span> <span class='ocrx_word' id='word_1_100' title='bbox 1315 1540 1517 1600; x_wconf 84' lang='lat' dir='ltr'>apparuit</span> <span class='ocrx_word' id='word_1_101' title='bbox 1538 1539 1724 1596; x_wconf 64' lang='lat' dir='ltr'>Moysiss.</span> <span class='ocrx_word' id='word_1_102' title='bbox 1751 1541 1840 1594; x_wconf 88' lang='lat' dir='ltr'>Ap·</span> 
     </span>
     <span class='ocr_line' id='line_1_15' title="bbox 452 1606 1897 1670; baseline -0.001 -18"><span class='ocrx_word' id='word_1_103' title='bbox 452 1623 603 1668; x_wconf 89' lang='lat' dir='ltr'>parere</span> <span class='ocrx_word' id='word_1_104' title='bbox 634 1619 779 1653; x_wconf 84' lang='lat' dir='ltr'>autem</span> <span class='ocrx_word' id='word_1_105' title='bbox 809 1626 884 1669; x_wconf 90' lang='lat' dir='ltr'>per</span> <span class='ocrx_word' id='word_1_106' title='bbox 905 1611 1194 1655; x_wconf 84' lang='lat' dir='ltr'>substantiam</span> <span class='ocrx_word' id='word_1_107' title='bbox 1223 1626 1371 1665; x_wconf 84' lang='lat' dir='ltr'>suam,</span> <span class='ocrx_word' id='word_1_108' title='bbox 1401 1609 1529 1654; x_wconf 91' lang='lat' dir='ltr'>sicuti</span> <span class='ocrx_word' id='word_1_109' title='bbox 1550 1618 1643 1664; x_wconf 81' lang='lat' dir='ltr'>est,</span> <span class='ocrx_word' id='word_1_110' title='bbox 1670 1606 1849 1670; x_wconf 87' lang='lat' dir='ltr'>nonnisi</span> <span class='ocrx_word' id='word_1_111' title='bbox 1894 1634 1897 1635; x_wconf 30' lang='grc' dir='ltr'><em>ν</em></span> 
     </span>
     <span class='ocr_line' id='line_1_16' title="bbox 454 1676 1924 1739; baseline -0.002 -15"><span class='ocrx_word' id='word_1_112' title='bbox 454 1679 629 1724; x_wconf 87' lang='lat' dir='ltr'>mundis</span> <span class='ocrx_word' id='word_1_113' title='bbox 651 1679 856 1724; x_wconf 82' lang='lat' dir='ltr'>cordibus</span> <span class='ocrx_word' id='word_1_114' title='bbox 874 1680 1094 1739; x_wconf 84' lang='lat' dir='ltr'>dignatur.</span> <span class='ocrx_word' id='word_1_115' title='bbox 1113 1683 1182 1725; x_wconf 91' lang='lat' dir='ltr'>Sic</span> <span class='ocrx_word' id='word_1_116' title='bbox 1199 1681 1316 1724; x_wconf 91' lang='lat' dir='ltr'>enim</span> <span class='ocrx_word' id='word_1_117' title='bbox 1331 1681 1540 1739; x_wconf 88' lang='lat' dir='ltr'>scriptum</span> <span class='ocrx_word' id='word_1_118' title='bbox 1556 1689 1620 1723; x_wconf 89' lang='lat' dir='ltr'>est</span> <span class='ocrx_word' id='word_1_119' title='bbox 1639 1679 1684 1722; x_wconf 91' lang='lat' dir='ltr'>in</span> <span class='ocrx_word' id='word_1_120' title='bbox 1699 1681 1846 1722; x_wconf 90' lang='lat' dir='ltr'>Evan-</span> <span class='ocrx_word' id='word_1_121' title='bbox 1904 1676 1924 1730; x_wconf 65' lang='grc' dir='ltr'>ἐζ</span> 
     </span>
     <span class='ocr_line' id='line_1_17' title="bbox 456 1747 1848 1811; baseline -0.001 -17"><span class='ocrx_word' id='word_1_122' title='bbox 456 1749 569 1810; x_wconf 86' lang='lat' dir='ltr'>gelio</span> <span class='ocrx_word' id='word_1_123' title='bbox 593 1769 602 1794; x_wconf 88' lang='lat'>:</span> <span class='ocrx_word' id='word_1_124' title='bbox 630 1769 651 1792; x_wconf 94' lang='lat'>«</span> <span class='ocrx_word' id='word_1_125' title='bbox 682 1751 801 1793; x_wconf 82' lang='lat' dir='ltr'>Beati</span> <span class='ocrx_word' id='word_1_126' title='bbox 837 1751 993 1794; x_wconf 90' lang='lat' dir='ltr'>mundi</span> <span class='ocrx_word' id='word_1_127' title='bbox 1024 1750 1182 1805; x_wconf 86' lang='lat' dir='ltr'>corde,</span> <span class='ocrx_word' id='word_1_128' title='bbox 1213 1751 1423 1811; x_wconf 85' lang='lat' dir='ltr'>quoniam</span> <span class='ocrx_word' id='word_1_129' title='bbox 1448 1751 1528 1810; x_wconf 88' lang='lat' dir='ltr'>ipsi</span> <span class='ocrx_word' id='word_1_130' title='bbox 1553 1754 1691 1794; x_wconf 87' lang='lat' dir='ltr'>Deum</span> <span class='ocrx_word' id='word_1_131' title='bbox 1724 1747 1848 1793; x_wconf 81' lang='lat' dir='ltr'>vide·</span> 
     </span>
     <span class='ocr_line' id='line_1_18' title="bbox 461 1816 1850 1881; baseline -0.001 -17"><span class='ocrx_word' id='word_1_132' title='bbox 461 1838 482 1862; x_wconf 65' lang='lat' dir='ltr'>i)</span> <span class='ocrx_word' id='word_1_133' title='bbox 505 1821 617 1865; x_wconf 89' lang='lat' dir='ltr'>bunt</span> <span class='ocrx_word' id='word_1_134' title='bbox 635 1820 696 1864; x_wconf 77' lang='lat'>4.»</span> <span class='ocrx_word' id='word_1_135' title='bbox 709 1820 856 1865; x_wconf 84' lang='lat' dir='ltr'>Oculis</span> <span class='ocrx_word' id='word_1_136' title='bbox 877 1831 1024 1865; x_wconf 88' lang='lat' dir='ltr'>autem</span> <span class='ocrx_word' id='word_1_137' title='bbox 1041 1821 1342 1881; x_wconf 85' lang='lat' dir='ltr'>corporalibus</span> <span class='ocrx_word' id='word_1_138' title='bbox 1359 1830 1609 1866; x_wconf 85' lang='lat' dir='ltr'>sanctorum</span> <span class='ocrx_word' id='word_1_139' title='bbox 1625 1816 1850 1879; x_wconf 85' lang='lat' dir='ltr'>siquando</span> 
     </span>
     <span class='ocr_line' id='line_1_19' title="bbox 419 1890 1923 1951; baseline -0.001 -15"><span class='ocrx_word' id='word_1_140' title='bbox 419 1921 427 1927; x_wconf 49' lang='grc' dir='ltr'>ι</span> <span class='ocrx_word' id='word_1_141' title='bbox 459 1894 573 1936; x_wconf 88' lang='lat' dir='ltr'>Deus</span> <span class='ocrx_word' id='word_1_142' title='bbox 594 1890 733 1936; x_wconf 88' lang='lat' dir='ltr'>voluit</span> <span class='ocrx_word' id='word_1_143' title='bbox 755 1907 981 1951; x_wconf 86' lang='lat' dir='ltr'>apparere,</span> <span class='ocrx_word' id='word_1_144' title='bbox 1015 1908 1105 1936; x_wconf 90' lang='lat' dir='ltr'>non</span> <span class='ocrx_word' id='word_1_145' title='bbox 1125 1908 1201 1950; x_wconf 88' lang='lat' dir='ltr'>per</span> <span class='ocrx_word' id='word_1_146' title='bbox 1218 1908 1262 1936; x_wconf 88' lang='lat' dir='ltr'>se</span> <span class='ocrx_word' id='word_1_147' title='bbox 1279 1892 1423 1951; x_wconf 89' lang='lat' dir='ltr'>ipsum</span> <span class='ocrx_word' id='word_1_148' title='bbox 1441 1926 1452 1946; x_wconf 88' lang='lat'>,</span> <span class='ocrx_word' id='word_1_149' title='bbox 1472 1891 1549 1936; x_wconf 90' lang='lat' dir='ltr'>sed</span> <span class='ocrx_word' id='word_1_150' title='bbox 1570 1906 1647 1950; x_wconf 87' lang='lat' dir='ltr'>per</span> <span class='ocrx_word' id='word_1_151' title='bbox 1668 1899 1842 1935; x_wconf 86' lang='lat' dir='ltr'>creatu·</span> <span class='ocrx_word' id='word_1_152' title='bbox 1920 1931 1923 1942; x_wconf 70' lang='grc'><strong><em>,</em></strong></span> 
     </span>
     <span class='ocr_line' id='line_1_20' title="bbox 460 1952 1923 2023; baseline -0.001 -16"><span class='ocrx_word' id='word_1_153' title='bbox 460 1977 553 2007; x_wconf 85' lang='lat' dir='ltr'>ram</span> <span class='ocrx_word' id='word_1_154' title='bbox 575 1961 785 2007; x_wconf 89' lang='lat' dir='ltr'>visibilem</span> <span class='ocrx_word' id='word_1_155' title='bbox 805 1971 937 2022; x_wconf 85' lang='lat' dir='ltr'>atque</span> <span class='ocrx_word' id='word_1_156' title='bbox 964 1962 1211 2008; x_wconf 88' lang='lat' dir='ltr'>sensibilem</span> <span class='ocrx_word' id='word_1_157' title='bbox 1228 1998 1239 2019; x_wconf 87' lang='lat'>‚</span> <span class='ocrx_word' id='word_1_158' title='bbox 1264 1972 1480 2023; x_wconf 88' lang='lat' dir='ltr'>quantum</span> <span class='ocrx_word' id='word_1_159' title='bbox 1498 1962 1577 2007; x_wconf 90' lang='lat' dir='ltr'>ista</span> <span class='ocrx_word' id='word_1_160' title='bbox 1599 1977 1729 2006; x_wconf 90' lang='lat' dir='ltr'>carne</span> <span class='ocrx_word' id='word_1_161' title='bbox 1749 1976 1848 2005; x_wconf 87' lang='lat' dir='ltr'>sen·</span> <span class='ocrx_word' id='word_1_162' title='bbox 1902 1952 1923 2005; x_wconf 61' lang='grc' dir='ltr'>ῑῖ</span> 
     </span>
     <span class='ocr_line' id='line_1_21' title="bbox 461 2032 1924 2092; baseline 0.001 -17"><span class='ocrx_word' id='word_1_163' title='bbox 461 2032 532 2076; x_wconf 88' lang='lat' dir='ltr'>tiri</span> <span class='ocrx_word' id='word_1_164' title='bbox 562 2041 723 2091; x_wconf 84' lang='lat' dir='ltr'>potest,</span> <span class='ocrx_word' id='word_1_165' title='bbox 752 2033 979 2092; x_wconf 81' lang='lat' dir='ltr'>apparuit3</span> <span class='ocrx_word' id='word_1_166' title='bbox 1012 2032 1082 2077; x_wconf 89' lang='lat' dir='ltr'>vel</span> <span class='ocrx_word' id='word_1_167' title='bbox 1110 2048 1186 2092; x_wconf 89' lang='lat' dir='ltr'>per</span> <span class='ocrx_word' id='word_1_168' title='bbox 1212 2048 1364 2077; x_wconf 81' lang='lat' dir='ltr'>vocem</span> <span class='ocrx_word' id='word_1_169' title='bbox 1385 2042 1614 2078; x_wconf 89' lang='lat' dir='ltr'>sonantem</span> <span class='ocrx_word' id='word_1_170' title='bbox 1635 2032 1842 2088; x_wconf 82' lang='lat' dir='ltr'>auribus,</span> <span class='ocrx_word' id='word_1_171' title='bbox 1920 2066 1924 2080; x_wconf 30' lang='lat' dir='ltr'>g</span> 
     </span>
     <span class='ocr_line' id='line_1_22' title="bbox 462 2100 1903 2164; baseline -0.001 -17"><span class='ocrx_word' id='word_1_172' title='bbox 462 2102 531 2147; x_wconf 88' lang='lat' dir='ltr'>vel</span> <span class='ocrx_word' id='word_1_173' title='bbox 553 2118 629 2162; x_wconf 88' lang='lat' dir='ltr'>per</span> <span class='ocrx_word' id='word_1_174' title='bbox 662 2103 806 2160; x_wconf 84' lang='lat' dir='ltr'>ignem</span> <span class='ocrx_word' id='word_1_175' title='bbox 829 2102 991 2158; x_wconf 81' lang='lat' dir='ltr'>oculis,</span> <span class='ocrx_word' id='word_1_176' title='bbox 1019 2102 1089 2147; x_wconf 88' lang='lat' dir='ltr'>vel</span> <span class='ocrx_word' id='word_1_177' title='bbox 1112 2118 1189 2162; x_wconf 88' lang='lat' dir='ltr'>per</span> <span class='ocrx_word' id='word_1_178' title='bbox 1211 2103 1430 2163; x_wconf 85' lang='lat' dir='ltr'>Angelum</span> <span class='ocrx_word' id='word_1_179' title='bbox 1461 2104 1507 2147; x_wconf 91' lang='lat' dir='ltr'>in</span> <span class='ocrx_word' id='word_1_180' title='bbox 1529 2102 1674 2164; x_wconf 85' lang='lat' dir='ltr'>aliqua</span> <span class='ocrx_word' id='word_1_181' title='bbox 1693 2100 1850 2148; x_wconf 86' lang='lat' dir='ltr'>visibili</span> <span class='ocrx_word' id='word_1_182' title='bbox 1900 2101 1903 2134; x_wconf 64' lang='lat'>=³</span> 
     </span>
     <span class='ocr_line' id='line_1_23' title="bbox 462 2172 1903 2234; baseline 0 -17"><span class='ocrx_word' id='word_1_183' title='bbox 462 2174 603 2233; x_wconf 84' lang='lat' dir='ltr'>specie</span> <span class='ocrx_word' id='word_1_184' title='bbox 625 2183 906 2234; x_wconf 86' lang='lat' dir='ltr'>apparentem</span> <span class='ocrx_word' id='word_1_185' title='bbox 922 2209 933 2230; x_wconf 87' lang='lat'>,</span> <span class='ocrx_word' id='word_1_186' title='bbox 959 2174 1035 2218; x_wconf 89' lang='lat' dir='ltr'>sed</span> <span class='ocrx_word' id='word_1_187' title='bbox 1057 2190 1285 2233; x_wconf 86' lang='lat' dir='ltr'>personam</span> <span class='ocrx_word' id='word_1_188' title='bbox 1311 2175 1382 2218; x_wconf 91' lang='lat' dir='ltr'>Dei</span> <span class='ocrx_word' id='word_1_189' title='bbox 1415 2184 1670 2234; x_wconf 82' lang='lat' dir='ltr'>gestantem.</span> <span class='ocrx_word' id='word_1_190' title='bbox 1695 2174 1762 2219; x_wconf 89' lang='lat' dir='ltr'>Sic</span> <span class='ocrx_word' id='word_1_191' title='bbox 1784 2172 1850 2217; x_wconf 83' lang='lat' dir='ltr'>in-</span> <span class='ocrx_word' id='word_1_192' title='bbox 1898 2196 1903 2202; x_wconf 58' lang='lat'>‹</span> 
     </span>
     <span class='ocr_line' id='line_1_24' title="bbox 463 2244 1906 2305; baseline -0.002 -15"><span class='ocrx_word' id='word_1_193' title='bbox 463 2245 721 2304; x_wconf 78' lang='lat' dir='ltr'>telligimus‚</span> <span class='ocrx_word' id='word_1_194' title='bbox 762 2244 940 2301; x_wconf 85' lang='lat' dir='ltr'>fratres,</span> <span class='ocrx_word' id='word_1_195' title='bbox 976 2247 1221 2305; x_wconf 87' lang='lat' dir='ltr'>apparuisse</span> <span class='ocrx_word' id='word_1_196' title='bbox 1250 2247 1391 2304; x_wconf 87' lang='lat' dir='ltr'>Moysi</span> <span class='ocrx_word' id='word_1_197' title='bbox 1429 2250 1582 2291; x_wconf 86' lang='lat' dir='ltr'>Deum.</span> <span class='ocrx_word' id='word_1_198' title='bbox 1608 2245 1706 2292; x_wconf 81' lang='lat' dir='ltr'>Non¹</span> <span class='ocrx_word' id='word_1_199' title='bbox 1731 2245 1846 2290; x_wconf 89' lang='lat' dir='ltr'>enim</span> <span class='ocrx_word' id='word_1_200' title='bbox 1898 2264 1906 2293; x_wconf 58' lang='lat'>{-</span> 
     </span>
     <span class='ocr_line' id='line_1_25' title="bbox 465 2314 1907 2378; baseline 0.001 -21"><span class='ocrx_word' id='word_1_201' title='bbox 465 2316 663 2374; x_wconf 82' lang='lat' dir='ltr'>majestas</span> <span class='ocrx_word' id='word_1_202' title='bbox 695 2317 768 2361; x_wconf 86' lang='lat' dir='ltr'>illa</span> <span class='ocrx_word' id='word_1_203' title='bbox 786 2353 796 2372; x_wconf 77' lang='lat'><strong>‚</strong></span> <span class='ocrx_word' id='word_1_204' title='bbox 820 2332 921 2378; x_wconf 82' lang='lat' dir='ltr'>quae</span> <span class='ocrx_word' id='word_1_205' title='bbox 942 2316 1045 2361; x_wconf 91' lang='lat' dir='ltr'>fecit</span> <span class='ocrx_word' id='word_1_206' title='bbox 1066 2317 1230 2361; x_wconf 87' lang='lat' dir='ltr'>coelum</span> <span class='ocrx_word' id='word_1_207' title='bbox 1253 2325 1296 2359; x_wconf 91' lang='lat' dir='ltr'>et</span> <span class='ocrx_word' id='word_1_208' title='bbox 1329 2326 1511 2372; x_wconf 82' lang='lat' dir='ltr'>terram,</span> <span class='ocrx_word' id='word_1_209' title='bbox 1543 2325 1585 2361; x_wconf 91' lang='lat' dir='ltr'>et</span> <span class='ocrx_word' id='word_1_210' title='bbox 1618 2332 1719 2378; x_wconf 86' lang='lat' dir='ltr'>quae</span> <span class='ocrx_word' id='word_1_211' title='bbox 1741 2314 1849 2375; x_wconf 87' lang='lat' dir='ltr'>regit</span> <span class='ocrx_word' id='word_1_212' title='bbox 1898 2335 1907 2358; x_wconf 48' lang='lat' dir='ltr'>i</span> 
     </span>
     <span class='ocr_line' id='line_1_26' title="bbox 466 2387 1899 2448; baseline 0.001 -19"><span class='ocrx_word' id='word_1_213' title='bbox 466 2387 717 2432; x_wconf 82' lang='lat' dir='ltr'>universum</span> <span class='ocrx_word' id='word_1_214' title='bbox 734 2389 967 2444; x_wconf 85' lang='lat' dir='ltr'>mundum,</span> <span class='ocrx_word' id='word_1_215' title='bbox 988 2389 1059 2433; x_wconf 91' lang='lat' dir='ltr'>cui</span> <span class='ocrx_word' id='word_1_216' title='bbox 1078 2403 1247 2448; x_wconf 88' lang='lat' dir='ltr'>semper</span> <span class='ocrx_word' id='word_1_217' title='bbox 1260 2388 1474 2432; x_wconf 75' lang='lat' dir='ltr'>inhaerent</span> <span class='ocrx_word' id='word_1_218' title='bbox 1487 2387 1643 2447; x_wconf 85' lang='lat' dir='ltr'>Angeli</span> <span class='ocrx_word' id='word_1_219' title='bbox 1659 2396 1851 2432; x_wconf 86' lang='lat' dir='ltr'>contem·</span> <span class='ocrx_word' id='word_1_220' title='bbox 1898 2412 1899 2415; x_wconf 36' lang='lat'>¹</span> 
     </span>
     <span class='ocr_line' id='line_1_27' title="bbox 468 2457 1851 2519; baseline 0 -17"><span class='ocrx_word' id='word_1_221' title='bbox 468 2457 629 2516; x_wconf 84' lang='lat' dir='ltr'>plaudo</span> <span class='ocrx_word' id='word_1_222' title='bbox 659 2460 749 2519; x_wconf 85' lang='lat' dir='ltr'>ejus</span> <span class='ocrx_word' id='word_1_223' title='bbox 769 2458 1144 2519; x_wconf 87' lang='lat' dir='ltr'>pulchritudinem</span> <span class='ocrx_word' id='word_1_224' title='bbox 1165 2459 1285 2519; x_wconf 89' lang='lat' dir='ltr'>puris</span> <span class='ocrx_word' id='word_1_225' title='bbox 1306 2459 1548 2515; x_wconf 86' lang='lat' dir='ltr'>mentibus,</span> <span class='ocrx_word' id='word_1_226' title='bbox 1573 2458 1710 2504; x_wconf 90' lang='lat' dir='ltr'>oculis</span> <span class='ocrx_word' id='word_1_227' title='bbox 1732 2473 1851 2504; x_wconf 86' lang='lat' dir='ltr'>mor-</span> 
     </span>
    </p>
   </div>
   <div class='ocr_carea' id='block_1_9' title="bbox 464 2564 1894 2664">
    <p class='ocr_par' dir='ltr' id='par_1_9' title="bbox 464 2564 1894 2664">
     <span class='ocr_line' id='line_1_28' title="bbox 464 2564 1894 2647; baseline 0.001 -49"><span class='ocrx_word' id='word_1_228' title='bbox 464 2616 482 2647; x_wconf 50' lang='grc' dir='ltr'><strong>ὁ</strong></span> <span class='ocrx_word' id='word_1_229' title='bbox 531 2573 539 2589; x_wconf 92' lang='lat'>¹</span> <span class='ocrx_word' id='word_1_230' title='bbox 566 2567 687 2599; x_wconf 85' lang='lat' dir='ltr'>Matth.</span> <span class='ocrx_word' id='word_1_231' title='bbox 718 2578 796 2610; x_wconf 85' lang='lat' dir='ltr'>xxv,</span> <span class='ocrx_word' id='word_1_232' title='bbox 822 2568 877 2610; x_wconf 84' lang='lat'>31,</span> <span class='ocrx_word' id='word_1_233' title='bbox 901 2573 966 2601; x_wconf 88' lang='lat' dir='ltr'>etc.</span> <span class='ocrx_word' id='word_1_234' title='bbox 995 2583 1036 2592; x_wconf 88' lang='lat'><em>-</em></span> <span class='ocrx_word' id='word_1_235' title='bbox 1063 2574 1077 2591; x_wconf 90' lang='lat'>²</span> <span class='ocrx_word' id='word_1_236' title='bbox 1095 2567 1177 2601; x_wconf 82' lang='lat' dir='ltr'>Alias</span> <span class='ocrx_word' id='word_1_237' title='bbox 1191 2567 1232 2600; x_wconf 87' lang='lat' dir='ltr'>de</span> <span class='ocrx_word' id='word_1_238' title='bbox 1252 2567 1389 2601; x_wconf 80' lang='lat' dir='ltr'>Diversis</span> <span class='ocrx_word' id='word_1_239' title='bbox 1411 2578 1463 2609; x_wconf 89' lang='lat'>17.</span> <span class='ocrx_word' id='word_1_240' title='bbox 1479 2583 1521 2591; x_wconf 88' lang='lat'>--</span> <span class='ocrx_word' id='word_1_241' title='bbox 1540 2564 1554 2591; x_wconf 82' lang='lat'><em>3</em></span> <span class='ocrx_word' id='word_1_242' title='bbox 1575 2568 1674 2601; x_wconf 86' lang='lat' dir='ltr'>Exod.</span> <span class='ocrx_word' id='word_1_243' title='bbox 1693 2578 1745 2610; x_wconf 86' lang='lat'><em>111,</em></span> <span class='ocrx_word' id='word_1_244' title='bbox 1762 2575 1794 2601; x_wconf 82' lang='lat'>2.</span> <span class='ocrx_word' id='word_1_245' title='bbox 1810 2580 1850 2589; x_wconf 92' lang='lat'>-</span> <span class='ocrx_word' id='word_1_246' title='bbox 1891 2565 1894 2576; x_wconf 87' lang='lat'>&#39;</span> 
     </span>
     <span class='ocr_line' id='line_1_29' title="bbox 507 2621 728 2664; baseline 0.009 -11"><span class='ocrx_word' id='word_1_247' title='bbox 507 2621 630 2655; x_wconf 82' lang='lat' dir='ltr'>Matth.</span> <span class='ocrx_word' id='word_1_248' title='bbox 646 2633 680 2664; x_wconf 86' lang='lat' dir='ltr'>v,</span> <span class='ocrx_word' id='word_1_249' title='bbox 697 2623 728 2655; x_wconf 88' lang='lat'>8.</span> 
     </span>
    </p>
   </div>
   <div class='ocr_carea' id='block_1_10' title="bbox 1830 0 1924 3309">
    <p class='ocr_par' dir='ltr' id='par_1_10' title="bbox 1830 0 1924 3309">
     <span class='ocr_line' id='line_1_30' title="bbox 1830 0 1924 3309; baseline 0 0"><span class='ocrx_word' id='word_1_250' title='bbox 1830 0 1924 3309; x_wconf 95' lang='lat' dir='ltr'> </span> 
     </span>
    </p>
   </div>
  </div>
 </body>
</html>
