1924 3309
1903 0 1924 173 ““““-”“.“Ι

478 283 561 322 230
908 291 941 321 s.
978 290 1208 322 Aucus-mu
1239 292 1420 321 nmscom

480 359 553 402 uhi
575 357 791 417 intelligas
813 367 856 402 ct
874 358 1085 417 rapinam.
1110 358 1208 402 Non
1229 357 1344 401 enim
1367 357 1421 402 de
1451 357 1569 402 furto
1591 359 1858 419 praeciperet,

480 439 520 474 et
539 430 592 474 de
614 429 764 489 rapina
782 438 946 473 taceret
965 429 1201 487 Scriptura,
1226 428 1307 472 nisi
1320 437 1363 473 te
1383 428 1626 488 intelligere
1641 429 1860 489 voluisset,

480 501 582 561 quia
599 501 632 544 si
653 499 826 560 poenale
848 509 912 544 est
934 498 1133 544 clanculo
1154 497 1345 554 auferre,
1371 499 1511 545 multo
1533 500 1705 560 majoris
1721 516 1862 560 poenae

479 580 543 616 est
562 570 775 615 violenter
805 571 986 629 eripere.
1008 567 1192 614 Auferre
1213 584 1316 628 ergo
1349 569 1526 614 nolens1
1550 570 1638 615 sive
1670 571 1861 630 occulte,

479 643 568 689 sive
590 643 754 702 palam,
773 643 907 686 habet
925 650 1193 701 praeceptum
1209 657 1351 685 suum.
1377 642 1694 701 Concupiscere
1719 652 1864 689 autem

481 730 571 758 rem
596 713 802 773 proximi,
829 712 948 772 quod
976 720 1100 756 notat
1122 715 1235 756 Deus
1267 712 1314 755 in
1335 711 1488 767 corde,
1513 712 1678 757 etiamsi
1703 714 1865 774 justam

480 785 541 828 ibi
564 784 878 829 successionem
901 798 1090 843 quaeras,
1117 781 1343 826 nonlicet.
1379 782 1575 842 Denique
1609 783 1687 843 qui
1711 784 1866 830 volunt

480 872 546 900 res
569 856 730 900 alienas
754 865 958 914 tanquam
975 855 1092 914 juste
1110 853 1328 914 possidere
1342 890 1357 910 ,
1381 854 1574 898 haeredes
1596 870 1640 898 se
1662 865 1866 915 quaerunt

478 927 572 971 fieri
594 942 617 970 a
636 926 935 969 morientibus.
963 925 1080 978 Quid
1098 926 1213 968 enim
1232 934 1320 969 tam
1334 926 1499 984 justum
1517 924 1714 980 videtur,
1735 941 1868 986 quam

479 1013 568 1042 rem
586 998 667 1042 sibi
686 996 935 1040 derelictam
952 996 1184 1055 possidere,
1200 996 1360 1040 habere
1369 998 1467 1056 jure
1483 997 1736 1041 communi?
1751 997 1866 1050 Quid

481 1069 599 1128 apud
622 1077 664 1111 te
686 1067 789 1111 facit
808 1068 968 1111 homo?
993 1067 1221 1111 Dimissum
1246 1076 1309 1110 est
1333 1067 1438 1110 mihi
1460 1085 1468 1111 2
1490 1065 1746 1110 haereditate
1767 1083 1868 1112 con-

479 1147 652 1183 secutus
673 1153 768 1181 sum
792 1157 800 1182 :
824 1146 1132 1181 testamentum
1153 1137 1266 1195 lego.
1292 1136 1410 1181 Nihil
1426 1136 1599 1180 videtur
1611 1137 1768 1196 justius
1788 1138 1868 1182 ista

480 1224 585 1253 voce
615 1209 819 1253 avaritiae.
850 1211 915 1251 Tu
947 1207 1099 1251 laudas
1122 1207 1245 1266 quasi
1272 1209 1369 1266 jure
1402 1206 1693 1266 possidentem
1718 1226 1727 1252 ε
1753 1210 1866 1253 Deus
1900 1189 1921 1246 ⁶1

480 1278 660 1323 damnat
676 1280 834 1338 injuste
857 1277 1252 1336 concupiscentem.
1276 1277 1386 1321 Vide
1405 1277 1544 1337 qualis
1560 1292 1625 1332 es,
1649 1277 1724 1336 qui
1748 1286 1867 1336 optas
1922 1319 1924 1322 .

480 1359 522 1394 te
546 1352 600 1393 ab
628 1349 776 1410 aliquo
802 1348 1019 1393 haeredem
1042 1350 1149 1392 fieri.
1176 1351 1272 1393 Non
1294 1348 1356 1393 vis
1384 1357 1435 1392 ut
1468 1348 1626 1391 habeat
1657 1347 1863 1392 haeredes.

480 1423 531 1464 In
564 1418 813 1463 haeredibus
847 1428 993 1463 autem
1021 1419 1129 1462 nihil
1161 1419 1301 1463 carius
1340 1418 1645 1476 primogenito.
1682 1417 1868 1462 Proinde

482 1490 526 1534 in
544 1489 841 1549 primogenitis
863 1489 948 1533 tuis
967 1488 1155 1547 punieris
1169 1523 1180 1543 ‚
1204 1489 1278 1548 qui
1301 1487 1650 1547 concupiscendo
1674 1503 1740 1532 res
1764 1487 1867 1532 alie-

473 1573 581 1616 ·nas,
605 1561 649 1605 id
671 1560 793 1621 quod
816 1561 895 1605 tibi
913 1562 1011 1620 jure
1035 1576 1123 1605 non
1147 1559 1411 1614 debebatur,
1437 1560 1560 1619 quasi
1581 1559 1692 1618 juris
1714 1559 1868 1603 umbra
1894 1593 1895 1597 ,
1920 1576 1924 1603 i

486 1632 715 1692 perquiris.
757 1634 814 1675 Et
852 1630 977 1675 facile
1014 1640 1076 1675 est
1119 1630 1328 1690 quidem,
1374 1630 1552 1684 f·‚rat1es
1591 1629 1870 1689 corporaliter
1897 1633 1924 1692 1

487 1703 686 1746 amittere
719 1702 1042 1760 primogenitos.
1087 1701 1336 1744 Moriuntur
1365 1701 1481 1743 enim
1520 1700 1739 1755 homines,
1784 1701 1869 1744 sive
1895 1699 1924 1779 1·

490 1782 589 1817 ante
622 1781 821 1832 parentes
853 1787 973 1825 suos,
1019 1771 1107 1815 sive
1148 1780 1246 1830 post
1284 1780 1481 1830 parentes
1511 1787 1631 1825 suos,
1672 1770 1869 1814 morituri
1892 1783 1924 1828 11

485 1844 732 1888 moriuntur
765 1861 773 1887 ε
808 1842 918 1886 illud
958 1842 1187 1886 molestum
1224 1852 1317 1896 est
1364 1857 1418 1885 nc
1460 1857 1535 1900 per
1577 1842 1690 1885 hanc
1720 1840 1868 1886 occul·
1891 1832 1924 1955 1ἐ

485 1925 573 1960 tam
617 1923 660 1957 et
706 1913 911 1972 injustam
952 1912 1347 1970 concupiscentiam
1394 1911 1684 1989 primogenita
1731 1910 1869 1956 cordis

486 1985 548 2029 tui
570 1982 738 2043 perdas.
768 1982 1085 2040 primogenitus
1105 1982 1220 2025 enim
1249 1982 1293 2025 in
1325 1981 1487 2025 nohis
1477 1982 1707 2039 lmaginem
1738 1938 1924 2054 habeti:

486 2058 632 2115 gratiae
655 2055 758 2108 Dei,
790 2069 927 2098 novus
950 2062 1076 2096 natus
1092 2087 1103 2106 ‚
1127 2053 1244 2111 prior
1273 2061 1422 2107 natus,
1459 2053 1572 2096 inter
1593 2067 1744 2096 omnes
1777 2061 1870 2097 tan·-
1889 2080 1892 2086 -
1915 2090 1924 2095 .

487 2142 619 2187 quam
634 2135 756 2170 natos
773 2124 915 2169 cordis
930 2124 1064 2167 nostri
1082 2123 1368 2183 primogenita
1384 2124 1491 2167 fides
1504 2133 1582 2168 est.
1603 2126 1741 2169 Nemo
1755 2124 1868 2168 enim
1919 2124 1924 2163 i

485 2199 597 2241 bene
630 2205 859 2255 operatur,
898 2195 977 2238 nisi
1006 2193 1112 2238 fides
1146 2194 1425 2253 praecesserit.
1451 2194 1606 2239 Omnia
1640 2210 1769 2253 opera
1796 2203 1868 2239 tua
1916 2201 1924 2231 t

488 2271 601 2313 bona
622 2268 700 2311 filii
722 2276 824 2311 sunt
843 2266 907 2310 tui
921 2266 1146 2326 spiritales,
1169 2265 1244 2309 sed
1265 2266 1376 2309 inter
1390 2266 1467 2310 hos
1491 2266 1570 2309 tibi
1586 2266 1868 2326 primogenita
1887 2260 1895 2324 1
1919 2279 1924 2297 s

486 2348 549 2383 est
569 2338 689 2382 fides.
716 2338 920 2398 Quisquis
943 2352 1033 2381 rem
1057 2336 1238 2380 alienam
1261 2335 1431 2380 occulte
1453 2336 1868 2396 concupiscis‚inte«-
1890 2327 1895 2374 1

485 2410 572 2452 rius
596 2408 727 2451 fidem
750 2408 907 2466 perdis.
934 2407 1027 2451 Eris
1049 2407 1161 2450 enim
1185 2407 1325 2465 primo
1344 2406 1435 2450 sine
1458 2406 1594 2451 dubio
1616 2406 1864 2462 simulator,

485 2479 728 2537 obsequens
750 2494 837 2521 non
855 2479 1062 2521 charitate
1077 2512 1087 2531 ‚
1108 2475 1181 2520 sed
1206 2475 1359 2519 fraude
1377 2497 1387 2533 3
1407 2476 1542 2521 veluti
1560 2492 1707 2522 amans
1729 2491 1828 2521 eum
1845 2490 1867 2525 a

486 2565 573 2609 quo
601 2558 641 2592 te
660 2548 780 2607 cupis
814 2549 904 2592 lieri
929 2547 1171 2602 haeredem,
1198 2546 1383 2591 amando
1408 2563 1509 2590 eum
1544 2548 1653 2591 mori
1683 2548 1861 2607 quaeris,
1890 2558 1892 2561 ·
1916 2548 1924 2583 ἑ·

547 2646 549 2654 ·’
577 2634 676 2664 Forte
699 2633 817 2664 volens.
