1924 3309
456 253 479 288 8
899 257 931 286 s.
968 257 1195 285 Auousrim
1229 258 1407 285 EPISCOPI

456 324 532 367 sed
555 331 723 366 tantum
746 331 795 366 ut
817 336 993 381 peccare
1009 321 1209 364 nolimus.
1224 322 1368 364 Gratia
1388 335 1488 364 vero
1509 320 1656 373 eflicit,
1671 326 1721 361 ut
1742 333 1832 363 non
1900 320 1903 390 Ξ

455 402 626 438 tantum
662 393 842 437 velimus
879 401 993 436 recte
1022 391 1186 445 facere,
1218 392 1292 434 sed
1327 392 1455 435 etiam
1479 390 1717 449 possimus,
1741 404 1832 434 non

455 463 618 507 viribus
641 463 795 505 nostris
812 495 823 515 ,
857 463 933 505 sed
956 462 1215 504 Liberatoris
1237 461 1417 514 auxilio,
1453 462 1528 520 qui
1556 460 1679 504 nobis
1704 460 1833 504 etiam
1902 462 1905 482 ³

453 531 692 591 perfectam
713 545 863 590 pacem
897 531 942 573 in
964 531 1277 574 resurrectione
1304 531 1489 584 tribuet,
1507 546 1604 589 quae
1626 545 1709 588 pax
1731 544 1833 588 per-

452 600 566 644 fecta
590 601 749 644 bonam
784 598 1052 643 voluntatem
1086 599 1382 659 consequitur.
1417 599 1607 643 «Gloria
1636 599 1753 642 enim
1788 599 1835 641 in
1906 590 1907 600 ¹

455 687 476 710 >1
512 669 685 714 excelsis
720 673 834 723 Deo,
866 678 908 713 et
937 670 982 712 in
1004 678 1116 713 terra
1143 684 1225 728 pax
1252 668 1502 713 hominibus
1526 669 1654 713 bonae
1675 668 1835 713 volun-

457 756 479 780 »
514 740 658 783 tatis1.
687 756 707 779 ι)

513 822 634 864 XIX.
663 819 791 872 Quod
813 828 957 863 autem
981 819 1086 863 dicit
1106 839 1114 864 :
1139 837 1159 862 «
1184 823 1339 878 Legem
1358 835 1461 878 ergo
1485 833 1744 863 evacuamus
1760 833 1838 878 per
1910 814 1911 825 ¹

460 905 482 929 »
516 889 678 932 fidem?
699 889 822 932 Absit
847 908 856 933 :
882 888 957 933 sed
994 893 1150 947 Legem
1175 890 1454 943 statuimus2,
1476 908 1496 930 »
1524 888 1568 932 id
1585 898 1664 943 est,
1689 889 1838 933 firma·
1906 931 1909 947 ‚

456 972 568 1002 mus.
596 957 679 1003 Sed
700 957 1070 1017 quemadmodum
1088 960 1300 1003 firmanda
1324 967 1415 1002 erat
1430 962 1541 1013 Lex,
1568 959 1647 1002 nisi
1664 973 1742 1017 per
1752 959 1839 1018 jus·

458 1027 626 1071 titiam?
645 1030 669 1071 J
673 1028 861 1071 ustitiam
883 1037 1028 1072 autem
1060 1044 1159 1088 quae
1180 1037 1243 1072 est
1266 1043 1342 1087 per
1366 1027 1497 1071 fidem
1521 1046 1530 1072 :
1555 1028 1657 1087 quia
1674 1042 1722 1072 ea
1748 1027 1840 1087 ipsa

458 1107 555 1151 quae
583 1111 673 1141 non
692 1105 894 1156 poterant
915 1097 1085 1156 impleri
1106 1112 1183 1157 per
1202 1100 1362 1156 Legem
1381 1132 1391 1153 ,
1413 1112 1490 1156 per
1510 1097 1639 1141 fidem
1661 1097 1839 1157 impleta

462 1169 579 1205 sunt.

520 1241 621 1285 XX·
645 1243 766 1292 Qund
792 1253 936 1290 autem
956 1247 1014 1290 ait
1036 1265 1045 1290 ε
1075 1265 1094 1288 «
1126 1247 1168 1291 Si
1186 1247 1301 1290 enim
1325 1247 1545 1290 Abraham
1567 1261 1618 1290 ex
1634 1247 1841 1306 operibus

463 1329 484 1352 »
515 1309 775 1369 justificatus
792 1324 854 1358 est
872 1348 882 1368 ‚
909 1315 1042 1358 habet
1060 1316 1256 1371 gloriam,
1282 1315 1357 1358 sed
1374 1330 1464 1358 non
1486 1316 1604 1374 apud
1620 1318 1804 1372 Deum³,
1817 1335 1838 1358 »

462 1381 549 1423 hoc
579 1386 668 1431 est,
693 1376 793 1435 quia
817 1379 1028 1427 Ausi-aliam
1062 1385 1151 1427 sine
1189 1387 1302 1441 Lege
1324 1383 1430 1427 dum
1453 1400 1541 1429 non
1564 1401 1615 1429 ex
1637 1387 1841 1445 operibus

465 1447 588 1505 Legis
627 1445 808 1504 gloriam
843 1453 1074 1506 conquirit,
1109 1453 1231 1511 quasi
1267 1453 1353 1496 suis
1375 1454 1540 1498 viribus
1571 1458 1731 1514 Legem
1755 1458 1841 1502 im-

466 1516 610 1577 pleat,
636 1529 737 1559 cum
759 1512 899 1558 adhuc
917 1516 1003 1557 Lex
1020 1523 1096 1563 ista
1118 1520 1217 1564 data
1236 1537 1325 1565 non
1349 1532 1471 1576 esset,
1498 1524 1574 1567 Dei
1595 1523 1668 1568 illa
1687 1525 1839 1583 gloria,

470 1602 559 1631 non
581 1601 658 1630 sua
680 1593 758 1628 est.
782 1587 879 1628 Non
899 1584 1008 1629 enim
1030 1591 1181 1635 merito
1203 1592 1268 1635 sui
1303 1601 1511 1652 tanquam
1533 1609 1585 1638 ex
1607 1596 1812 1654 operibus
1828 1631 1840 1652 ,

469 1655 543 1699 sed
564 1655 642 1698 Dei
660 1653 793 1711 gratia
815 1651 900 1696 fide
919 1653 1169 1711 juitificatus
1186 1669 1263 1702 est.

530 1737 652 1778 XXI.
675 1733 803 1784 Quod
826 1739 968 1774 autem
992 1734 1040 1777 iit
1060 1754 1069 1780 ;
1100 1754 1120 1778 «
1141 1740 1197 1781 Et
1218 1748 1363 1782 autem
1382 1739 1458 1798 qui
1481 1750 1700 1799 operatur,
1725 1759 1843 1788 mer-

474 1823 496 1846 »
532 1819 600 1849 ces
633 1818 723 1846 non
754 1802 994 1859 imputatur
1023 1807 1255 1851 :ecundum
1279 1809 1482 1866 gratiam,
1505 1811 1579 1854 sed
1601 1814 1843 1859 secundum

476 1893 499 1917 »
534 1873 775 1925 debitum‘n,
802 1889 822 1912 »
848 1871 955 1914 dixit
987 1876 1344 1930 quenadmodum
1368 1880 1563 1924 homines
1594 1882 1858 1932 hominibus„

474 1942 660 1987 reddant
680 1940 938 1984 mercedem·
965 1943 1073 1985 Nam
1095 1944 1193 1990 Dtus
1216 1963 1291 2006 per
1314 1949 1496 2006 gratiam
1529 1949 1650 1995 dedit
1666 1986 1677 2004 ,
1701 1961 1751 1996 ut
1768 1969 1844 2012 per

472 2011 605 2056 fidem
621 2013 737 2071 juste
759 2011 968 2066 viverent,
989 2012 1034 2054 id
1051 2020 1129 2065 est,
1159 2011 1255 2060 bine
1273 2028 1571 2076 operarentur.
1598 2022 1724 2074 Quod
1741 2038 1843 2081 ergo

477 2083 589 2124 bene
624 2095 853 2139 operamur
878 2083 968 2140 jam
999 2089 1172 2139 accepta
1201 2088 1340 2141 gratia,
1376 2103 1465 2131 non
1496 2089 1649 2142 nobis,
1683 2092 1758 2136 sed
1781 2092 1840 2137 illi

480 2149 763 2193 tribuendum
789 2157 852 2192 est
869 2183 880 2203 ,
905 2150 981 2208 qui
1003 2164 1079 2207 per
1101 2151 1266 2206 gratian
1294 2158 1651 2215 nosjustificavit,
1678 2163 1786 2205 Nam
1810 2163 1841 2206 si

480 2217 674 2262 debitam
697 2217 942 2262 mercedem
964 2217 1094 2263 vellet
1114 2219 1280 2269 reddere
1297 2260 1308 2279 ‚
1333 2241 1511 2284 poenam
1542 2228 1743 2275 redderet
1763 2231 1842 2274 de-

481 2287 615 2330 bitam
636 2287 948 2344 peccatoribus.

540 2370 684 2411 XXII.
709 2369 838 2421 Quod
861 2379 1004 2413 autem
1022 2370 1106 2413 ait:
1131 2388 1151 2411 «
1167 2371 1248 2422 Qui
1261 2371 1451 2429 jatifieat
1475 2377 1656 2436 impium
1672 2381 1704 2433 ⁵,
1721 2397 1741 2421 »
1759 2381 1843 2426 hoc

484 2456 507 2480 »
541 2447 605 2482 est
627 2452 676 2481 ex
705 2438 838 2497 impio
871 2439 990 2496 pium
1023 2438 1150 2492 facit,
1176 2449 1226 2483 ut
1247 2439 1301 2484 de
1326 2453 1472 2490 :aetero
1494 2447 1539 2491 in
1568 2448 1660 2506 ipsa
1679 2450 1842 2508 pietate

530 2538 539 2554 ¹
563 2534 639 2565 Luc.
660 2543 693 2572 n,
712 2532 761 2573 14.
784 2548 822 2555 —
842 2539 854 2555 ²
873 2535 964 2566 Γιοιιι.
984 2544 1030 2573 ιιι,
1049 2532 1164 2566 31.—
1184 2531 1197 2557 3
1214 2535 1260 2566 Id.
1275 2545 1352 2575 1v‚-..
1373 2555 1413 2562 —-
1431 2538 1539 2574 tilbid,
1561 2541 1593 2582 γ’..
1612 2559 1654 2566 -
1670 2541 1833 2578 51bjd‚5‚
