1924 3309
462 238 544 279 184
897 251 929 277 s.
965 247 1195 277 Aucus'rtm
1227 249 1407 278 Emscom
1881 208 1884 276 i

462 328 673 377 tanquam
703 317 866 360 crimen
884 350 895 370 ‚
930 315 1018 359 imo
1041 314 1269 373 Discipulis
1292 317 1382 376 ejus
1404 315 1610 360 dixerunt
1630 334 1639 360 z
1669 334 1687 357 «
1709 320 1847 369 Quare
1883 317 1886 374 ξ

463 406 484 431 »
519 387 724 447 magister
742 396 883 431 vester
904 401 1006 430 cum
1019 384 1263 444 publicanis
1280 394 1322 430 et
1344 386 1644 446 peccatoribus
1665 386 1848 431 mandu-
1884 402 1887 448 1

462 477 484 501 »
518 457 943 517 cat?»Respondens
956 456 1417 516 Dominus‚quomodo
1429 472 1473 501 se
1487 455 1849 502 defendit?«Non
1885 454 1888 506 l

463 548 483 572 η
520 538 584 574 est
603 544 714 589 opus
729 564 740 585 ,
765 528 909 588 inquit
923 563 934 583 ‚
961 527 1073 571 sanis
1090 527 1307 583 medicus,
1328 528 1404 572 sed
1420 527 1532 571 male
1553 527 1814 572 habentibus
1834 544 1846 572 :
1886 515 1890 603 ξ

465 620 485 643 »
522 617 611 646 non
633 600 732 645 veni
751 615 906 645 vocare
923 600 1060 659 justos
1075 632 1087 653 ‚
1112 598 1188 642 sed
1217 608 1464 658 peccatores
1479 600 1512 643 ¹.
1540 616 1560 639 »
1586 600 1725 642 Vocat
1747 614 1850 658 ergo
1887 611 1891 659 1

461 671 612 717 haedos
625 692 637 730 3
653 670 727 715 sed
741 659 791 714 ut
805 685 894 714 non
908 677 1186 729 perseverent
1202 669 1333 712 haedi.
1350 668 1524 713 Occidit
1536 668 1652 712 enim
1666 667 1762 713 illos
1777 671 1802 712 J
1805 683 1854 713 a·
1888 674 1891 709 ἱ

461 743 545 788 cob
564 777 575 797 ,
601 750 644 786 et
674 740 934 801 praeparavit
954 738 1057 783 inde
1088 738 1236 798 epulas
1256 739 1370 799 patri
1391 755 1498 797 suo3
1521 738 1565 782 id
1590 747 1680 793 est,
1703 739 1758 782 ad
1779 738 1849 783 in-
1888 713 1893 827 ἱ

460 813 748 872 telligentiam
766 810 1002 871 spiritalem
1015 845 1026 866 ‚
1052 826 1152 871 quae
1175 810 1223 855 in
1243 810 1318 855 illa
1339 810 1644 855 benedictione
1660 809 1852 854 habebat
1890 833 1894 876 3

462 883 671 942 intelligi,
697 882 895 942 quamvis
920 881 1184 939 figurabatur
1205 882 1252 925 in
1273 880 1363 926 filio
1380 881 1532 940 majori
1557 899 1568 925 ;
1593 880 1648 924 ad
1668 880 1752 925 hoc
1775 895 1851 925 oc·
1891 882 1894 935 Ῐ

461 954 537 999 cisi
564 963 666 998 sunt
695 952 832 1008 haedi,
873 961 917 997 et
938 951 1190 996 manducati
1213 961 1340 1007 sunt,
1366 961 1409 996 et
1429 951 1598 1012 trajecti
1629 951 1675 994 in
1696 966 1852 1011 corpus

462 1040 619 1069 unum.
649 1024 716 1069 Sic
746 1023 1008 1068 occiduntur
1029 1032 1208 1082 peccata
1232 1024 1278 1067 in
1305 1022 1603 1082 peccatoribus
1621 1056 1633 1077 ,
1659 1030 1702 1066 et
1718 1031 1854 1066 trans·
1893 1022 1896 1073 i

461 1104 568 1140 eunt
592 1093 810 1139 interfecti
834 1094 878 1138 in
899 1109 1055 1153 corpus
1073 1109 1214 1137 unum
1242 1093 1447 1138 Ecclesiae
1468 1112 1478 1138 ε
1503 1094 1626 1153 cujus
1648 1091 1853 1137 Ecclesiae
1893 1076 1897 1138 l

461 1167 644 1224 figuram
667 1165 845 1223 gerebat
862 1167 1032 1219 Petrus,
1059 1164 1240 1223 quando
1257 1164 1296 1208 ei
1315 1164 1481 1208 dictum
1498 1172 1562 1208 est
1581 1182 1590 1207 ;
1614 1181 1635 1205 «
1650 1165 1792 1207 Macta
1810 1171 1853 1207 et
1895 1173 1898 1197 ῑ

465 1255 484 1277 »
512 1235 728 1279 manduca
740 1238 774 1278 2.
797 1253 816 1275 »
837 1237 954 1293 Ergo
975 1234 1048 1277 ille
1070 1234 1243 1291 agrestis
1266 1269 1276 1289 ‚
1305 1234 1384 1278 iste
1405 1235 1452 1278 in
1469 1234 1624 1288 domo,
1648 1248 1854 1277 mansue-

464 1316 533 1350 tus
555 1325 564 1350 ε
590 1303 664 1348 ille
698 1305 855 1363 major,
888 1306 967 1349 iste
988 1305 1132 1348 minor
1159 1323 1168 1348 ι
1201 1304 1257 1348 ἃᾶ
1278 1305 1403 1349 illum
1431 1303 1695 1350 videbantur
1718 1305 1854 1364 respi-

465 1391 562 1422 cere
584 1373 928 1429 benedictiones,
953 1373 1009 1418 ad
1029 1375 1161 1418 istum
1190 1375 1517 1434 perveniebant.
1549 1374 1856 1434 Respiciebant

468 1447 523 1491 ad
544 1445 669 1490 illum
690 1480 701 1500 ‚
728 1445 831 1504 quia
851 1444 1059 1504 promissa
1079 1444 1267 1489 carnalia
1290 1445 1658 1504 promittebantur
1674 1447 1698 1489 J
1703 1445 1853 1500 udaeis‚
1898 1455 1901 1498 ’ς

466 1516 521 1562 ad
539 1517 670 1561 istum
684 1514 1014 1574 perveniebant,
1030 1515 1132 1574 quia
1153 1515 1401 1573 spiritaliter
1417 1515 1701 1572 intelligenda
1714 1525 1853 1570 erant,
1898 1517 1902 1556 i

466 1597 510 1631 et
531 1585 780 1645 accipienda
802 1585 1071 1630 Christianis.
1088 1584 1157 1629 Ad
1175 1585 1306 1629 istum
1328 1583 1576 1629 benedictio
1597 1598 1687 1627 non
1712 1598 1858 1643 perve-

469 1658 581 1701 niret
596 1690 607 1709 ‚
629 1657 711 1698 nisi
731 1664 925 1713 portaret
945 1664 1121 1712 peccata
1135 1688 1147 1707 ,
1171 1668 1272 1712 quae
1294 1655 1384 1712 ipse
1401 1655 1490 1713 jam
1512 1669 1603 1698 non
1623 1654 1827 1699 faciebat.
1901 1684 1903 1691 ι

536 1728 636 1769 XX.
674 1722 893 1781 Intelligat
914 1723 1062 1782 itaque
1088 1721 1300 1767 Sanctitas
1324 1725 1498 1779 Vestra,
1529 1725 1754 1784 quomodo
1775 1725 1862 1769 sint

470 1794 685 1858 portanda
723 1802 912 1852 peccata.
943 1794 1054 1837 Sunt
1076 1792 1192 1836 enim
1231 1793 1307 1853 qui
1328 1802 1501 1852 portare
1537 1794 1619 1838 sibi
1656 1793 1860 1839 videntur
1902 1818 1904 1822 ·

470 1874 646 1928 peccata
664 1900 675 1919 ,
696 1873 739 1908 et
757 1872 901 1908 tacent
919 1863 1218 1923 peccatoribus
1242 1882 1250 1907 :
1269 1865 1359 1923 jam
1383 1864 1462 1908 ista
1484 1864 1702 1909 simulatio
1724 1864 1860 1909 detes·
1902 1860 1905 1902 Ϊ

470 1936 602 1983 tanda
635 1945 712 1980 est.
751 1939 880 1979 Porta
904 1943 1178 1993 peccatorem
1197 1969 1207 1988 ,
1233 1950 1322 1979 non
1344 1943 1394 1978 ut
1416 1950 1531 1979 ames
1560 1944 1789 1994 peccatum
1815 1936 1859 1979 in

472 2008 572 2063 illo,
601 2008 675 2051 sed
704 2016 752 2050 ut
785 2005 1053 2065 persequaris
1086 2014 1314 2063 peccatum
1345 2015 1523 2065 propter
1547 2005 1689 2050 illum.
1717 2006 1859 2065 Dilige

470 2087 765 2139 peccatorem,
790 2092 881 2121 non
912 2077 957 2119 in
979 2084 1194 2135 quantum
1219 2085 1419 2134 peccator
1440 2085 1532 2131 est,
1553 2076 1691 2121 sedin
1715 2092 1860 2136 quan·
1904 2093 1907 2132 ς

474 2162 564 2194 tum
600 2150 734 2193 homo
766 2157 844 2191 est.
871 2144 1104 2199 Quomodo
1126 2146 1159 2189 si
1192 2144 1331 2203 diligis
1354 2161 1520 2203 aegrum
1541 2181 1552 2202 ‚
1589 2146 1860 2207 persequeris
1905 2147 1908 2182 i

476 2220 641 2263 febrem
664 2237 673 2262 z
699 2232 798 2262 nam
817 2217 849 2261 si
867 2216 1005 2276 parcis
1027 2215 1163 2270 febri,
1184 2230 1273 2259 non
1292 2215 1434 2274 diligis
1457 2231 1638 2275 aegrum.
1666 2216 1743 2261 Dic
1760 2231 1860 2274 ergo
1905 2220 1908 2268 ζ

474 2288 594 2350 quod
615 2302 767 2332 verum
789 2295 853 2332 est
875 2286 996 2330 fratri
1020 2294 1095 2329 tuo
1110 2320 1121 2339 ‚
1147 2285 1237 2329 noli
1260 2295 1417 2329 tacere.
1443 2286 1560 2339 Quid
1596 2286 1711 2330 enim
1743 2284 1860 2330 aliud
1906 2326 1909 2333 .

477 2361 664 2420 agimus‚
697 2373 829 2418 quam
856 2357 998 2401 dicere
1021 2356 1142 2401 vobis
1170 2356 1290 2416 quod
1311 2372 1464 2401 verum
1487 2359 1585 2401 est?
1617 2356 1716 2402 Noli
1738 2372 1860 2401 men·
1907 2362 1909 2410 ξ

476 2430 639 2475 daciter
660 2448 670 2474 ;
697 2437 842 2487 aperta
870 2428 1049 2473 veritate
1071 2426 1141 2470 dic
1163 2425 1283 2486 quod
1304 2441 1457 2471 verum
1479 2436 1543 2471 est
1566 2446 1577 2471 ε
1612 2426 1688 2471 sed
1721 2427 1861 2472 donec
1908 2465 1910 2469 ,

475 2501 736 2559 corrigatur,
761 2508 973 2559 portetur.
1000 2496 1184 2542 Diversis
1204 2498 1473 2557 temporibus
1500 2497 1592 2542 fieri
1617 2506 1857 2557 potuerunt

528 2585 670 2618 1Matth=
696 2597 742 2626 rx,
766 2597 818 2625 11,
837 2589 901 2618 etc.
922 2602 962 2608 -
981 2591 993 2607 ²
1017 2585 1088 2616 Act.
1110 2593 1144 2624 x,
1167 2582 1219 2616 13.
