1924 3309
452 267 534 305 102
886 277 919 304 s.
955 271 1187 305 Ausus-nm
1218 276 1401 306 Erlscom

447 341 572 386 illum
595 341 758 400 erigere
775 341 975 401 juberet,
998 342 1080 386 nisi
1110 352 1161 387 ut
1182 358 1281 387 eum
1304 344 1545 399 intuentes,
1570 344 1646 404 qui
1664 346 1794 390 morsi
1810 361 1835 391 a

449 412 722 471 serpentibus
758 414 957 457 morituri
987 423 1135 468 erant,
1189 416 1398 460 continuo
1431 426 1703 462 sanarentur.
1746 419 1835 463 Nec

448 492 627 544 propter
648 483 768 527 aliud
795 484 867 528 ille
888 500 1063 544 serpens
1083 500 1230 529 aeneus
1247 485 1387 530 factus
1414 495 1528 541 erat,
1558 487 1640 530 nisi
1663 495 1712 531 ut
1731 502 1834 546 per-

446 569 662 598 mansurae
675 554 881 613 passionis
905 555 1076 599 Domini
1091 554 1221 598 fidem
1244 556 1517 614 significaret.
1538 557 1683 601 Etiam
1701 557 1835 616 vulgo

446 625 610 684 quippe
630 624 838 668 dicuntur
854 641 990 680 aenea,
1008 641 1197 685 quorum
1221 629 1449 670 numerus¹
1468 636 1632 670 manet.
1654 628 1697 672 Si
1717 627 1836 672 enim

446 694 572 740 obliti
599 706 740 738 essent
775 695 971 738 homines
987 730 998 748 ‚
1034 705 1076 739 et
1098 694 1378 740 obliteratum
1400 706 1523 743 esset.
1540 696 1596 740 de
1623 697 1835 742 memoria

446 766 679 825 temporis,
706 765 826 824 quod
864 766 1060 810 Christus
1101 782 1181 825 pro
1216 767 1467 811 hominibus
1502 776 1702 812 mortuus
1743 777 1831 824 est,

447 851 549 880 vere
589 846 859 879 morerentur
880 854 889 880 ε
911 851 1029 880 nunc
1051 845 1195 879 autem
1219 845 1428 897 tanquam
1462 852 1580 880 aenea
1611 847 1836 896 permanet

447 906 585 950 crucis
608 906 731 961 fides⁷
756 916 806 950 ut
828 921 926 950 cum
945 906 1017 950 alii
1037 907 1276 950 moriantur
1292 942 1303 961 ‚
1329 908 1398 951 alii
1417 917 1675 962 nascantur,
1699 908 1835 967 ipsam

448 987 596 1021 tamen
635 977 866 1021 sublimem
899 993 1155 1036 permanere
1183 979 1423 1032 inveniant,
1458 994 1590 1038 quam
1622 979 1835 1024 intuendo

444 1057 668 1092 sanentur.
686 1050 781 1092 Non
800 1048 933 1106 igitur
948 1048 1123 1103 mirum,
1141 1048 1174 1091 si
1188 1048 1242 1092 de
1257 1048 1487 1093 maledicto
1506 1049 1610 1093 vicit
1625 1048 1833 1094 maledic·-

444 1128 558 1172 tum,
580 1119 656 1177 qui
677 1119 781 1162 vicit
804 1119 858 1162 de
876 1128 1015 1162 morte
1036 1129 1237 1174 mortem,
1258 1129 1301 1163 et
1320 1119 1374 1163 de
1391 1129 1569 1180 peccato
1586 1129 1831 1179 peccatum,

445 1190 500 1234 de
522 1199 723 1248 serpente
749 1200 1010 1248 serpentem.
1036 1190 1265 1234 Maledicta
1287 1200 1432 1234 autem
1459 1206 1573 1234 mors
1588 1225 1599 1245 ‚
1623 1190 1833 1235 maledic-

445 1269 540 1304 tum
566 1268 810 1318 peccatum,
830 1260 1085 1304 maledictus
1099 1276 1274 1319 serpens
1295 1281 1303 1306 :
1323 1271 1365 1305 et
1378 1262 1470 1306 haec
1488 1262 1632 1306 omnia
1646 1261 1690 1304 in
1705 1275 1834 1306 cruce

444 1330 712 1390 triumphata
734 1338 851 1372 sunt.
881 1348 901 1371 «
933 1329 1192 1374 Maledictus
1214 1350 1233 1372 »
1259 1331 1391 1390 igitur
1416 1351 1434 1373 «
1455 1332 1595 1376 omnis
1625 1332 1701 1392 qui
1725 1346 1833 1390 pen-

446 1420 467 1443 »
505 1402 580 1444 det
600 1402 643 1443 in
669 1400 800 1457 ligno.
831 1418 850 1441 »
877 1401 988 1452 Quia
1016 1416 1119 1459 ergo
1155 1417 1244 1445 non
1277 1417 1327 1446 ex
1360 1403 1566 1462 operibus
1589 1402 1736 1460 Legis,
1758 1402 1834 1446 sed

443 1487 494 1515 ex
519 1472 606 1513 fide
622 1471 824 1530 justificat
849 1471 1046 1514 Christus
1064 1470 1287 1516 credentes
1310 1472 1351 1514 in
1372 1487 1415 1514 se
1435 1506 1445 1525 ‚
1469 1472 1600 1515 timor
1623 1471 1832 1516 maledic-

443 1541 570 1584 tionis
606 1541 745 1584 crucis
775 1539 946 1583 ablatus
966 1549 1058 1584 est:
1084 1539 1267 1584 charitas
1300 1540 1615 1586 benedictionis
1645 1542 1832 1586 Abrahae

444 1620 622 1671 propter
646 1609 890 1669 exemplum
915 1610 1017 1653 fidei
1041 1621 1265 1668 permanet
1283 1611 1337 1655 ad
1369 1613 1542 1655 Gentes.
1578 1614 1634 1656 Ut
1656 1627 1832 1657 annun-

444 1681 668 1724 tiationem
690 1715 700 1735 ,
721 1680 892 1739 inquit,
929 1680 1102 1738 spiritus
1125 1696 1202 1739 per
1232 1680 1361 1724 fidem
1393 1682 1679 1740 accipiamus²
1705 1701 1715 1728 z
1740 1701 1760 1724 »
1786 1682 1832 1727 id

445 1759 530 1804 est,
557 1760 606 1794 ut
624 1765 713 1793 non
737 1748 856 1808 qnod
882 1750 1057 1792 timetur
1078 1750 1122 1792 in
1143 1765 1271 1794 carne
1287 1786 1297 1806 ,
1323 1751 1397 1795 sed
1419 1751 1537 1812 quod
1555 1753 1708 1810 spiritu
1730 1751 1832 1797 dili-

442 1822 558 1879 gitur
574 1855 584 1874 ‚
607 1820 835 1864 credituris
858 1820 1157 1863 annuntietur.

499 1893 666 1934 xxm.
688 1889 812 1933 Unde
826 1891 952 1932 etiam
971 1890 1214 1933 testamenti
1226 1890 1406 1934 hnmani
1421 1891 1688 1936 mentionem
1704 1891 1823 1948 facit,

441 1961 560 2021 quod
577 1961 727 2019 utique
740 1959 878 2003 multo
891 1970 951 2002 est
964 1960 1190 2012 infirmius,
1206 1976 1335 2020 quam
1350 1960 1561 2005 divinum.
1577 1965 1739 2006 Tamen
1753 1962 1827 2007 ho-

446 2049 466 2072 «
502 2031 628 2073 minis
651 2030 955 2074 confirmatum
976 2039 1299 2083 testamentum,
1316 2032 1474 2091 inquit,
1505 2047 1634 2075 nemo
1655 2031 1826 2076 irritum

443 2118 464 2141 »
500 2099 602 2143 facit
622 2110 696 2144 aut
713 2100 1061 2159 supero-rdinatss.
1085 2119 1103 2140 »
1129 2100 1239 2153 Quia
1262 2116 1360 2144 cum
1383 2111 1559 2145 testator
1581 2111 1722 2146 mutat
1741 2112 1827 2147 tes-

438 2179 681 2214 tamentum
698 2206 709 2225 ,
750 2186 839 2214 non
879 2171 1184 2214 confirmatum
1228 2180 1368 2215 mutat
1405 2191 1413 2216 ε
1455 2173 1670 2217 testatoris
1707 2174 1824 2217 enim

436 2251 576 2284 morte
599 2242 897 2285 confirmatur.
924 2241 1052 2294 Quod
1075 2250 1222 2285 autem
1246 2257 1358 2286 mors
1382 2244 1594 2288 testatoris
1620 2243 1737 2289 valet
1769 2243 1824 2288 ad

436 2312 786 2355 confirmandum
810 2322 1116 2356 testamentum
1136 2313 1247 2371 ejus,
1274 2314 1375 2372 quia
1393 2314 1623 2358 consilium
1654 2324 1824 2358 mutare

433 2384 521 2442 jam
549 2398 633 2425 non
664 2392 805 2441 potest
828 2403 836 2428 :
864 2385 946 2428 hoc
984 2383 1396 2428 incommutabilitas
1431 2384 1723 2444 promissionis
1748 2386 1823 2429 Dei

436 2455 549 2498 valet
572 2454 626 2498 ad
648 2455 993 2499 confirmandam
1016 2455 1312 2499 haereditatem
1337 2456 1544 2512 Abrabae,
1570 2458 1693 2517 cujus
1714 2457 1823 2506 fides

433 2524 641 2583 deputata
673 2535 737 2570 est
770 2525 825 2569 ad
856 2525 1083 2585 justitiam.
1110 2528 1165 2569 Et
1199 2525 1296 2570 ideo
1318 2542 1465 2572 semen
1498 2528 1712 2584 Abrahae,
1746 2527 1818 2572 cui

491 2613 498 2627 ¹
518 2610 622 2641 Forte
640 2610 802 2642 memoria.
824 2627 863 2632 -—
885 2616 897 2632 ²
915 2610 1016 2643 Galat.
1036 2621 1082 2649 ιιι,
1104 2610 1155 2651 ι4.
1173 2627 1213 2634 -
1237 2609 1345 2644 ³1bid.
1369 2611 1422 2643 15.

1888 896 1894 1194 l

1880 0 1893 149 l
