1867 3320
208 277 345 307 senno
377 278 483 316 vm,
518 276 572 304 mi
603 275 745 303 DECEM
776 269 921 303 PLAels
953 274 1005 301 ET
1036 275 1278 304 PRAECEPTIS.
1351 265 1436 305 233

25 363 27 365 ¹
66 366 86 390 »
121 355 342 405 segregant
359 345 635 404 semetipsos¹
670 363 679 388 :
708 361 726 384 »
751 339 1095 401 (reprehendens
1122 340 1437 400 loquebatur‚)

22 427 27 478 ς’
63 418 118 463 Hi
134 426 235 461 sunt
254 417 328 476 qui
352 424 575 475 segregant
595 413 865 473 semetipSOS‚
885 410 1106 465 animales,
1126 411 1331 470 Spiritum
1348 429 1438 459 non

22 493 27 555 1
61 488 282 532 habentes.
308 485 424 540 Quid
447 485 738 529 manifestius?
762 483 866 544 quid
888 482 1160 527 evidentius?
1185 483 1340 527 Merito
1361 500 1436 528 ve-

22 575 26 614 Ι
61 558 203 612 niam,
238 558 315 601 etsi
338 556 488 600 eadem
516 556 740 601 eredentes
769 570 867 614 quae
900 569 1003 609 nos,
1040 562 1187 597 tamen
1221 556 1439 613 accepturi

21 637 25 676 i
63 629 267 688 Spiritum
290 637 484 671 sanetum
503 662 513 681 ‚
538 641 669 686 quem
705 625 867 669 habere
889 640 978 668 non
1005 633 1210 683 possunt,
1242 625 1439 684 quandiu

60 707 160 742 sunt
179 699 322 742 hostes
345 697 537 741 unitatis.
565 699 652 740 Hos
674 705 818 739 autem
843 703 1065 753 comparat
1086 694 1318 754 Apostolus
1341 698 1437 739 Ma-

20 775 24 828 j
60 770 120 828 gis
139 769 371 813 Pharaonis
396 788 404 812 :
431 768 734 826 «(Habentes‚
758 766 917 826 inquit,
937 766 1120 810 formam
1145 766 1337 826 pietatis,
1363 766 1438 810 sed

19 836 23 895 ξ
57 840 261 884 virtutem
301 841 390 899 ejus
418 840 704 898 abnegantes2
731 858 739 882 ;
764 842 778 895 )
799 855 818 878 »
841 838 917 897 qui
954 838 997 881 in
1017 838 1141 896 signo
1162 837 1290 882 tertio
1318 837 1440 882 defe-

19 918 21 920 '
58 919 225 954 cerunt.

114 981 233 1023 XIV.
261 981 356 1022 Jam
373 978 516 1022 videte
535 992 669 1037 quare
692 979 737 1021 in
760 977 887 1021 tertio
909 977 1030 1035 signo
1053 976 1324 1021 defecerunt.
1351 981 1437 1022 Me·

18 985 22 1022 Ι

18 1078 21 1109 ‚
56 1057 248 1093 mentote
271 1063 342 1092 eos
375 1049 450 1107 qui
485 1048 767 1092 adversantur
791 1047 968 1102 unitati,
1008 1063 1097 1092 non
1116 1048 1278 1092 habere
1303 1048 1438 1106 Spiri-

17 1134 21 1185 3
56 1128 148 1162 tum
167 1127 378 1162 sanctum.
407 1118 503 1162 Tria
520 1133 622 1162 vero
655 1118 728 1162 illa
750 1128 966 1178 praeeepta
988 1119 1125 1177 prima
1150 1120 1194 1162 in
1222 1118 1438 1177 Decalogo

16 1195 21 1251 j
55 1188 108 1233 ad
135 1190 210 1233 Dei
247 1188 526 1233 dilectionem
562 1190 778 1248 pertinere
813 1188 1144 1247 intelliguntur,
1187 1199 1235 1234 ut
1273 1199 1437 1249 septem

16 1269 20 1313 Ι
54 1270 206 1303 eaetera
227 1258 526 1317 intelligantur
544 1260 598 1303 ad
619 1260 899 1304 dilectionem
921 1261 1103 1318 proximi
1126 1261 1363 1319 pertinere3
1389 1270 1440 1305 ut

15 1320 19 1402 j
53 1328 223 1372 duabus
252 1328 411 1372 tabulis
440 1330 562 1387 Legis
592 1338 635 1372 et
662 1329 810 1373 decem
841 1331 1084 1389 praeceptis,
1118 1329 1207 1374 duo
1238 1330 1311 1374 illa
1341 1339 1438 1375 tan-

14 1406 19 1455 }
53 1414 183 1459 quam
205 1400 436 1442 summaria
458 1408 676 1458 praecepta
699 1409 955 1444 teneantur:
984 1399 1179 1459 «Diliges
1202 1401 1436 1446 Dominum

15 1458 18 1480 ³
56 1487 76 1510 »
112 1471 246 1512 Deum
274 1477 399 1512 tuum
422 1484 472 1511 ex
494 1478 586 1512 toto
607 1469 738 1513 eorde
776 1479 878 1524 tuo,
903 1478 947 1513 et
984 1485 1034 1513 ex
1058 1479 1147 1514 tota
1170 1471 1313 1515 anima
1336 1480 1433 1526 tua,

56 1557 76 1580 »
111 1547 154 1582 et
174 1553 225 1581 ex
246 1547 336 1582 tota
354 1538 516 1582 virtute
549 1548 621 1582 tua
636 1573 647 1593 ‚
672 1548 714 1583 et
737 1538 886 1596 diliges
907 1539 1151 1598 proximum
1183 1549 1308 1584 tuum
1340 1550 1436 1585 tan-

56 1627 76 1651 »
109 1624 239 1668 quam
263 1618 305 1652 te
326 1609 466 1668 ipsum
492 1628 500 1653 :
522 1610 567 1652 in
583 1609 649 1654 his
667 1608 840 1654 duobus
859 1611 1086 1670 praeceptis
1109 1620 1197 1655 tota
1219 1615 1306 1656 Lex
1334 1628 1439 1672 pen-

51 1679 126 1722 det
158 1688 201 1723 et
223 1679 492 1738 Prophetae³.
529 1678 783 1723 Referamus
806 1695 907 1738 ergo
946 1681 1024 1725 tria
1053 1682 1191 1740 prima
1219 1692 1435 1742 praecepta

52 1747 106 1792 ad
139 1748 414 1792 dilectionem
446 1749 537 1793 Dei.
569 1751 676 1802 Quae
711 1751 789 1794 tria
827 1751 991 1809 prima?
1028 1752 1247 1806 Primum,
1287 1772 1307 1795 «
1338 1756 1435 1798 Non

55 1835 75 1859 »
109 1828 237 1862 erunt
256 1819 333 1862 tibi
347 1818 406 1862 dii
424 1819 493 1862 alii
511 1828 667 1877 praeter
685 1835 754 1862 me
774 1839 784 1864 2
804 1838 824 1862 »
846 1821 918 1864 eui
952 1822 1166 1865 contraria
1200 1823 1322 1881 plaga
1347 1833 1431 1878 est,

51 1890 172 1947 Aqua
206 1903 408 1931 conversa
448 1888 491 1930 in
528 1889 804 1945 sanguinem,
850 1899 1027 1948 propter
1058 1893 1178 1950 quod
1216 1908 1432 1937 summum

51 1957 311 2015 principium
354 1957 567 2000 Creatoris
603 1956 655 2000 ad
692 1957 828 2000 simila
870 1959 1029 2001 tionem
1060 1960 1262 2004 humanm
1296 1964 1434 2007 earnis

52 2026 305 2070 adductum.
333 2027 580 2071 Secundum
610 2037 891 2086 praeceptum,
931 2048 949 2068 «
985 2030 1047 2072 Ne
1065 2031 1246 2089 accipias
1275 2048 1432 2077 nomen

54 2115 73 2138 »
111 2097 279 2140 Domini
295 2097 369 2140 Dei
390 2097 449 2140 tui
470 2097 513 2139 in
533 2112 709 2149 vanum,
735 2097 956 2156 »pertinet
975 2108 1187 2158 quantum
1223 2102 1428 2158 arbitror,

52 2167 104 2211 ad
123 2183 303 2225 regnum
326 2168 421 2220 Dei,
447 2167 566 2226 quod
591 2177 652 2211 est
676 2167 809 2211 Filius
833 2170 923 2212 Dei.
955 2172 1072 2213 Unus
1110 2172 1222 2214 enim
1254 2175 1363 2216 Deus
1390 2184 1430 2217 et

7 2248 12 2305 J
51 2253 163 2281 unus
177 2239 383 2282 Dominus
398 2248 541 2282 noster
556 2242 677 2282 Jesus
695 2240 890 2283 Christus
907 2256 1124 2301 perquem
1144 2244 1301 2287 omnia.
1314 2246 1431 2288 Con-

6 2315 11 2371 !
52 2315 112 2351 tra
140 2309 342 2361 verbum,
374 2312 503 2351 Ranae
528 2328 537 2352 ε
563 2308 706 2352 videte
727 2319 875 2352 eontra
899 2311 1079 2354 verbnm
1105 2327 1243 2365 ranas,
1280 2323 1428 2358 contra

51 2379 257 2422 rationem
276 2380 502 2437 strepitum
517 2415 527 2432 ‚
552 2390 701 2424 eontra
720 2382 942 2424 veritatem
963 2383 1212 2427 vanitatem.
1238 2387 1428 2430 Tertium

52 2459 313 2507 praeceptum
354 2450 408 2492 de
432 2450 893 2511 Sabbato,pertinens
917 2451 969 2494 ad
996 2453 1202 2511 Spiritum
1231 2465 1425 2498 sanctuni

54 2528 223 2576 propter
245 2520 650 2575 sanctificationum,
676 2538 774 2581 qum
812 2523 943 2579 prima
971 2523 1009 2565 in
1041 2525 1222 2568 sabbato
1258 2527 1423 2580 sonuit,

99 2603 193 2633 ·.ΙιιιΙ.
213 2613 232 2641 ι,
261 2614 296 2643 ¹¹.)
390 2611 400 2624 '¹
421 2612 438 2634 ἰ
457 2605 523 2633 ‘rim
562 2616 609 2645 ιιι,
632 2605 659 2635 Γ».
682 2622 717 2626 w
753 2605 901 2635 ςΜηΙΙΙι.
924 2616 999 2644 xxii,
1024 2607 1073 2639 Ἣ,
1094 2613 1144 2637 vt·-

5 2504 9 2626 ³²

4 2680 8 2731 ι

3 2734 7 2886 ,ἔ

2 2929 6 3010 ἓ
