1924 3309
472 249 549 285 13²2
891 258 923 285 S.
962 258 1191 287 Atieusnm
1227 261 1406 288 El’lscom

469 343 486 362 η
524 323 671 366 ciatis¹
702 342 710 366 ;
741 342 758 363 »
787 331 942 382 putant
965 323 1033 368 hic
1056 324 1277 368 hominem
1301 323 1491 368 liberum
1514 322 1750 367 voluntatis
1779 339 1849 367 ar-

466 393 646 438 bitrium
668 409 827 452 negare
866 393 1123 453 Apostolum
1148 409 1226 438 nos
1264 395 1448 449 habere,
1489 409 1568 438 nec
1601 392 1852 453 intelligunt

463 465 545 508 hoc
568 464 628 507 eis
647 464 836 518 dictum,
862 464 896 507 si
919 465 1099 522 gratiam
1119 463 1221 507 fidei
1244 473 1488 524 susceptam
1510 473 1657 508 tenere
1674 463 1848 519 nolunt,

464 550 539 593 per
560 550 693 595 quam
717 534 850 578 solam
875 543 1056 593 possunt
1077 533 1232 592 spiritu
1255 533 1510 589 ambulare,
1544 543 1588 578 et
1620 535 1850 594 concupis-

460 607 621 650 centias
644 606 783 650 carnis
818 621 906 650 non
930 605 1162 664 perficere,
1187 605 1222 649 si
1244 620 1347 664 ergo
1367 604 1526 649 nolunt
1548 620 1643 649 eam
1678 615 1848 661 tenere⁷

459 691 548 721 non
571 685 779 735 poterunt
800 691 847 719 ea
871 691 971 735 quae
997 675 1153 719 volunt
1178 674 1334 719 facere.
1357 674 1525 720 Volunt
1547 676 1664 721 enim
1682 677 1852 735 operari

461 763 591 806 opera
607 747 786 806 justitiae
805 781 815 800 ,
841 761 941 805 quae
969 755 1071 789 sunt
1091 745 1137 788 in
1161 749 1275 804 Lege
1293 781 1304 801 ‚
1330 745 1406 790 sed
1430 746 1667 790 vincuntur
1687 762 1850 791 concu-

461 817 669 875 piscentia
691 816 830 860 earnis
851 851 861 870 ,
887 831 1018 876 quam
1043 816 1266 875 sequendo
1290 815 1497 860 deserunt
1516 817 1699 876 gratiam
1732 816 1847 861 fidei.

463 886 586 931 Unde
607 895 648 930 et
679 886 733 930 ad
756 890 975 930 Romanos
1012 885 1117 930 dicit
1144 905 1152 929 :
1182 905 1201 926 «
1234 885 1472 930 Prudentia
1505 887 1645 931 carnis
1677 887 1851 932 inimica

462 976 480 998 »
517 958 562 1001 in
581 961 716 1001 Deum
745 977 752 1001 ;
776 958 881 1016 Legi
903 958 1016 1001 enim
1044 957 1118 1001 Dei
1142 973 1230 1001 non
1249 967 1312 1001 est
1333 958 1547 1017 subjecta,
1568 974 1710 1018 neque
1734 959 1851 1003 enim
1904 980 1909 990 ¹

460 1047 479 1068 »
516 1037 657 1087 potest
672 1032 703 1071 ².
728 1046 747 1069 »
774 1030 886 1073 Cum
910 1029 1025 1072 enim
1044 1029 1229 1073 charitas
1253 1032 1409 1086 Legem
1437 1029 1631 1088 impleat,
1650 1028 1848 1088 pruden-

461 1099 517 1142 tia
540 1114 643 1143 vero
665 1098 803 1142 carnis
826 1097 1054 1142 commoda
1079 1098 1333 1157 temporalia
1356 1101 1649 1144 consectando
1671 1100 1852 1159 spiritali

460 1169 661 1212 charitati
678 1168 948 1223 adversetur,
989 1168 1213 1228 quomodo
1236 1178 1378 1228 potest
1407 1170 1511 1228 Legi
1534 1171 1607 1214 Dei
1628 1186 1718 1214 esse
1746 1170 1851 1214 sub-
1888 1161 1892 1182 ³

453 1241 566 1299 jecta
587 1274 598 1293 ,
624 1239 665 1282 id
691 1248 779 1293 est,
819 1239 1007 1283 libenter
1030 1249 1159 1298 atque
1198 1240 1489 1298 obsequenter
1517 1240 1698 1300 implere
1722 1241 1851 1300 justi·
1889 1233 1892 1246 ⁴

465 1310 589 1364 tiam,
615 1310 739 1368 eique
763 1325 850 1352 non
871 1309 1114 1365 adversari,
1143 1309 1320 1369 quando
1349 1311 1478 1354 etiam
1508 1309 1616 1355 dum
1638 1321 1847 1367 conatur,
1890 1306 1892 1309 ¹

461 1382 661 1425 vincatur
694 1396 866 1424 necesse
908 1390 998 1436 est,
1036 1381 1113 1424 ubi
1146 1381 1358 1425 invenerit
1392 1383 1530 1442 majus
1568 1383 1850 1427 commodum

465 1451 702 1512 temporale
726 1452 780 1494 de
804 1451 1034 1510 iniquitate
1061 1466 1105 1494 se
1127 1466 1250 1510 posse
1274 1453 1469 1511 assequi,
1497 1469 1627 1512 quam
1647 1454 1681 1497 si
1702 1463 1848 1498 custo·
1890 1435 1894 1464 ἑ

461 1523 551 1568 diat
573 1522 839 1582 aequitatem.
871 1523 989 1566 Sicut
1012 1522 1127 1565 enim
1160 1522 1297 1580 prima
1332 1523 1518 1567 hominis
1540 1524 1627 1567 vita
1658 1534 1720 1568 est
1752 1534 1852 1569 ante
1897 1546 1900 1551 ·

464 1599 622 1653 Legem
638 1630 648 1648 ,
674 1610 774 1638 cum
794 1593 913 1637 nulla
944 1593 1138 1653 nequitia
1160 1602 1203 1636 et
1222 1593 1384 1637 malitia
1409 1594 1689 1653 prohibetur,
1710 1611 1852 1656 neque
1892 1644 1895 1656 Ι

463 1666 552 1710 ulla
571 1682 622 1710 ex
637 1674 759 1725 parte
773 1665 912 1723 pravis
936 1663 1248 1723 cupiditatibus
1265 1665 1420 1708 resistit
1438 1686 1448 1722 3
1467 1665 1566 1725 quia
1582 1682 1670 1710 non
1692 1676 1755 1711 est
1776 1666 1852 1727 qui
1893 1663 1908 1679 ''

461 1736 691 1795 prohibeat
717 1754 725 1779 ;
753 1735 810 1778 sic
832 1733 1022 1778 secunda
1035 1743 1097 1777 est
1110 1733 1192 1777 sub
1208 1737 1322 1792 Lege
1334 1743 1434 1778 ante
1452 1735 1632 1792 gratiam
1645 1770 1655 1788 ,
1673 1735 1851 1795 quando

461 1806 718 1866 prohibetur
740 1803 916 1864 quidem
941 1812 984 1847 et
1005 1813 1187 1847 conatur
1209 1819 1232 1846 a
1255 1812 1430 1862 peccato
1453 1804 1667 1848 abstinere
1689 1821 1755 1861 se,
1776 1805 1850 1849 sed
1895 1846 1897 1855 Y

463 1877 672 1932 vincitur,
697 1875 799 1935 quia
823 1873 1021 1917 nondum
1039 1873 1250 1932 justitiam
1265 1882 1443 1932 propter
1455 1877 1594 1918 Deum
1608 1885 1651 1919 et
1674 1885 1850 1936 propter
1895 1889 1898 1906 ³

461 1948 595 2006 ipsam
613 1945 824 2005 justitiam
839 1943 993 2001 diligit,
1011 1943 1087 1986 sed
1099 1959 1193 1986 eam
1210 1943 1291 1986 sibi
1315 1943 1410 1988 vult
1427 1943 1481 1988 ad
1498 1945 1848 2005 conquirendum
1895 1938 1898 1965 ³
1921 2001 1924 2009 ¹

463 2026 634 2061 terrena
655 2015 830 2059 servire.
859 2018 1012 2074 Itaque
1034 2013 1111 2057 ubi
1135 2013 1290 2058 viderit
1309 2029 1359 2058 ex
1383 2014 1463 2058 alia
1482 2025 1602 2074 parte
1619 2016 1772 2075 ipsam,
1798 2032 1849 2061 ex

463 2087 545 2131 alia
567 2084 848 2131 commodum
871 2083 1109 2143 temporale
1126 2119 1136 2137 ‚
1163 2084 1350 2128 trahitur
1377 2084 1570 2144 pondere
1601 2086 1849 2146 temporalis

463 2157 728 2219 cupiditatis,
745 2166 789 2201 et
804 2155 1013 2215 relinquit
1024 2155 1238 2215 justitiam
1261 2174 1270 2200 :
1291 2172 1421 2215 quam
1448 2166 1674 2217 propterea
1702 2167 1848 2203 tenere
1896 2148 1919 2215 f

463 2230 721 2284 conabatur,
744 2237 794 2272 ut
815 2227 996 2271 haberet
1017 2226 1144 2281 illud,
1166 2226 1287 2286 quod
1301 2242 1345 2271 se
1363 2243 1479 2272 nune
1499 2229 1616 2273 videt
1634 2231 1844 2284 amittere,

463 2301 495 2343 si
517 2299 636 2343 illam
661 2299 864 2343 tenuerit.
890 2297 1030 2341 Tertia
1046 2306 1110 2341 est
1131 2297 1218 2341 vita
1240 2298 1321 2340 sub
1345 2299 1479 2356 gratia
1499 2334 1509 2354 ,
1545 2300 1721 2360 quando
1741 2300 1850 2344 nihil
1913 2302 1916 2307 “

463 2369 712 2430 temporalis
734 2367 954 2413 commodi
973 2368 1151 2428 justitiae
1174 2369 1442 2426 praeponitur
1464 2388 1472 2413 :
1499 2369 1618 2430 quod
1639 2370 1720 2414 nisi
1743 2371 1847 2415 cha-
1898 2421 1900 2430 y

464 2443 588 2487 ritate
613 2440 789 2500 spiritali
826 2454 958 2499 quam
993 2438 1203 2483 Dominus
1241 2439 1441 2497 exemplo
1483 2456 1561 2485 suo
1597 2440 1767 2495 docuit,
1806 2449 1847 2485 et

461 2513 594 2572 gratia
618 2511 818 2565 donavit,
846 2511 937 2554 fieri
962 2526 1049 2554 non
1067 2518 1223 2569 potest.
1244 2511 1292 2552 In
1326 2511 1406 2553 hac
1425 2511 1538 2554 enim
1564 2512 1650 2555 vita
1681 2512 1842 2556 etiamsi

509 2601 514 2615 ¹
534 2598 635 2632 Galat.
658 2607 689 2637 v,
714 2608 760 2638 17.
781 2613 817 2618 —
838 2603 849 2618 2
872 2599 964 2630 liom.
987 2607 1106 2638 v111‚7.

1874 0 1880 136 ἓ

1878 249 1884 381 ἰ

1916 344 1920 367 l

1917 414 1921 438 l

1881 530 1923 689 {l
