1867 3320
331 245 651 276 rnoposrnoNEs
683 248 738 275 Ex
772 245 969 276 erisToLA
1002 244 1057 274 AD
1092 244 1301 276 nomAnos.
1450 236 1502 274 13

125 314 320 372 quamvis
356 313 498 358 adhuc
526 313 758 359 sollicitent
787 313 1176 372 concupiscentiae,
1204 322 1247 356 et
1268 321 1505 371 provocent

123 383 180 428 ad
201 385 527 428 consensionem
542 418 555 441 ,
585 384 724 428 donec
741 384 984 428 vivificetur
1006 383 1138 427 ctiam
1161 397 1316 441 corpus
1333 416 1343 437 ,
1362 392 1404 426 et
1425 383 1505 427 ab-

124 453 350 498 sorbeatur
369 469 485 498 mors
502 455 547 498 in
569 453 793 499 victoriam
812 456 843 497 1.
862 454 973 506 Quia
989 467 1091 511 ergo
1108 467 1198 496 non
1215 452 1508 496 consentimus

124 522 344 569 desideriis
368 525 506 583 pravis
522 559 532 579 ,
563 524 608 568 in
631 525 766 583 gratia
799 539 969 579 sumus,
993 532 1036 567 et
1067 538 1155 567 non
1178 530 1331 580 regnat
1353 537 1508 581 pecca-

124 602 217 637 tum
245 594 290 637 in
319 603 466 639 nostro
500 594 674 638 mortali
701 598 911 654 corpore‘2
934 614 943 638 :
969 603 1013 639 et
1034 593 1214 638 omnino
1237 608 1288 636 ex
1314 591 1390 636 illo
1412 590 1509 636 loco

122 664 200 708 ubi
217 664 276 708 ait
298 683 306 708 :
337 683 357 707 «
379 664 462 718 Qui
491 665 652 709 mortui
676 680 824 709 sumus
845 673 1022 724 peccato
1038 699 1049 720 ,
1069 663 1293 724 quomodo
1314 663 1511 707 vivemus

126 753 145 776 »
181 736 226 778 in
248 751 299 780 eo
317 737 364 779 3?
381 751 514 779 »eum
536 736 756 791 describit,
783 736 860 796 qui
882 745 945 780 est
966 736 1047 780 sub
1071 736 1207 794 gratia
1229 735 1507 780 constitutus.

123 805 206 850 Cui
236 815 381 850 autem
413 805 664 851 dominatur
690 816 919 866 peccatum
938 841 948 861 ,
985 806 1182 866 quamvis
1205 805 1312 850 velit
1333 813 1512 864 peccato

124 875 318 919 resistere
336 910 347 930 ,
369 875 511 919 adhuc
528 876 609 920 sub
633 879 747 935 Lege
769 885 853 930 est,
878 874 1078 920 nondum
1096 876 1177 919 sub
1201 875 1352 932 gratia.

181 945 387 989 XXXVI.
429 945 559 998 Quod
596 954 743 990 autem
765 945 872 990 dicit
896 965 904 990 :
936 965 955 987 «
990 945 1149 990 Mulier
1171 945 1288 989 enim
1316 944 1398 988 sub
1421 944 1514 988 viro

126 1033 145 1056 »
181 1015 279 1060 vivo
313 1016 495 1071 marito,
531 1017 674 1061 vincta
695 1026 759 1061 est
786 1015 898 1075 legi,
924 1016 957 1060 si
983 1025 1130 1060 autem
1156 1024 1357 1060 mortuus
1379 1014 1516 1058 fuerit

126 1103 146 1125 »
181 1085 246 1129 vir
277 1086 396 1145 ejus,
429 1096 635 1131 evacuata
658 1096 721 1131 est
744 1086 882 1144 alege
909 1086 1044 1141 viri⁴,
1073 1105 1092 1127 »
1127 1096 1210 1130 etc.
1237 1085 1514 1130 animadver-

126 1155 308 1199 tendum
330 1166 409 1211 est,
430 1157 554 1201 istam
578 1157 907 1202 similitudinem
930 1158 976 1201 in
998 1158 1082 1202 hoc
1103 1156 1279 1201 differre
1301 1156 1355 1201 ab
1379 1171 1428 1200 ea
1451 1170 1512 1209 re,

124 1235 302 1285 propter
335 1243 468 1286 quam
503 1228 698 1272 adhibita
719 1237 813 1283 est,
839 1227 960 1287 quod
981 1227 1052 1271 hic
1078 1228 1222 1272 virum
1250 1227 1354 1271 dicit
1376 1226 1513 1279 mori,

126 1304 174 1340 ut
194 1296 350 1340 mulier
372 1297 511 1341 nubat
533 1298 603 1341 cui
624 1298 740 1342 volet
758 1332 768 1352 ,
794 1297 976 1341 liberata
999 1298 1152 1356 utique
1175 1313 1198 1340 a
1216 1295 1311 1354 lege
1333 1296 1413 1339 viri
1430 1314 1438 1339 :
1455 1293 1517 1337 ibi

126 1376 272 1410 autem
294 1383 396 1411 cum
416 1368 652 1412 constituat
672 1368 860 1412 animam
882 1367 1003 1427 quasi
1021 1367 1265 1420 mulierem,
1280 1366 1425 1410 virum
1441 1380 1518 1409 au—

126 1447 214 1482 tem
237 1439 357 1498 quasi
380 1438 598 1497 passiones
620 1447 916 1498 peccatorum,
941 1454 1041 1498 quae
1059 1446 1295 1497 operantur
1315 1437 1362 1480 in
1383 1451 1518 1481 mem-

125 1507 239 1564 bris,
265 1519 315 1554 ut
338 1508 531 1554 fructum
555 1509 698 1554 serant
728 1510 883 1565 morti,
914 1509 958 1553 id
996 1518 1087 1563 est,
1130 1518 1179 1553 ut
1202 1508 1276 1552 tali
1311 1507 1518 1568 conjugio

126 1579 267 1639 proles
298 1580 430 1639 digna
452 1590 683 1637 nascatur,
708 1590 751 1624 et
770 1584 858 1624 Lex
874 1581 887 1605 ⁵
908 1595 1009 1640 quae
1033 1579 1134 1624 data
1159 1589 1221 1623 cst
1246 1594 1335 1623 non
1356 1578 1413 1622 ad
1441 1594 1520 1622 au-

126 1649 353 1695 ferendum
383 1661 611 1709 peccatum
627 1686 637 1706 ,
663 1651 733 1695 vel
755 1651 810 1695 ad
833 1651 1138 1695 liberationem
1161 1666 1183 1694 a
1208 1659 1387 1710 peccato
1405 1684 1416 1703 ,
1443 1647 1519 1693 sed

127 1720 182 1765 ad
213 1719 532 1766 ostendendum
555 1730 782 1780 peccatum
807 1731 907 1765 ante
932 1722 1112 1779 gratiam
1134 1742 1145 1777 3
1179 1736 1256 1778 per
1283 1718 1405 1779 quod
1426 1718 1520 1763 fac-

128 1801 220 1836 tum
244 1801 331 1845 cst,
366 1800 415 1834 ut
433 1792 515 1835 sub
548 1794 660 1848 Lege
683 1790 811 1850 positi
832 1790 1146 1834 vehementiori
1176 1788 1391 1834 desiderio
1414 1803 1520 1848 pcc-

128 1861 256 1907 candi
275 1871 546 1922 raperentur,
569 1861 812 1922 etamplius
831 1861 961 1906 etiam
985 1860 1341 1920 praevaricatione
1365 1874 1520 1919 pecca-

129 1942 226 1978 rent
248 1952 256 1977 :
282 1948 381 1977 curn
404 1947 505 1990 ergo
524 1942 568 1976 et
598 1932 659 1975 ibi
681 1932 759 1975 tria
785 1932 897 1986 sint,
935 1932 1078 1975 anima
1102 1940 1312 1990 tanquam
1336 1930 1518 1983 mulier,

132 2003 349 2062 passiones
386 2012 663 2062 peccatorum
689 2011 897 2061 tanquam
919 2002 984 2045 vir
1002 2036 1012 2056 ,
1045 2010 1087 2045 et
1111 2005 1198 2045 Lex
1223 2011 1432 2061 tanquam
1456 2000 1522 2043 lex

133 2074 226 2129 viri,
253 2089 341 2118 non
366 2073 425 2116 ibi
449 2082 592 2117 tamen
611 2073 798 2132 peccatis
825 2072 1022 2124 mortuis,
1052 2081 1260 2131 tanquam
1288 2072 1381 2115 viro
1404 2086 1523 2114 mor-

136 2154 209 2189 tuo
224 2179 235 2200 ,
255 2142 428 2188 libcrari
448 2144 637 2188 animam
654 2142 786 2200 dicit,
813 2143 888 2187 sed
916 2143 1052 2201 ipsam
1077 2142 1265 2186 animam
1288 2141 1398 2186 mori
1422 2156 1524 2200 pee-

132 2225 228 2260 cato
243 2249 254 2270 ,
280 2225 323 2258 et
344 2215 520 2259 libcrari
544 2230 566 2259 a
591 2218 718 2272 chc,
735 2223 784 2258 ut
806 2214 860 2258 sit
877 2213 1051 2257 alterius
1070 2213 1164 2266 viri,
1191 2211 1234 2256 id
1258 2220 1322 2256 est
1343 2210 1520 2264 Christi,

133 2302 235 2330 cum
261 2295 431 2330 mortua
451 2285 579 2329 suerit
603 2293 804 2344 peccato,
830 2284 1027 2343 quamvis
1046 2282 1188 2326 adhuc
1211 2282 1334 2342 quasi
1352 2282 1524 2326 vivente

134 2361 227 2419 ipso
263 2368 440 2418 peccato
463 2379 470 2403 ε
496 2358 617 2419 quod
652 2359 701 2402 fit
731 2373 831 2401 cum
854 2356 999 2400 adhuc
1023 2354 1301 2398 manentibus
1331 2354 1374 2397 in
1399 2353 1524 2398 nobis

136 2430 357 2475 desideriis
376 2440 418 2475 ct
440 2430 730 2474 incitamentis
752 2428 1013 2488 quibusdam
1039 2425 1091 2470 ad
1116 2425 1384 2485 peccandum
1402 2460 1413 2479 ‚
1435 2440 1523 2468 non

184 2535 191 2551 ¹
215 2541 223 2560 ι
252 2532 323 2561 (ζων.
347 2541 401 2569 xv,
424 2528 522 2570 fusi.—
545 2535 557 2550 ²
579 2531 669 2560 nom.
690 2539 737 2569 vi,
764 2537 859 2560 12.—-
882 2526 1045 2558 ³11›i‹!.2.
1063 2523 1130 2554 -4
1153 2526 1198 2557 ld.
1216 2536 1271 2563 vu,
1291 2535 1320 2556 2.
1342 2521 1524 2555 —⁵l·'or'lc

139 2589 166 2616 ct
185 2585 284 2626 legem
299 2585 354 2617 viri
369 2585 454 2627 quasi
475 2587 588 2625 liugom
611 2596 678 2626 qua·v
693 2609 701 2627 ,
716 2587 779 2629 cuj.
