1867 3320
323 278 460 305 senato
493 279 637 318 xxxn,
674 283 718 308 m
750 280 949 311 PSALMUM
982 289 1125 316 cxmu.
1324 283 1404 322 433

38 343 159 386 deret
182 341 384 385 adversus
406 358 506 386 eum
525 378 536 398 ‚
561 354 612 389 ut
633 347 804 391 duobus
825 352 1121 407 pugnantibus
1143 369 1317 400 examen
1346 367 1407 403 to·

37 411 122 456 tius
139 411 244 456 belli
264 412 308 456 in
329 412 473 457 medio
496 425 736 460 versaretur
752 453 763 471 ‚
789 427 915 477 pacto
935 428 976 462 et
998 421 1155 478 placito
1178 425 1337 480 addito,
1358 437 1408 472 ut

38 482 72 525 si
92 480 398 541 quis'duorum
416 482 589 526 illorum
611 485 805 542 vicisset,
831 488 1040 532 universae
1063 493 1172 547 parti
1194 494 1309 538 unde
1330 506 1406 540 ste-

39 560 149 595 terat
162 551 428 596 tribueretur
444 553 637 597 victoria.
663 558 755 598 Rex
776 571 877 614 ergo
900 557 972 600 ille
993 560 1143 617 populi
1160 563 1406 609 judaeorum

40 620 229 666 filiorum
252 621 383 665 Israe'l
408 621 510 666 Saiil
531 632 635 666 erat.
655 625 922 682 Augebatur,
948 628 1173 683 aestuabat⁷
1193 634 1413 689 quaerebat

40 692 85 735 in
106 692 306 736 universo
337 693 527 737 exercitu
554 708 701 752 parem
724 694 815 740 illi:
840 712 991 741 verum
1021 714 1111 742 non
1139 700 1412 757 inveniebat,

42 777 121 806 nec
143 761 280 807 forma
302 764 509 822 corporis,
530 778 610 807 nec
633 764 812 809 audacia
832 769 1159 825 provocationis.
1187 773 1295 815 Cum
1315 788 1416 831 ergo

40 841 263 887 aestuaret,
296 848 424 876 ausus
449 842 513 877 est
533 849 642 891 puer
668 835 747 878 iste
773 837 936 891 David,
959 854 1047 882 non
1079 855 1342 898 praesumens
1364 843 1417 886 de

43 904 206 948 viribus
233 904 340 957 suis,
366 903 442 947 sed
460 903 506 947 in
531 907 706 949 nomine
733 907 809 949 Dei
838 908 930 961 sui=,
958 910 1189 967 procedere
1219 913 1420 957 adversus

43 988 160 1017 eum.
178 974 437 1018 Nuntiatum
459 981 523 1016 est
543 974 655 1032 regi,
681 990 770 1019 non
791 977 969 1020 audacia
987 980 1182 1036 pueritiae
1197 1016 1207 1033 ‚
1222 982 1297 1024 sed
1313 983 1421 1026 fidu-

44 1043 108 1088 cia
129 1043 324 1102 pietatis:
341 1058 421 1087 nec
438 1057 511 1086 rex
530 1043 699 1098 abnuit,
718 1060 807 1088 non
823 1047 1048 1090 recusavit.
1072 1049 1302 1103 Intellexit,
1323 1066 1422 1094 cum

44 1112 210 1174 videret
228 1113 462 1158 audentem
484 1129 670 1173 puerum
689 1149 700 1168 ,
726 1114 893 1174 aliquid
915 1115 1149 1161 divinitatis
1166 1119 1210 1161 in
1233 1135 1283 1163 eo
1306 1136 1392 1165 esse
1410 1157 1421 1169 ,

45 1199 124 1228 nec
141 1184 260 1228 illam
281 1193 475 1228 teneram
491 1192 664 1227 aetatem
686 1184 777 1227 sine
793 1183 939 1229 divino
962 1186 1166 1230 instinctu
1190 1187 1287 1232 talia
1306 1205 1425 1248 posse

22 1270 25 1299 ;
46 1270 321 1315 praesumere.
348 1255 557 1298 Libenter
579 1255 744 1313 accepit
762 1273 770 1298 :
789 1256 994 1313 processit
1016 1256 1216 1302 adversus
1239 1260 1417 1304 Goliam.

106 1327 181 1368 IV.
209 1328 259 1368 In
278 1324 482 1368 omnibus
500 1339 624 1382 ergo,
649 1324 725 1383 qui
747 1333 868 1368 erant
891 1324 933 1367 in
952 1340 999 1368 ea
1018 1336 1160 1384 parte,
1182 1329 1298 1372 unde
1321 1345 1422 1389 pro-

0 1420 30 1460 :t-
46 1393 230 1439 cedebat
251 1394 390 1438 David
406 1428 416 1448 ,
442 1408 532 1437 non
551 1402 643 1437 erat
661 1394 942 1452 praesumptio
965 1395 1043 1438 nisi
1067 1396 1120 1439 de
1136 1399 1225 1441 Deo
1252 1417 1259 1441 z
1280 1399 1325 1442 in
1346 1400 1428 1444 illis

7 1484 34 1518 qi
47 1474 191 1511 autem
214 1474 306 1510 tota
337 1463 433 1524 spes
458 1465 503 1508 in
526 1465 658 1508 unius
690 1464 878 1508 hominis
905 1465 1081 1509 viribus.
1120 1466 1202 1510 Sed
1232 1468 1337 1528 quid
1367 1480 1428 1514 est

9 1523 36 1597 ἓξ
47 1537 179 1580 homo
194 1570 206 1590 ,
230 1536 309 1580 nisi
332 1534 454 1594 quod
472 1535 518 1578 in
539 1535 620 1578 isto
644 1533 815 1578 Psalmo
837 1535 1020 1579 cecinit?
1039 1554 1055 1576 «
1082 1538 1220 1581 Homo
1249 1540 1427 1583 vanitati

12 1596 71 1658 ᾗ»
106 1605 361 1649 assimilatus
389 1613 472 1658 est,
503 1602 594 1648 dies
619 1605 710 1663 ejus
740 1603 860 1647 velut
883 1605 1035 1648 umbra
1062 1616 1325 1662 praetereunt
1343 1611 1370 1650 ¹.
1402 1627 1420 1648 »

16 1670 164 1733 ³'Erg0
201 1690 296 1734 spes
330 1673 506 1718 illorum
543 1672 709 1728 inanis,
745 1690 843 1733 quae
881 1673 1089 1718 collocata
1112 1684 1175 1719 est
1206 1677 1250 1718 in
1273 1677 1424 1721 umbra

46 1753 312 1789 transeunte.
337 1747 541 1787 Armatus
563 1752 625 1787 est
646 1752 792 1787 autem
815 1744 950 1786 David
965 1778 975 1796 ‚
1006 1753 1055 1786 ut
1077 1746 1280 1802 quoniam
1300 1755 1377 1789 aeta
1387 1755 1425 1789 te

46 1804 91 1858 et
121 1814 288 1858 viribus
316 1813 456 1872 impar
488 1821 580 1856 erat
597 1847 608 1866 ,
645 1812 769 1871 quasi
793 1812 922 1856 armis
951 1827 1027 1870 par
1048 1821 1156 1855 esset
1179 1832 1187 1856 z
1213 1813 1285 1856 sed
1309 1829 1427 1858 arma

50 1894 55 1895 ⁷
76 1892 190 1928 etera
214 1898 303 1927 non
321 1881 612 1942 adjuvabant,
631 1882 774 1940 potius
797 1882 1036 1926 onerabant
1056 1897 1207 1925 novam
1238 1892 1423 1927 aetatem.

35 1947 66 1985 ἶ
87 1963 105 1998 t
122 1954 178 1997 ad
195 1954 278 1998 hoc
297 1952 484 2012 pertinet
505 1950 627 2011 quod
648 1951 776 1994 etiam
795 1951 1027 2009 apostolica
1045 1951 1171 1995 lectio
1195 1961 1292 1995 ante
1312 1952 1427 1996 Psal-

37 2024 108 2090 Ψί
141 2024 359 2069 canticum
389 2020 682 2081 praesignavit,
710 2021 855 2064 dicens
883 2040 890 2063 :
919 2040 937 2061 «
964 2022 1118 2064 Exuite
1142 2037 1213 2064 vos
1239 2031 1423 2064 veterem

41 2110 74 2146 a»
106 2094 354 2148 hominem,
377 2100 420 2135 et
441 2089 610 2135 induite
633 2093 836 2134 novum'2.
865 2109 882 2129 υ
908 2090 1056 2134 Noluit
1083 2089 1211 2133 David
1238 2100 1425 2135 vetusta-

47 2153 137 2219 {em
161 2178 408 2208 armorum:
434 2161 618 2220 abjecit3
643 2175 822 2204 onerosa
847 2176 935 2204 esse
954 2160 1079 2211 dixit,
1108 2161 1206 2218 quia
1230 2160 1423 2219 implica-

49 2232 157 2288 bant
197 2248 314 2276 eum.
355 2230 713 2290 Expeditissimus
750 2229 822 2272 ille
869 2229 920 2272 ad
963 2228 1152 2287 praelium
1197 2230 1423 2287 procedere

54 2303 254 2364 “eupiebat
273 2324 285 2360 3
307 2301 426 2346 tortis
447 2316 535 2344 non
559 2301 604 2344 in
626 2316 669 2343 se
685 2335 695 2354 ‚
729 2299 863 2344 sedin
892 2300 1069 2343 Domino
1092 2320 1101 2354 3
1127 2308 1313 2343 armatus
1337 2315 1424 2343 nou

18 2396 21 2415 -.
54 2376 137 2429 §pm
163 2374 277 2417 terro
296 2408 307 2427 ‚
329 2387 459 2432 quam
484 2370 584 2414 fide.

70 2492 78 2502 1
112 2447 165 2488 V.
196 2447 355 2487 'rai-non
384 2440 561 2499 abjectis
583 2439 710 2483 armis
730 2474 740 2492 ‚
772 2439 894 2495 elegit
930 2435 1091 2495 aliquid
1124 2436 1238 2480 unde
1262 2454 1427 2496 pugna-

59 2503 120 2562 tet
141 2535 148 2560 :
176 2524 219 2558 et
243 2514 323 2558 hoc
357 2526 445 2555 non
473 2509 562 2553 sine
581 2518 864 2552 sacramento.
887 2510 990 2550 Nam
1013 2505 1163 2572 ticli-[js
1186 2508 1303 2564 quasi
1325 2509 1430 2551 (luas

107 2599 197 2630 ww!
229 2609 337 2631 cxiiii,
361 2607 391 2636 τ.
428 2611 458 2616 -
483 2600 494 2616 ²
517 2593 636 2624 (solos-s,
658 2604 704 2627 ιιι,
725 2603 756 2632 9.

240 2661 392 2692 cxxiv.
1174 2644 1222 2680 '2⁸
