1924 3309
505 275 587 315 ’249-
935 281 968 310 S.
1006 281 1232 310 Aucusum
1266 279 1446 307 firiacom

499 350 766 412 populariter
784 350 1038 393 exhibentes
1056 363 1132 407 pro
1152 345 1303 389 studiis
1320 343 1576 402 nugacitatis
1593 350 1761 397 vcstrce,
1782 357 1881 402 quae

490 425 584 483 jam
606 436 854 482 quaesumus
876 429 925 464 ut
966 416 1240 476 relinquatis,
1272 414 1515 480 tenuissetis
1538 429 1643 469 nos,
1675 422 1725 457 ut
1754 413 1882 457 dare·
1923 455 1924 475 ζ

499 508 595 538 mus
626 493 749 538 vobis
777 491 917 546 diem,
943 498 985 533 et
1013 489 1196 547 quisquc
1230 501 1309 545 pro
1340 484 1520 530 modulo
1554 501 1632 529 suo
1665 484 1884 529 conferret
1923 482 1924 525 ἐ

496 564 622 609 nobis
671 562 933 607 mercedem.
972 562 1115 612 Quare
1154 555 1477 601 ambularemus
1518 555 1721 600 delectati
1762 555 1883 600 vanis

498 634 674 680 canticis
697 632 806 678 nulli
829 632 888 675 rei
910 628 1169 689 profuturis,
1195 629 1251 673 ad
1279 637 1452 688 tempus
1474 626 1678 673 dulcibus
1692 662 1703 683 ‚
1729 627 1775 671 in
1788 641 1884 686 pos-

497 715 637 750 terum
659 704 842 748 amaris?
865 700 1041 744 Talibus
1068 699 1232 744 etenim
1254 697 1607 759 turpitudinibus
1630 698 1884 743 cantionum

496 775 624 818 animi
656 771 832 816 humani
854 769 988 813 illecti
1013 778 1278 815 enervantur
1293 805 1305 826 ‚
1341 779 1385 814 et
1421 768 1632 814 decidunt
1653 784 1676 813 a
1691 770 1853 814 virtute
1868 803 1879 822 ,

495 845 734 888 defluentes
756 841 800 884 in
822 839 1141 898 turpitudinem
1161 861 1172 898 3
1196 849 1239 885 et
1260 850 1440 900 propter
1461 841 1573 900 ipsas
1591 838 1884 899 turpitudines

497 922 643 972 postea
665 910 852 956 sentient
874 909 1067 966 doloreS‚
1088 920 1131 955 et
1152 926 1254 956 cum
1275 926 1433 970 magna
1453 911 1739 955 amaritudine
1762 909 1892 968 dige-'

505 992 630 1037 runt,
656 979 776 1041 quod
808 994 907 1024 cum
937 978 1170 1025 dulcedine
1201 981 1432 1041 temporali
1464 981 1688 1025 biberunt.
1727 978 1884 1025 Melius

497 1068 597 1111 crgo
629 1067 706 1096 nos
737 1066 880 1095 amara
901 1050 1023 1095 vobis
1047 1061 1274 1097 cantamus
1300 1050 1356 1096 ad
1389 1061 1560 1111 tempus
1577 1086 1588 1106 ,
1615 1066 1714 1111 quae
1735 1058 1884 1109 postea

499 1122 750 1167 dulcescant
782 1123 825 1165 in
846 1121 985 1166 vobis.
1014 1123 1102 1167 Nec
1135 1123 1382 1167 mercedem
1417 1122 1607 1182 aliquam
1650 1122 1882 1179 exigimus,

495 1193 573 1236 nisi
599 1201 646 1235 ut
666 1190 829 1235 faciatis
850 1207 949 1251 quae
971 1190 1157 1236 dicimus
1183 1211 1192 1237 ε
1214 1193 1303 1237 imo
1324 1208 1415 1237 non
1436 1191 1602 1236 faciatis
1620 1227 1630 1246 ‚
1657 1191 1691 1235 si
1712 1206 1791 1235 nos
1813 1188 1884 1234 di-
1923 1218 1924 1221 =

495 1262 630 1306 cimus
657 1280 665 1305 :
700 1261 734 1305 si
757 1270 902 1304 autem
924 1261 1128 1305 omnibus
1148 1261 1221 1306 ille
1237 1262 1344 1307 dicit
1361 1297 1372 1318 ,
1398 1263 1475 1321 qui
1498 1261 1717 1305 neminem
1740 1260 1880 1315 timet,
1923 1263 1924 1267 ’

495 1342 536 1376 et
558 1347 634 1391 per
656 1346 788 1391 quem
808 1331 857 1375 fit
879 1331 923 1375 in
945 1332 1121 1376 nomine
1143 1333 1275 1392 ipsius
1297 1341 1340 1376 et
1361 1333 1407 1375 in
1425 1332 1558 1390 gloria
1576 1329 1882 1376 misericordiae
1922 1327 1924 1330 ⁴

495 1402 648 1460 ipsius,
674 1410 723 1445 ut
741 1410 783 1444 et
805 1415 882 1446 nos
899 1402 1120 1445 neminem
1148 1402 1407 1461 timeamus3
1432 1417 1581 1447 omnes
1606 1401 1850 1446 audivimus
1867 1435 1879 1456 ‚
1923 1412 1924 1418 ¹

497 1487 644 1516 omncs
666 1470 898 1527 faciamus,
930 1487 1080 1517 omnes
1113 1487 1214 1517 cum
1244 1483 1393 1522 nostro
1424 1472 1669 1519 adversario
1701 1487 1884 1523 concor-
1920 1470 1924 1537 ‚¹

498 1543 664 1586 demus.
1921 1538 1924 1546 '

555 1614 628 1656 VI.
656 1615 808 1656 Putate
830 1626 899 1655 me
935 1611 1223 1656 citharaedum
1259 1628 1372 1669 esse,
1413 1613 1522 1674 quid
1549 1613 1673 1660 vobis
1706 1628 1882 1673 possum

498 1681 681 1741 amplius
713 1684 895 1726 canere?
929 1685 1042 1727 Ecce
1076 1683 1329 1742 psalterium
1356 1683 1478 1740 fero,
1512 1683 1665 1729 decem
1699 1683 1883 1728 chordas

496 1752 629 1796 habet
649 1771 658 1796 ι
680 1752 761 1796 hoc
783 1767 858 1797 vos
875 1752 1007 1811 paulo
1029 1761 1129 1796 ante
1152 1754 1371 1809 cantastis,
1391 1763 1628 1815 autequam
1644 1755 1883 1813 inciperem
1919 1763 1921 1766 '

497 1821 639 1881 loqui3
659 1823 814 1866 chorus
831 1836 953 1865 meus
969 1837 1046 1866 vos
1066 1821 1222 1866 fuistis.
1239 1826 1394 1868 Nonne
1413 1839 1489 1868 vos
1504 1823 1637 1883 paulo
1653 1833 1755 1868 ante
1778 1839 1883 1868 can·
1916 1828 1919 1837 '

499 1893 637 1947 tastiS‚
669 1895 782 1936 Deus
815 1892 1035 1936 canticum
1062 1907 1226 1936 novum
1257 1893 1444 1938 cantabo
1467 1893 1572 1949 tibi,
1596 1894 1642 1937 in
1675 1893 1882 1954 psalterio

499 1962 647 2007 decem
684 1963 944 2008 chordarum
976 1961 1156 2022 psallam
1178 1963 1317 2007 tibi1?
1353 1967 1471 2023 Ipsas
1511 1964 1664 2008 decem
1698 1963 1883 2009 chordas

499 2033 629 2078 modo
651 2034 860 2093 percutio.
883 2036 1026 2086 Quare
1047 2048 1191 2077 amara
1210 2041 1273 2077 est
1306 2049 1389 2079 vox
1409 2033 1601 2094 psalterii
1623 2034 1734 2079 Dei?
1757 2033 1882 2079 Psal-

500 2102 586 2147 lam
599 2104 676 2147 tibi
688 2104 732 2147 in
743 2103 942 2163 psalterio
954 2102 1104 2148 decem
1112 2102 1495 2151 chordarum.Non
1503 2103 1627 2149 vobis
1638 2103 1722 2149 hoc
1732 2113 1877 2160 canto,
1919 2132 1921 2134 -

503 2175 621 2233 quod
643 2191 716 2219 vos
738 2191 827 2219 non
848 2174 1027 2220 laciatiS.
1047 2174 1285 2234 Decalogus
1307 2176 1424 2220 enim
1444 2175 1570 2235 Legis
1591 2175 1743 2220 decem
1765 2190 1880 2235 prae-

504 2253 625 2301 cepta
652 2245 784 2288 habet
804 2264 812 2288 :
831 2261 930 2305 quae
952 2246 1103 2289 decem
1117 2255 1332 2306 praecepta
1353 2247 1412 2291 sic
1431 2255 1534 2291 sunt
1558 2246 1805 2301 distributa,
1831 2255 1882 2290 ut
1916 2275 1921 2282 „

505 2314 583 2355 tria
605 2317 846 2370 pertineant
868 2316 923 2359 ad
945 2319 1104 2371 Deum,
1127 2326 1290 2375 septem
1314 2317 1562 2376 pertineant
1579 2316 1634 2361 ad
1665 2317 1877 2361 homines.
1909 2345 1914 2354 «

506 2450 669 2492 nullam
682 2452 1004 2497 similitudinem
1017 2455 1225 2500 debemus
1235 2456 1392 2511 iacere,
1409 2466 1452 2501 et
1466 2472 1555 2500 non
1569 2457 1771 2500 fornicari
1783 2465 1881 2515 post
1908 2448 1910 2464 '

510 2524 660 2572 Deum,
674 2523 748 2580 qui
762 2538 872 2567 unus
885 2534 947 2570 est
966 2544 975 2569 2
991 2525 1093 2585 quia
1106 2529 1218 2572 Deus
1231 2537 1274 2572 et
1286 2528 1483 2573 Christus
1504 2527 1641 2573 Filius
1651 2527 1730 2573 Dei
1742 2542 1882 2572 unum

553 2610 561 2627 ¹
584 2605 664 2637 l‘sal.
682 2616 788 2646 cunr.
805 2621 838 2647 ς).
