1924 3309
476 270 554 309 144
910 282 942 310 s.
980 284 1002 310 Α
1011 286 1063 312 υς,
1072 286 1208 312 υεΤιΜ
1241 286 1421 313 Eriscom

469 347 666 392 homines
688 357 865 407 propter
886 349 1116 394 hominum
1140 349 1307 395 laudes.
1332 349 1448 404 Quid
1475 351 1592 394 enim
1629 351 1708 395 ista
1729 352 1856 395 caeci-

469 427 557 462 tate
595 418 889 474 tenebrosius,
939 419 994 463 ad
1027 420 1311 464 obtinendam
1344 420 1637 465 inanissimam
1674 421 1854 479 gloriam

468 505 656 534 errorem
675 489 861 534 hominis
883 491 1110 550 aucupari,
1137 500 1178 534 et
1200 494 1336 535 Deum
1360 501 1513 535 testem
1532 493 1575 536 in
1593 493 1724 536 corde
1749 507 1856 536 con-

472 561 700 604 temnere?
721 560 852 613 Quasi
886 576 989 604 vero
1024 560 1116 604 ullo
1138 560 1269 605 modo
1304 562 1621 620 comparandus
1649 562 1703 605 sit
1737 577 1856 605 error

475 629 589 675 illius
606 631 683 691 qui
705 641 748 675 te
770 631 936 675 bonum
958 641 1106 690 putat,
1127 632 1261 676 errori
1285 642 1360 676 tuo
1377 631 1453 691 qui
1485 633 1650 676 homini
1673 633 1728 676 de
1749 631 1856 677 falso

472 702 590 746 bono
607 701 776 761 placere
798 702 945 746 studes
962 737 972 756 ,
997 701 1052 746 de
1068 717 1171 746 vero
1188 702 1303 746 malo
1326 701 1525 761 displices
1544 706 1646 747 Deo.

531 775 624 816 LX.
651 775 747 815 Jam
764 781 916 816 caetera
937 771 1180 831 planissima
1206 788 1295 816 esse
1317 773 1528 817 existimo.
1555 776 1662 818 Nam
1686 782 1730 817 et
1748 772 1860 817 illud

474 843 681 887 usitatum
706 852 971 902 praeceptum
1010 852 1095 898 est,
1130 852 1178 887 ut
1200 843 1471 902 praedicatori
1493 844 1616 887 verbi
1645 845 1721 887 Dei
1745 859 1859 903 prae-

476 912 577 956 beat
605 932 613 956 :
641 914 899 967 necessaria,
939 913 1010 957 cui
1036 912 1312 972 praedicatur.
1340 912 1407 957 Ad
1440 913 1556 958 bona
1591 914 1706 957 enim
1729 929 1860 973 opera

474 984 680 1028 hortandi
713 993 862 1039 erant,
903 993 953 1027 ut
989 984 1118 1028 etiam
1157 985 1300 1042 egenti
1332 986 1504 1030 Christo
1538 985 1856 1039 ministrarent,

475 1056 627 1099 staturi
647 1054 701 1099 ad
723 1055 942 1099 dexteram
960 1071 1060 1099 cum
1085 1055 1205 1114 agnis
1228 1075 1235 1099 :
1262 1065 1312 1099 ut
1333 1055 1430 1114 plus
1454 1057 1497 1099 in
1521 1056 1580 1100 eis
1609 1064 1860 1114 operaretur

471 1126 647 1170 dilectio
669 1126 793 1181 fidei,
818 1142 949 1186 quam
974 1126 1099 1185 Legis
1121 1136 1264 1185 posset
1284 1127 1428 1170 timor.
1450 1129 1601 1186 Neque
1622 1127 1706 1170 hoc
1739 1126 1859 1186 quis-

469 1213 601 1256 quam
639 1197 801 1255 majore
830 1196 989 1240 fiducia
1022 1196 1153 1240 debet
1177 1197 1436 1255 praecipere,
1470 1212 1601 1256 quam
1630 1197 1699 1240 hic
1721 1199 1858 1255 Apos-

471 1266 610 1321 tolus,
642 1267 718 1327 qui
756 1266 958 1310 manibus
996 1266 1082 1309 suis
1117 1266 1280 1310 victum
1314 1267 1578 1325 transigens,
1612 1266 1706 1310 haec
1732 1266 1779 1309 in
1817 1281 1860 1310 se

470 1336 647 1382 nolebat
682 1337 804 1392 fieri,
840 1346 890 1380 ut
926 1338 1088 1396 majore
1119 1336 1336 1395 pondere,
1370 1345 1549 1396 propter
1580 1351 1730 1381 eorum
1768 1351 1861 1380 ma-

472 1408 532 1466 gis
568 1407 797 1451 utilitatem
839 1408 913 1466 qui
943 1407 1044 1451 ‘haec
1079 1407 1359 1461 exhiberent,
1400 1422 1531 1466 quarn
1563 1415 1742 1466 propter
1778 1421 1854 1450 eo-

470 1493 567 1521 rum
590 1477 749 1541 quibus
770 1476 1026 1520 exhiberent
1058 1492 1132 1532 ea,
1158 1493 1201 1521 se
1224 1492 1402 1521 monere
1426 1476 1632 1521 omnibus
1653 1476 1857 1521 demons-

473 1552 644 1594 traret1.

532 1623 647 1664 LXI.
674 1618 803 1672 Quod
837 1627 981 1662 autem
1004 1617 1163 1661 deinde
1200 1618 1425 1677 subjungit
1441 1653 1451 1673 ,
1481 1637 1501 1660 «
1527 1617 1670 1663 Nolite
1691 1633 1856 1671 errare,

475 1710 494 1731 »
532 1693 646 1734 Deus
668 1705 757 1732 non
775 1689 1068 1732 subsannatur
1095 1706 1102 1731 :
1124 1688 1244 1746 quod
1267 1689 1381 1731 enim
1405 1688 1679 1732 seminaverit
1698 1688 1830 1732 homo
1846 1722 1857 1742 ‚

474 1780 494 1801 »
527 1761 610 1804 hoc
627 1769 667 1803 et
692 1762 849 1803 metet²
871 1778 880 1803 :
902 1777 920 1799 »
940 1759 1061 1802 novit
1082 1758 1195 1801 inter
1211 1774 1310 1818 quae
1332 1759 1465 1801 verba
1488 1757 1758 1817 perditorum
1780 1760 1861 1802 ho-

472 1832 640 1876 minum
662 1829 888 1883 laborent,
914 1828 990 1887 qui
1011 1829 1340 1872 constituuntur
1362 1828 1406 1870 in
1424 1828 1510 1871 fide
1528 1844 1672 1872 rerum
1691 1844 1856 1882 earum,

472 1918 578 1963 quas
602 1917 691 1945 non
708 1899 872 1944 vident.
894 1898 1058 1942 Vident
1079 1899 1191 1942 enim
1216 1899 1543 1942 seminationem
1561 1914 1739 1958 operum
1759 1914 1861 1943 suo-

473 1988 568 2016 rum
593 2007 601 2021 ‚
633 1970 707 2014 sed
748 1984 928 2013 messem
965 1984 1053 2012 non
1077 1967 1240 2011 vident.
1266 1971 1353 2013 Nec
1375 1967 1471 2011 talis
1493 1968 1552 2011 eis
1586 1968 1731 2011 messis
1760 1983 1860 2027 pro-

473 2043 661 2087 mittitur
678 2077 692 2097 ,
713 2039 853 2101 qualis
875 2039 947 2084 hic
969 2039 1092 2083 reddi
1115 2038 1223 2083 solet
1244 2059 1255 2096 3
1275 2040 1377 2099 quia
1395 2041 1538 2098 justus
1555 2054 1607 2083 ex
1628 2039 1714 2083 fide
1735 2038 1855 2083 vivit.

477 2134 496 2155 «
534 2113 641 2166 Quia
665 2111 742 2171 qui
769 2110 1063 2163 seminaverit,
1096 2108 1271 2169 inquit,
1296 2109 1341 2152 in
1370 2123 1498 2153 carne
1533 2125 1631 2164 sua,
1661 2125 1711 2153 ex
1733 2125 1860 2155 carne

478 2203 497 2224 »
536 2192 668 2227 metet
696 2180 1067 2240 corruptionem3.
1090 2197 1109 2220 »
1144 2181 1236 2223 Hoc
1259 2178 1365 2222 dicit
1400 2179 1454 2222 de
1483 2179 1748 2224 amatoribus
1783 2195 1860 2223 voa

476 2254 689 2312 luptatem
707 2252 843 2310 magis
857 2265 989 2310 quam
1007 2249 1099 2294 Dei.
1124 2252 1174 2292 ln
1188 2264 1316 2292 carne
1334 2249 1450 2292 enim
1468 2265 1543 2292 sua
1561 2250 1764 2303 seminat,
1785 2249 1860 2308 qui

477 2325 621 2368 omnia
659 2340 758 2383 quae
801 2321 905 2366 facit
924 2356 935 2376 ‚
981 2320 1145 2364 etiamsi
1180 2320 1294 2363 bona
1330 2318 1561 2363 videantur
1579 2354 1589 2374 ‚
1635 2328 1860 2379 propterea

480 2405 623 2439 tamen
645 2394 748 2437 iacit
763 2427 773 2447 ,
796 2401 846 2436 ut
874 2390 1102 2436 carnaliter
1125 2390 1162 2433 ei
1183 2390 1292 2432 bene
1314 2390 1381 2433 sit.
1407 2408 1426 2430 «
1462 2390 1547 2442 Qui
1570 2399 1716 2434 autem
1737 2389 1861 2433 semi-

481 2485 500 2506 »
537 2466 704 2510 naverit
724 2465 770 2508 in
803 2462 986 2522 spiritu,
1011 2460 1066 2505 de
1085 2460 1236 2519 spiritu
1268 2469 1401 2503 metet
1433 2460 1564 2504 vitam
1587 2469 1809 2504 aeternam.
1837 2477 1856 2500 n
1899 2474 1902 2504 ι

546 2571 553 2587 ¹
577 2566 649 2596 Act.
675 2572 769 2602 xvu1,
791 2561 822 2601 3,
846 2565 878 2592 et
896 2570 957 2598 xx,
978 2558 1042 2600 343
1078 2569 1088 2588 ι
1117 2559 1189 2588 Cor.
1218 2567 1260 2595 lv,
1286 2567 1343 2596 ¹23
1370 2568 1380 2588 1
1405 2556 1512 2588 Thess⁴
1537 2568 1572 2598 ιι,
1599 2569 1633 2599 9,
1663 2562 1727 2589 et2
1753 2557 1859 2590 Thess.

483 2632 532 2662 ιιι,
558 2621 588 2653 8.
614 2637 654 2642 -
673 2624 687 2642 ²
706 2617 809 2650 Galat.
830 2627 873 2657 vr,
892 2626 921 2657 7.
946 2631 983 2638 —-
1006 2613 1018 2638 3
1038 2613 1158 2646 Habac.
1175 2625 1212 2655 11,
1232 2611 1265 2655 4,
1281 2617 1314 2645 et
1335 2612 1435 2645 Galat.
1457 2624 1503 2654 vr,
1522 2614 1554 2645 8.
