1867 3320
289 297 427 324 sumo
460 299 544 334 xv,
581 298 633 323 DE
667 297 796 324 vmsu
833 289 854 324 8
890 298 1041 325 PsALim
1078 301 1180 326 xxv.
1337 292 1419 330 305

0 360 1 381 ³
48 360 258 411 Adulteri,
283 361 440 420 inquit.
471 363 581 405 Sunt
602 362 755 406 animae
774 361 1008 418 adulterae,
1028 372 1130 406 sunt
1151 363 1392 410 fornicariae
1411 388 1420 411 ι

0 428 2 453 ⁵
47 430 322 475 discutiamus
343 445 427 474 eas.
448 431 706 475 Fornicariae
730 432 883 476 animae
898 441 1015 486 sunt,
1041 432 1187 475 multis
1209 432 1288 476 diis
1310 434 1425 480 falsis

0 489 2 498 ’
48 499 233 561 quodam
270 500 400 544 modo
444 501 720 559 prostitutae:
753 501 960 546 adulterae
997 511 1167 555 autem,
1220 511 1425 563 tanquam

48 569 238 628 legitimo
254 570 344 629 jam
376 571 578 629 conjugio
611 570 825 629 copulatae
845 606 855 625 ‚
895 581 937 615 et
974 572 1054 630 ipsi
1096 571 1288 629 legitimo
1321 589 1429 617 con-

45 640 161 701 jugio
194 655 283 683 non
314 649 530 684 servantes
572 641 728 684 animae
769 642 1023 685 castitatem.
1067 644 1123 685 Ut
1160 651 1305 685 autem
1347 644 1429 686 hoc
1478 673 1483 676 -

49 710 186 755 dicam
217 710 475 769 expressius⁷
517 730 537 751 «
564 711 722 768 Pagani
747 712 889 754 anima
923 710 1150 755 fornicaria
1175 721 1258 765 est,
1284 712 1432 756 Chris·-

52 798 70 821 »
103 779 207 823 tiani
230 778 331 822 mali
354 778 565 824 adultera.
597 799 614 820 »
650 781 810 838 Pagani
835 781 978 824 anima
1008 780 1259 830 fornicaria,
1290 780 1432 839 legiti-

48 863 164 892 mum
181 848 322 892 virum
347 864 437 893 non
464 849 612 903 habet,
658 864 735 907 per
756 844 921 893 diversa
952 849 1166 894 daemonia
1199 851 1431 909 prostituta

47 919 336 977 corrumpitur
357 939 366 962 2
393 919 623 964 Christiani
647 928 792 963 autem
815 919 917 963 mali
949 935 1082 979 quare
1120 920 1315 964 adultera
1339 923 1431 964 est?

47 989 153 1042 Quia
176 1003 255 1032 nec
277 989 517 1033 castitatem
536 988 704 1047 diligit,
730 1004 809 1033 nec
832 989 973 1032 virum
1003 990 1174 1033 deserit.
1213 993 1309 1034 Non
1332 1005 1433 1047 ergo

46 1057 176 1114 dicas,
198 1077 216 1099 «
243 1060 387 1111 Quare
403 1067 505 1102 sunt
522 1058 590 1102 isti
611 1058 658 1102 in
674 1058 805 1103 domo
824 1059 933 1102 Dei?
960 1078 979 1099 »
1006 1059 1312 1118 Respondetur
1335 1060 1431 1111 tibi,

48 1145 68 1170 »
103 1131 211 1174 Vasa
233 1138 335 1173 sunt
356 1130 401 1172 in
433 1129 760 1174 contumeliam.
793 1148 812 1169 »
837 1131 968 1174 Novit
989 1131 1047 1174 cis
1071 1131 1134 1173 uti
1158 1134 1270 1174 Deus
1298 1150 1305 1174 :
1342 1146 1432 1174 non

45 1209 158 1245 errat
179 1201 256 1260 qui
276 1200 436 1244 creavit
459 1219 466 1244 :
493 1200 700 1259 quoniam
723 1201 799 1260 qui
818 1201 960 1259 potuit
987 1216 1147 1254 creare,
1174 1202 1295 1245 novit
1313 1200 1431 1245 ordi-

44 1285 145 1315 nare
171 1290 179 1314 :
207 1271 426 1314 habentin
444 1270 576 1315 domo
588 1286 742 1329 magna
756 1270 900 1314 locum
922 1286 1064 1314 suum.
1094 1272 1137 1315 Si
1153 1281 1295 1314 autem
1307 1288 1429 1331 quae-

45 1355 108 1384 ras
145 1343 168 1383 it
194 1355 261 1384 me
284 1375 294 1395 ,
339 1340 562 1399 quomodo
585 1341 644 1383 eis
669 1341 778 1383 bene
800 1349 950 1384 utatur
976 1343 1085 1383 Deus
1113 1360 1120 1383 ;
1153 1340 1288 1385 fateor
1307 1376 1316 1392 ‚
1358 1343 1432 1385 Dei

8 1406 12 1456 l
43 1409 299 1463 consilium,
324 1411 434 1453 sicut
454 1410 601 1460 homo,
625 1409 836 1468 explicare
852 1425 940 1453 non
963 1425 1154 1467 possum.
1182 1412 1290 1454 Novi
1314 1412 1430 1454 enim

9 1458 13 1533 l
43 1497 139 1525 cum
175 1481 310 1525 Paulo
353 1480 549 1539 apostolo
584 1495 880 1538 expavescere,
923 1481 1041 1539 quod
1083 1482 1211 1524 etiam
1235 1481 1307 1525 illc
1330 1498 1430 1526 cum

9 1538 14 1598 l
42 1550 354 1604 consideraret,
379 1550 576 1608 expavit,
603 1559 942 1607 etexpavcscens
961 1549 1239 1594 exclamavit:
1271 1570 1290 1592 «
1316 1556 1353 1594 t)
1376 1550 1431 1594 al-

9 1601 14 1672 l
45 1638 64 1662 »
102 1621 242 1664 titudo
274 1620 522 1663 divitiarum
546 1620 768 1676 sapientiae
790 1629 832 1663 et
854 1620 1041 1664 scientiae
1073 1621 1146 1663 Dei
1171 1621 1178 1663 1
1206 1637 1336 1679 quam
1360 1623 1428 1664 in—

11 1678 15 1734 l
43 1708 63 1732 »
98 1688 345 1734 scrutabilia
363 1697 463 1732 sunt
477 1688 641 1747 judicia
664 1690 773 1746 ejus,
799 1699 842 1729 et
864 1688 1179 1743 investigabiles
1201 1690 1282 1733 viae
1305 1692 1396 1748 ejus
1415 1692 1423 1734 l

12 1748 15 1799 l
44 1777 64 1801 »
99 1759 204 1812 Quis
233 1758 347 1801 enim
380 1757 580 1814 cognovit
605 1771 778 1800 sensum
798 1758 994 1810 Domini,
1019 1766 1094 1800 aut
1115 1759 1210 1817 quis
1227 1761 1427 1804 consilia—

45 1846 64 1870 »
99 1829 185 1872 rius
210 1827 420 1887 ejusfuiti'
439 1835 514 1869 aut
528 1827 624 1885 quis
642 1826 759 1885 prior
777 1825 898 1870 dedit
916 1825 993 1880 illi,
1013 1836 1055 1870 et
1075 1828 1336 1872 retribuetur
1355 1831 1392 1872 ei
1407 1835 1424 1870 Υ

13 1901 18 1951 i
44 1916 64 1939 »
97 1898 311 1951 Quoniam
341 1913 390 1940 ex
409 1897 500 1955 ipso
523 1907 564 1940 ct
589 1913 663 1955 per
695 1897 834 1954 ipsum
859 1906 901 1939 et
924 1898 966 1939 in
1002 1898 1092 1955 ipso
1113 1909 1214 1942 sunt
1237 1902 1379 1944 omnia
1411 1921 1419 1944 :

14 1955 19 2062 Ι
45 1985 64 2009 »
97 1969 174 2028 ipsi
188 1969 322 2027 gloria
345 1969 387 2011 in
403 1967 556 2012 saecula
578 1966 852 2011 szuculorum.
875 1969 886 1992 ¹
908 1986 926 2006 »
959 1968 1088 2011 Nobis
1111 1969 1416 2016 consideratio.

42 2037 279 2091 admiratio,
303 2047 479 2091 tremor,
506 2036 781 2081 exclamatio:
799 2037 899 2096 quia
915 2036 1033 2080 nulla
1058 2039 1310 2095 penetratio.
1337 2041 1418 2097 lpsi

15 2070 19 2134 l
42 2119 181 2155 autem
204 2109 337 2170 quid?
360 2108 504 2153 Gloria
528 2110 571 2152 in
594 2109 749 2152 saecula
763 2107 1035 2151 saeculorum.
1066 2109 1160 2152 Sive
1183 2109 1357 2153 ‹levasis
1377 2112 1417 2152 in

2 2192 4 2196 ’
42 2179 267 2232 honorem,
313 2180 399 2223 sive
430 2178 484 2222 de
526 2179 633 2222 vasis
665 2178 707 2221 in
741 2177 1069 2224 contumeliam,
1109 2178 1185 2236 ipsi
1210 2178 1342 2236 gloria
1375 2180 1418 2222 in

18 2251 190 2295 ,saecuta
222 2250 496 2295 saeculorum.
540 2250 656 2293 Alios
691 2258 893 2294 coronat.
935 2248 1038 2291 alios
1074 2248 1280 2301 damnat,
1319 2266 1417 2294 nus-

18 2302 22 2360 l
42 2336 166 2381 quam
188 2330 302 2365 errat
325 2341 331 2363 :
359 2320 463 2365 alios
476 2320 646 2378 probat,
681 2319 735 2362 dc
759 2318 850 2361 aliis
875 2319 1040 2376 probat,
1066 2333 1213 2361 omncs
1227 2320 1412 2363 ordinat.

18 2368 23 2440 l
100 2394 171 2435 lV.
198 2391 309 2444 Quid
335 2390 515 2444 faciunt,
541 2389 703 2449 inquit,
730 2390 772 2432 in
789 2390 868 2432 hoc
888 2388 1052 2432 mundo
1077 2389 1270 2432 homines
1291 2391 1417 2433 mali?

19 2459 24 2512 Ι
44 2461 268 2521 Responde
285 2462 386 2504 mihi
401 2496 410 2513 ,
435 2461 475 2504 in
499 2460 673 2506 fornace
695 2459 878 2502 aurificis
898 2458 1016 2516 palca
1031 2458 1136 2516 quid
1163 2458 1257 2502 titt-it
1272 2464 1288 2500 ¹?
1310 2465 1417 2504 Puto

0 620 4 703 ἓ

0 705 5 752 ε

1 772 6 820 ε

2 862 6 883 t

3 979 8 1013 l

4 1032 9 1114 l

5 1127 9 1165 ζ

6 1203 10 1238 f

7 1249 11 1304 l

7 1342 12 1384 l

90 2561 96 2578 ¹
126 2559 213 2588 Ιὶυιιι.
235 2568 276 2597 xi,
300 2557 315 2584 Ϊ“·
333 2558 352 2593 ἰ,
372 2561 422 2586 νιε-

21 2627 25 2673 3
250 2621 385 2649 cxxiv
1206 2611 1255 2646 :w

23 2751 27 2782 1

23 2790 29 2918 ἶ

26 2982 29 3025 1

0 3166 301 3320 ,βψω
314 3220 367 3230 ἢ.
625 3219 678 3224 ,,
710 3220 717 3223 .

0 3299 20 3320 ι
