1867 3320
317 297 459 328 sunno
489 299 598 336 va,
632 302 686 329 m:
719 301 864 331 vznms
896 301 1032 346 1SA1AE‚
1066 308 1169 337 Lvu.
1349 301 1432 342 539

62 447 415 464 mmmm

530 575 760 624 SERMO
797 580 928 626 XLV
942 578 972 626 ¹.

62 727 128 769 De
147 737 200 768 eo
217 722 338 784 quod
359 722 405 768 in
424 726 531 768 Isara
547 741 642 786 cap.
668 745 773 782 ινιτ,
797 730 1002 788 scriptum
1024 739 1087 775 est
1113 750 1123 776 ε
1156 731 1256 793 Qui
1278 742 1433 778 autem

121 791 276 838 dediti
294 803 433 838 erunt
452 792 595 851 mihi,
615 795 919 855 possidebunt
943 809 1122 844 terram
1133 836 1148 856 ,
1179 810 1224 845 et
1255 801 1439 847 inhabi-

122 861 293 908 tabunt
327 874 535 910 montem
576 877 797 912 sanctum
835 884 1004 914 meum.
1039 873 1095 914 Et
1123 870 1178 914 de
1203 872 1408 931 Apostolo
1423 909 1433 927 ,

119 933 235 981 Has
252 951 365 998 ergo
378 938 719 995 promissiones
737 937 984 996 habentes,
1007 939 1291 998 charissimi,
1308 959 1442 987 mun-

120 1002 287 1050 demus
312 1021 400 1050 nos
417 1004 480 1050 ab
496 1007 629 1051 omni
646 1009 1036 1065 coinquz'natione
1052 1012 1211 1053 carnis
1237 1021 1280 1054 et
1302 1014 1440 1070 spiri-

123 1085 217 1132 tus,
237 1077 543 1138 perficientes
560 1078 994 1138 sancttficationem
1016 1080 1063 1123 in
1088 1080 1252 1124 timore
1272 1080 1379 1125 Dei.

120 1225 155 1266 I.
183 1225 235 1267 ΙΝ
258 1222 462 1267 omnibus
484 1222 767 1278 lectionibus,
788 1239 892 1283 quas
916 1224 1110 1268 recitatas
1129 1224 1388 1281 audivimus,
1410 1229 1440 1270 si

61 1293 368 1339 animadvertit
386 1294 584 1340 Charitas
597 1296 746 1338 Vestra
768 1295 946 1354 primam
962 1294 1185 1340 lectionem
1207 1299 1326 1340 lsa'l'ae
1339 1314 1439 1357 pro-

60 1365 227 1424 phetae,
253 1365 356 1425 quia
378 1364 523 1409 omnia
544 1380 643 1424 quae
660 1364 769 1409 lecta
786 1374 886 1409 sunt
904 1381 982 1410 nec
999 1367 1261 1421 meminisse,
1281 1383 1359 1411 nec
1381 1369 1441 1411 di-

60 1451 157 1481 cere
174 1451 418 1495 possumuS‚
437 1435 779 1480 recentissimum
795 1436 978 1481 arbitror
995 1437 1177 1481 residere
1196 1439 1381 1497 potuisse
1398 1440 1438 1482 in

62 1506 267 1553 cordibus
287 1507 462 1563 vestris,
483 1523 572 1568 quo
594 1508 806 1552 conclusit
827 1508 962 1552 lector
983 1527 990 1552 :
1016 1528 1034 1549 «
1056 1509 1134 1561 Qui
1153 1518 1292 1552 autem
1309 1508 1440 1553 dediti

61 1595 84 1621 »
119 1578 226 1622 mihi
248 1587 402 1633 erunt,
426 1578 712 1637 possidebunt
734 1588 907 1632 terram,
931 1587 973 1622 et
991 1578 1297 1622 inhabitabunt
1315 1594 1438 1622 mon-

62 1667 86 1692 »
119 1656 210 1692 tem
232 1658 429 1693 sanctum
442 1663 587 1692 meum
601 1650 633 1692 ².
659 1667 678 1689 n
701 1649 866 1693 Deinde
883 1649 1073 1692 ascendit
1090 1649 1331 1708 Apostolica
1354 1649 1440 1693 lec-

61 1719 145 1774 tio,
175 1727 219 1763 et
249 1719 354 1763 inde
385 1719 519 1777 coepit
544 1738 552 1762 ε
584 1737 604 1760 «
631 1721 716 1762 Has
746 1733 847 1775 ergo
878 1719 1176 1776 promissiones
1207 1718 1435 1765 habentes.

63 1807 85 1832 »
120 1788 378 1844 charissimi,
400 1788 662 1832 mundemus
680 1802 758 1831 nos
780 1787 834 1830 ab
850 1787 966 1831 omni
984 1787 1332 1847 coinqt.1inatione
1349 1804 1440 1833 car-

64 1877 86 1901 »
120 1859 187 1903 nis
224 1867 268 1903 et
298 1859 497 1918 spiritus,
522 1857 793 1917 perficientes
815 1857 1195 1901 sanctificationem
1220 1858 1262 1900 in
1291 1858 1440 1902 timore

65 1947 87 1971 »
122 1928 199 1974 Dei
214 1930 247 1972 ³.
270 1947 291 1971 »
316 1932 583 1973 Procurante
606 1926 752 1972 divina
776 1926 1079 1981 misericordia,
1101 1943 1199 1986 quae
1221 1942 1297 1971 nos
1315 1929 1437 1986 regit,

62 2008 106 2044 et
122 2015 221 2060 quae
238 1999 364 2044 nobis
387 1998 675 2043 esurientibus
698 2013 812 2042 escas
831 2007 1064 2057 praeparat,
1085 2013 1171 2042 non
1189 1997 1327 2042 solum
1349 2015 1440 2042 cor-

0 2076 1 2088 *
61 2084 220 2131 porum
243 2069 600 2124 reficiendorum,
621 2079 797 2129 propter
810 2084 914 2128 quas
928 2069 1026 2113 oriri
1044 2069 1145 2112 iacit
1162 2068 1292 2112 solem
1311 2085 1438 2128 super

62 2139 200 2186 bonos
222 2148 266 2184 et
279 2139 429 2195 malos,
447 2149 490 2184 et
512 2138 624 2200 pluit
638 2141 914 2200 superjustos
933 2149 976 2183 et
993 2140 1205 2198 injustos&
1223 2139 1294 2182 sed
1308 2140 1435 2184 etiam

61 2220 240 2273 propter
257 2210 417 2256 famem
435 2211 576 2256 cordis
602 2212 751 2266 nostri,
767 2226 896 2270 quam
917 2211 1101 2269 patimur
1118 2211 1158 2253 in
1174 2210 1252 2253 hac
1275 2226 1434 2265 eremo,

62 2292 107 2327 et
128 2282 364 2337 morimur,
386 2282 466 2325 nisi
491 2296 647 2325 manna
670 2281 791 2340 pluat
813 2301 820 2325 :
848 2295 1035 2323 mensam
1053 2294 1152 2336 ergo
1174 2294 1291 2322 suam
1314 2280 1437 2322 nobis

62 2362 334 2413 praeparante
358 2353 559 2405 Domino,
583 2350 701 2396 nulla
723 2353 908 2395 humana
930 2350 1136 2394 industria
1161 2360 1433 2408 procurante,

63 2422 184 2484 quod
216 2424 306 2483 ipse
332 2423 474 2476 novit,
502 2422 663 2466 factum
694 2432 782 2476 est,
815 2432 860 2466 ut
893 2437 936 2464 se
974 2420 1174 2464 lectiones
1203 2420 1260 2463 sic
1293 2435 1438 2479 sequu-

65 2502 241 2549 rentur‚
265 2502 314 2538 ut
339 2493 382 2537 in
409 2495 516 2537 Isa'i'a
540 2492 862 2552 promitteretur
886 2490 1006 2534 nobis
1023 2489 1183 2549 aliquid
1201 2525 1212 2543 ,
1232 2489 1273 2532 in
1297 2494 1435 2548 Apos-

115 2595 123 2611 ¹
140 2588 231 2622 Alias.
255 2597 294 2622 12
311 2600 350 2621 ex
367 2588 602 2622 sirmondianis.
625 2605 649 2611 -
663 2596 674 2611 ²
690 2590 759 2621 lsai.
781 2599 856 2625 ινιι,
878 2585 1100 2620 13.—³·A('.or.
1124 2597 1177 2623 vn,
1200 2597 1226 2617 ι.
1243 2589 1298 2611 -4
1313 2584 1419 2616 ΜιΙιΙι

68 2658 102 2689 v,
123 2646 180 2691 45.
