1924 3309
467 230 548 270 43⁴2
892 239 925 269 5.
963 241 1191 271 mausum
1224 243 1403 272 Eriscorr

523 309 580 351 11.
607 307 771 362 Primo,
795 307 944 352 titulus
965 308 1053 368 ejus
1075 317 1165 362 est,
1192 326 1213 349 (ι
1236 307 1304 352 Ad
1326 308 1494 353 Goliam
1512 311 1541 352 ¹.
1561 327 1580 350 »
1607 310 1691 362 Qui
1715 310 1842 354 rudes

463 393 553 422 non
589 386 692 422 sunt
718 378 764 422 in
796 378 1026 438 Scripturis
1053 378 1236 433 divinis,
1277 379 1354 438 qui
1386 389 1532 424 amant
1566 380 1843 440 frequentare

462 448 587 492 istam
608 448 799 493 scholam
819 485 830 505 ‚
855 449 931 509 qui
953 464 1042 494 non
1073 449 1262 493 oderunt
1283 450 1534 508 magistrum
1553 486 1564 505 ,
1588 451 1699 495 sicut
1721 451 1844 510 pueri

462 518 703 579 desperati,
728 528 771 564 et
787 519 999 563 intentam
1018 533 1166 562 aurem
1188 518 1386 577 praebent
1407 519 1453 563 in
1470 520 1646 566 ecclesia
1667 520 1844 566 lectori-

460 589 565 645 bus,
607 598 738 650 atque
765 589 1057 648 exceptorium
1086 587 1227 632 cordis
1248 588 1315 631 sui
1346 589 1392 632 in
1419 589 1585 634 fluenta
1614 591 1845 650 Scriptura:

461 659 620 705 divinae
650 660 947 720 patefaciunt,
973 658 1050 718 qui
1079 673 1167 702 non
1195 658 1308 702 intra
1340 659 1443 703 istos
1475 659 1659 718 parietes
1688 661 1844 706 domus

460 746 549 775 suae
571 747 721 775 curam
743 739 900 789 gerunt
928 738 970 772 et
994 727 1242 772 domesticis
1274 727 1433 773 fabulis
1467 729 1764 786 delectantur,
1797 740 1846 775 ut

460 800 558 845 ideo
581 802 871 854 conveniant,
894 808 944 843 ut
966 799 1189 843 inveniant
1211 814 1311 843 cum
1329 799 1489 860 quibus
1510 799 1746 860 loquantur
1763 817 1847 845 nu-

461 872 646 928 gatoria‚
682 885 772 914 non
793 885 893 914 cum
915 869 1077 929 quibus
1100 868 1280 912 audiant
1302 868 1450 926 utilia;
1474 870 1550 929 qui
1580 886 1670 914 non
1703 879 1848 915 amant

460 939 584 1000 loqui
609 939 664 985 de
694 940 824 985 rebus
848 939 996 984 alienis
1012 974 1024 995 ,
1049 954 1151 984 cum
1183 938 1423 983 defecerint
1443 939 1489 983 in
1511 941 1596 984 suis
1618 959 1626 984 :
1651 939 1728 1000 qui
1744 955 1847 999 ergo

460 1027 551 1056 non
573 1012 630 1056 ita
655 1011 948 1066 conveniunt,
974 1019 1018 1054 et
1036 1009 1288 1070 frequenter
1310 1010 1578 1055 conveniunt
1597 1045 1608 1065 ,
1641 1026 1731 1055 non
1747 1020 1848 1054 sunt

461 1083 591 1126 rudes
612 1083 659 1126 in
681 1083 763 1127 isto
779 1081 909 1127 titulo
932 1081 1111 1137 Psalmi,
1138 1081 1257 1141 quod
1280 1081 1488 1140 scriptum
1511 1090 1574 1125 est
1589 1116 1599 1136 ‚
1630 1100 1649 1123 «
1669 1080 1738 1125 Ad
1760 1083 1847 1126 Go-

462 1170 482 1193 »
518 1153 619 1197 liam
644 1172 651 1197 :
676 1171 696 1194 »
724 1162 888 1197 norunt
910 1152 1006 1211 quis
1030 1151 1163 1195 fuerit
1185 1152 1344 1196 Golias.
1369 1154 1531 1195 Tamen
1549 1160 1726 1210 propter
1743 1151 1847 1195 alios

458 1223 534 1281 qui
557 1222 625 1267 vel
647 1238 765 1267 nunc
783 1220 940 1266 intenti
960 1230 1078 1276 sunt,
1096 1221 1179 1265 alio
1202 1230 1347 1265 autem
1370 1230 1563 1280 tempore
1585 1222 1730 1265 minus
1747 1231 1849 1265 sunt

459 1293 631 1348 intenti,
652 1292 721 1337 vel
742 1293 924 1337 sortasse
942 1291 1073 1350 spinis
1091 1290 1387 1346 saecularibus,
1411 1291 1456 1336 id
1475 1301 1553 1347 est,
1574 1291 1848 1349 negotiorum

458 1364 784 1408 mundanorum
807 1363 938 1417 curis,
954 1362 1138 1407 verbum
1156 1362 1202 1405 in
1219 1361 1350 1406 corde
1372 1378 1451 1407 suo
1469 1371 1678 1422 tanquam
1701 1377 1848 1406 semen

458 1434 565 1479 utile
588 1436 774 1479 effocare
792 1441 1058 1478 consuerunt
1076 1467 1087 1487 ,
1108 1447 1332 1476 narremus
1356 1432 1486 1476 etiam
1507 1434 1588 1477 ista
1605 1443 1846 1491 pervetera,

459 1514 503 1549 et
522 1506 676 1550 usitata
698 1504 874 1549 intentis
893 1512 935 1547 et
956 1502 1157 1547 studiosis
1176 1502 1419 1546 litterarum
1435 1501 1696 1547 divinarum.

519 1580 600 1621 III.
629 1576 773 1621 Golias
790 1590 904 1619 unus
927 1573 1011 1618 fuit
1032 1590 1085 1618 ex
1105 1573 1374 1633 Allophylis,
1398 1574 1443 1618 id
1465 1583 1550 1629 est,
1572 1590 1623 1618 ex
1644 1573 1850 1632 alienige-

458 1648 524 1692 nis
539 1683 550 1702 ,
576 1648 654 1707 qui
683 1647 849 1691 bellum
879 1646 1088 1705 gerebant
1110 1645 1186 1690 illo
1209 1654 1404 1705 tempore
1427 1645 1630 1691 adversus
1647 1644 1759 1689 filios
1782 1647 1849 1688 Is-

457 1718 560 1763 rael.
598 1721 662 1762 Eo
693 1727 840 1762 autem
868 1727 1063 1775 tempore
1096 1716 1235 1760 David
1265 1726 1468 1770 sanctus,
1509 1717 1631 1775 cujus
1667 1724 1731 1759 est
1762 1715 1846 1758 hoc

458 1788 732 1843 Psalterium,
748 1788 836 1831 imo
850 1801 926 1846 per
948 1801 1080 1845 quem
1101 1785 1361 1830 ministravit
1383 1787 1466 1830 hoc
1484 1785 1743 1830 Psalterium
1758 1784 1849 1843 Spi-

458 1859 565 1903 ritus
587 1866 785 1912 sanctus,
820 1871 930 1915 puer
952 1865 1044 1900 erat
1075 1870 1252 1914 pascens
1279 1870 1379 1899 oves
1416 1855 1548 1914 patris
1577 1855 1666 1908 sui,
1702 1863 1848 1898 tenera

458 1938 608 1983 aetate,
633 1927 702 1971 vix
723 1927 830 1971 dum
847 1924 1196 1970 adolescentulus
1209 1928 1242 1969 ².
1261 1928 1432 1969 Fratres
1454 1926 1544 1985 ejus
1558 1926 1649 1985 jam
1667 1925 1849 1984 juvenes

459 1999 728 2053 militabant,
753 2006 798 2042 et
818 1998 864 2040 in
893 1996 1084 2040 exercitu
1104 1997 1216 2055 regis
1238 2005 1376 2041 erant.
1402 1995 1562 2040 Attulit
1583 1996 1641 2039 eis
1656 1995 1808 2038 missus
1825 2009 1849 2037 a

460 2069 714 2130 parentibus
731 2066 897 2127 aliquid
919 2066 973 2110 de
991 2065 1140 2121 domo,
1159 2067 1309 2110 usibus
1328 2067 1538 2126 ipsorum.
1563 2069 1629 2110 Ita
1645 2064 1721 2109 illo
1739 2073 1849 2107 tem-

459 2156 566 2200 pore
587 2156 676 2201 quo
698 2138 978 2199 pugnabatur
994 2172 1004 2192 ,
1040 2138 1086 2180 in
1118 2137 1311 2181 exercitu
1335 2137 1537 2181 inventus
1559 2145 1622 2180 est
1649 2135 1848 2179 nondum

459 2212 583 2256 miles
602 2247 613 2267 ,
638 2211 714 2255 sed
736 2208 924 2254 militum
948 2208 1142 2251 minister
1164 2218 1207 2251 et
1237 2207 1383 2251 frater.
1407 2207 1559 2251 Extitit
1580 2215 1686 2250 tunc
1704 2203 1848 2249 Golias

462 2282 563 2337 iste,
596 2281 650 2326 de
684 2296 774 2340 quo
802 2279 968 2323 mentio
1005 2278 1119 2322 facta
1153 2287 1242 2332 est,
1268 2278 1418 2336 ingens
1440 2286 1602 2321 statura
1627 2275 1816 2335 eorporis
1833 2308 1844 2328 ‚

463 2353 593 2398 armis
616 2353 853 2396 instructus
869 2385 880 2405 ,
900 2348 1063 2394 viribus
1081 2348 1208 2392 etiam
1233 2348 1487 2392 exercitatus
1504 2383 1514 2403 ,
1535 2347 1672 2391 elatus
1685 2347 1848 2405 jactan-

463 2426 538 2480 tia,
551 2424 627 2484 qui
652 2422 838 2482 superbe
856 2429 1107 2479 provocaret
1118 2418 1171 2462 ad
1184 2419 1532 2464 monomachiam
1557 2416 1845 2463 adversarium

465 2493 707 2555 populum:
736 2493 821 2537 hoc
845 2501 933 2547 est,
959 2500 1009 2536 ut
1027 2505 1140 2536 unus
1165 2487 1264 2534 inde
1288 2488 1449 2534 electus
1478 2489 1532 2535 ab
1566 2487 1665 2549 ipsis
1693 2501 1847 2547 proce-

513 2586 520 2602 ¹
543 2578 746 2620 1‘sal.⁴cxmu.
767 2594 808 2600 ·—
829 2583 841 2600 ²
866 2588 876 2609 1
904 2579 980 2619 Reg.
998 2577 1052 2618 37.

1907 3066 1924 3309 ff-*-*
1912 2999 1914 3042 *a
1912 2935 1914 2958 „r
