1867 3320
371 273 576 299 EPISTOLAE
608 272 663 298 AD
696 270 894 299 ROMANOS
925 273 1161 300 Exposrno,
1404 265 1458 303 73

78 340 121 381 in
145 338 219 381 illo
252 337 489 396 paralytico
524 337 867 381 manifestissime
905 337 1162 381 ostenditur.
1196 340 1304 381 Cum
1346 342 1461 384 enim

76 408 216 467 primo
245 408 284 451 ei
313 407 478 452 donum
513 407 680 452 visibile
701 406 953 461 obtulisset,
985 416 1162 466 propter
1184 407 1305 466 quod
1327 424 1460 453 vene-

77 489 170 536 rat,
205 494 294 522 non
328 479 443 522 enim
471 480 561 538 jam
594 488 773 522 venerat
807 478 920 522 filius
943 478 1158 531 hominis,
1180 487 1230 521 ut
1246 479 1462 537 judicaret

76 548 280 593 saeeulum
296 556 309 575 ¹
329 569 337 594 :
363 565 464 593 cum
487 549 590 608 e'rgo
613 548 803 603 dixisset,
830 549 1010 593 Dimissa
1032 558 1135 593 sunt
1157 548 1238 592 tibi
1261 558 1459 607 peccata:

76 629 484 679 murmuratumque
518 629 628 663 esset
657 635 680 662 a
721 618 885 663 Judaeis
914 617 1244 677 indignantibus
1267 617 1387 678 quod
1406 619 1463 661 eis

75 698 237 733 tantam
261 692 521 748 potestatem
542 689 623 732 sibi
647 704 863 747 arrogasse
890 689 1112 733 videretur
1139 708 1148 733 :
1187 708 1207 730 «
1233 689 1349 741 Quid
1371 698 1459 743 est,

76 777 97 800 »
131 760 300 819 inquit,
327 759 493 803 facilius
523 758 667 803 dicere
685 794 696 814 ,
737 759 917 803 Dimissa
951 769 1053 803 sunt
1075 758 1156 803 tibi
1176 769 1353 819 peccata
1371 794 1381 813 ,
1408 774 1464 803 an

75 847 96 871 »
130 830 273 874 dicere
292 866 304 885 ,
344 832 481 889 Surge
502 839 545 874 et
567 829 776 874 ambula?
799 832 867 875 Ut·
877 831 1016 874 sciatis
1044 839 1216 886 autem,
1248 830 1350 891 quia
1379 845 1462 890 po-

74 918 95 941 »
129 909 327 945 testatem
349 901 483 944 habet
505 899 619 944 filius
644 900 831 945 hominis
854 898 1072 945 dimittere
1093 909 1292 961 peccata,
1317 904 1334 958 (
1357 900 1461 945 dicit

71 987 93 1011 »
127 970 367 1029 paralytico
385 972 428 1027 ,)
458 970 555 1014 Tibi
577 969 676 1014 dico
702 986 831 1030 surge
847 1005 858 1025 ‚
893 968 999 1014 tolle
1019 971 1282 1028 grabbatum
1304 979 1430 1015 tuum
1447 1006 1458 1024 ‚

73 1058 93 1081 »
127 1050 169 1084 et
189 1039 299 1085 vade
321 1042 366 1084 in
389 1039 572 1085 domum
592 1051 716 1086 tuam
731 1043 762 1086 ².
790 1061 809 1083 »
836 1046 931 1095 Quo
953 1040 1069 1086 facto
1085 1076 1096 1097 ,
1117 1051 1161 1087 et
1181 1042 1344 1102 quibus
1365 1041 1460 1086 dic-

70 1110 122 1154 tis
139 1145 150 1165 ,
175 1111 274 1155 satis
290 1110 526 1156 declaravit
546 1147 557 1167 ,
591 1111 690 1156 ideo
713 1126 757 1156 se
778 1111 851 1156 illa
876 1110 1016 1156 facere
1039 1113 1085 1156 in
1108 1112 1386 1172 corporibus,
1412 1122 1461 1156 ut

68 1182 317 1226 crederetur
340 1183 510 1227 ‘animas
531 1192 811 1242 peccatorum
836 1183 882 1226 in
906 1182 1156 1227 dimissione
1178 1183 1364 1227 liberare
1379 1218 1390 1237 ,
1416 1182 1461 1226 id

68 1260 154 1306 est,
180 1262 229 1296 ut
251 1251 306 1296 de
332 1262 545 1311 potestate
570 1251 727 1297 visibili
759 1262 949 1312 potestas
971 1253 1197 1297 invisibilis
1221 1262 1460 1296 mereretur

69 1321 215 1366 fidem.
255 1323 365 1375 Quia
399 1338 502 1381 ergo
538 1324 584 1366 in
614 1324 777 1381 Spiritu
801 1324 878 1367 Dei
899 1323 1087 1367 faciebat
1111 1323 1187 1366 illa
1211 1324 1355 1367 omnia
1375 1358 1385 1377 ,
1411 1332 1459 1366 ut

73 1394 253 1452 gratiam
277 1409 516 1453 pacemque
533 1394 783 1438 hominibus
810 1394 1065 1452 largiretur³
1084 1429 1094 1448 ,
1119 1395 1299 1451 gratiam
1322 1395 1366 1437 in
1390 1409 1459 1438 re-

68 1463 269 1507 missione
291 1473 586 1522 peccatorum,
602 1479 753 1523 pacem
776 1464 822 1507 in
843 1462 1195 1507 reconciliatione
1213 1465 1305 1516 Dei,
1325 1480 1347 1508 a
1370 1479 1459 1524 quo

67 1542 265 1591 separant
283 1532 373 1578 sola
398 1544 573 1593 peccata
596 1549 721 1578 :cum
745 1533 952 1578 dixissent
974 1536 996 1577 J
1004 1533 1116 1577 udaei
1134 1533 1254 1593 quod
1269 1534 1313 1577 in
1333 1534 1458 1578 Beel-

67 1601 208 1645 zebub
226 1603 399 1660 ejiceret
420 1604 635 1648 daemonia
650 1640 661 1659 ,
691 1604 1027 1648 misericorditer
1048 1620 1120 1649 eos
1142 1604 1282 1648 voluit
1305 1604 1459 1649 admo-

68 1687 170 1715 nere
190 1707 200 1726 ,
232 1687 287 1716 ne
317 1671 501 1716 verbum
526 1674 721 1716 dicerent
741 1707 752 1725 ‚
778 1683 821 1716 et
844 1675 1159 1731 blasphemiam
1183 1676 1228 1716 in
1249 1676 1458 1733 Spiritum

68 1742 316 1797 sanctum⁴‚
357 1742 440 1785 hoc
476 1751 539 1785 est
572 1757 628 1785 ne
662 1742 810 1800 gratiae
848 1742 926 1785 Dei
960 1742 1145 1801 pacique
1182 1744 1455 1798 resisterent,

68 1827 199 1872 quam
236 1827 313 1870 per
349 1812 554 1870 Spiritum
589 1820 787 1856 sanctum
822 1810 984 1855 donare
1018 1813 1228 1857 Dominus
1262 1824 1454 1858 venerat.

68 1884 164 1926 Non
188 1883 288 1942 quia
310 1883 399 1941 jam
424 1883 505 1926 hoc
540 1881 733 1926 fecerant
749 1917 759 1935 ,
793 1882 912 1941 quod
933 1882 1013 1926 sibi
1037 1898 1181 1943 neque
1203 1884 1248 1928 in
1271 1885 1355 1929 hoc
1377 1901 1459 1929 sae-

68 1951 166 1995 culo
184 1987 194 2005 ,
223 1967 366 2012 neque
403 1952 447 1995 in
470 1951 620 1996 futuro
653 1951 973 2009 dimitteretur,
1005 1953 1078 1996 sed
1110 1969 1164 1996 ne
1188 1953 1460 2014 desperando

69 2023 124 2066 de
142 2022 283 2076 venia,
304 2032 379 2066 aut
401 2023 523 2082 quasi
542 2022 596 2066 de
617 2038 692 2066 sua
712 2023 878 2082 justitia
897 2023 1218 2082 praesumendo,
1246 2035 1288 2069 et
1312 2028 1459 2084 poeni-

72 2093 249 2137 tentiam
272 2108 360 2138 non
383 2093 551 2151 agendo
571 2129 581 2148 ‚
620 2103 693 2138 aut
717 2094 1033 2152 perseverando
1061 2095 1103 2137 in
1140 2096 1324 2154 peccatis
1341 2132 1350 2149 ,
1379 2098 1460 2141 hoc

74 2162 263 2208 facerent
289 2183 297 2208 :
323 2165 406 2208 hoc
430 2165 561 2208 modo
579 2165 695 2208 enim
718 2164 912 2209 dicerent
931 2165 1114 2209 verbum
1132 2201 1142 2219 ,
1165 2167 1247 2210 hoc
1269 2177 1331 2211 est
1350 2167 1461 2211 blas-

72 2235 289 2293 phemiam
313 2236 353 2277 in
381 2236 585 2293 Spiritum
608 2246 822 2290 sanctum,
844 2237 888 2280 in
906 2252 995 2296 quo
1014 2237 1223 2281 Dominus
1245 2239 1362 2296 signa
1388 2239 1457 2283 illa

74 2315 249 2364 propter
266 2304 531 2363 largiendam
557 2307 736 2364 gratiam
762 2322 1002 2367 pacemque
1021 2306 1225 2361 iaciebat,
1256 2308 1287 2352 si
1314 2324 1459 2368 persi·-

75 2374 263 2418 vcrantia
287 2384 561 2433 peccatorum
586 2376 664 2435 ipsi
689 2377 836 2435 gratiae
860 2378 1042 2436 pacique.
1067 2378 1326 2423 resisterent.
1360 2383 1461 2422 vm·-

79 2445 179 2488 bum
203 2445 317 2488 enim
339 2444 481 2489 dicere
500 2482 509 2500 ‚
548 2461 635 2490 non
667 2448 722 2491 ita
751 2447 924 2491 videtur
956 2448 1024 2491 liic
1049 2449 1236 2508 positum
1254 2485 1265 2505 ,
1289 2459 1334 2493 ut
1361 2459 1457 2493 tau-

139 2547 146 2562 ·
170 2540 285 2571 ΜιιῑῑΙι.
314 2552 356 2580 ιι,
389 2550 430 2578 ἰς
461 2543 563 2573 Marc.
584 2553 618 2583 ιι,
643 2542 676 2583 3,
696 2548 725 2574 cl
745 2545 835 2575 Jonn.
857 2554 901 2583 ιιι,
925 2554 972 2584 ¹7-
1000 2560 1039 2566 —
1063 2550 1073 2565 ²
1097 2546 1191 2576 Marc.
1213 2556 1247 2583 ιι,
1265 2551 1388 2586 wenc.
1412 2562 1452 2568 —

82 2594 92 2613 '⁴
120 2606 125 2624 ι
152 2597 293 2627 varnvl.
309 2596 351 2627 lili
385 2608 408 2635 t,
430 2608 501 2637 cap.
523 2598 564 2625 ⁵¹3⁷»
603 2615 641 2621 —-
662 2598 676 2625 l.
699 2598 811 2630 Manli.
832 2609 893 2633 xli.
913 2600 968 2638 '’l>
