1867 3320
0 219 27 716 eamr-Wwfflv

11 955 13 957 .
0 924 11 944 *r
3 868 17 912 *vv-

259 266 396 291 senno
427 265 586 299 xxxiv,
624 268 666 292 ιΝ
702 269 788 295 mec
822 270 954 297 VERBA
987 271 1137 299 psum
1168 273 1301 302 eulx.
1377 263 1457 304 457

92 328 212 395 uude
229 329 442 388 possideas
464 328 673 375 fundum.
701 347 910 389 gemmam
932 369 941 387 ,
971 338 1215 393 jumentum
1240 357 1249 382 :
1273 339 1457 385 fundum

90 399 246 460 quaeris
264 397 383 442 unde
397 412 530 453 emaS,
552 408 595 443 et
611 402 768 460 quaeris
789 403 906 462 apud
922 413 978 448 te.
1002 405 1043 448 Si
1058 406 1121 449 vis
1140 416 1281 451 autem
1303 410 1460 454 habere

89 468 366 524 charitatem,
386 483 534 528 quaere
558 477 600 512 te
615 504 625 524 ,
651 480 693 514 et
713 471 857 516 inveni
880 482 937 518 te.
959 473 1075 527 Quid
1090 476 1203 519 enim
1221 477 1342 522 times
1359 479 1460 524 dare

89 549 132 584 te
148 575 159 594 ,
184 554 240 583 ne
261 554 488 583 consumas
499 540 567 583 te?
588 542 681 585 Imo
702 543 736 585 si
758 551 800 586 te
814 559 903 588 non
923 544 1108 599 dederis,
1133 546 1272 604 perdis
1289 557 1343 591 te.
1368 552 1461 607 Ipsa

87 610 272 654 charitas
295 625 373 669 per
414 609 678 668 Sapientiam
718 612 934 672 loquitur,
959 624 1002 659 et
1031 615 1137 660 dicit
1174 616 1251 659 tibi
1275 617 1458 676 aliquid,

87 679 206 725 unde
226 696 316 725 non
338 695 593 739 expavescas
622 681 743 740 quod
765 683 927 729 dictum
964 694 1027 730 est
1054 689 1145 730 :Da
1168 695 1208 730 te
1240 686 1394 744 ipsum.
1423 690 1462 732 Si

86 751 182 811 quis
204 751 321 794 enim
342 750 473 794 vellet
499 750 580 794 tibi
610 751 797 796 fundum
826 755 1032 810 vendere,
1067 756 1229 800 diceret
1262 757 1365 810 tihi,
1403 760 1463 801 Da

84 821 191 864 mihi
212 835 368 865 aurum
386 829 514 863 tuum
534 839 543 864 ε
562 829 604 864 et
622 822 654 865 si
677 823 772 882 quis
795 822 909 868 aliud
931 824 1110 884 aliquid,
1126 829 1185 869 Da
1209 826 1313 868 mihi
1335 842 1463 869 num-

84 906 206 935 mum
223 900 348 934 tuum
361 925 372 945 ,
387 890 442 934 da
465 890 570 934 mihi
588 901 816 951 argentum
833 903 972 938 tuum.
997 894 1111 939 Audi
1129 896 1235 955 quid
1255 896 1331 939 tibi
1350 895 1462 940 dicat

83 977 135 1005 ex
154 976 228 1006 ore
251 961 481 1021 Sapientiae
504 961 689 1006 charitas
711 982 719 1007 :
749 983 769 1003 «
796 967 855 1006 Da
880 964 1008 1018 mihi,
1030 965 1133 1018 Fili,
1155 980 1228 1009 cor
1249 969 1412 1009 tuum¹.
1440 984 1458 1005 »

83 1035 145 1076 Da
167 1032 290 1087 mihi,
307 1032 452 1092 inquit
471 1051 479 1076 :
496 1032 632 1092 quid?
651 1032 754 1087 Fili,
778 1048 852 1076 cor
871 1042 1010 1076 tuum.
1031 1034 1144 1077 Male
1166 1044 1271 1089 erat,
1288 1035 1463 1094 quando

83 1119 107 1146 a
128 1111 170 1145 te
190 1111 310 1157 erat,
338 1101 516 1162 quando
552 1102 631 1146 tibi
666 1111 754 1146 erat
779 1122 788 1146 ι
814 1118 890 1161 per
921 1119 1056 1162 nugas
1078 1104 1193 1147 enim
1224 1113 1266 1147 et
1301 1119 1463 1147 amores

81 1172 261 1217 lascivos
277 1173 627 1232 perniciososque
648 1172 902 1216 trahebaris.
929 1173 1047 1218 Tolle
1062 1174 1176 1218 inde.
1200 1175 1278 1218 [bi
1304 1174 1463 1218 trahis?

82 1243 160 1286 ubi
176 1243 332 1302 ponis?
349 1246 411 1287 Da
435 1243 566 1297 mihi,
590 1243 760 1302 inquit,
796 1252 870 1287 coi·
893 1252 1031 1287 tuum.
1060 1244 1122 1288 Sit
1143 1244 1270 1297 mihi,
1301 1253 1344 1287 et
1375 1259 1461 1287 non

81 1313 194 1372 perit
208 1313 302 1356 tibi.
325 1312 435 1357 Vide
448 1314 580 1368 enim,
596 1313 630 1357 si
647 1312 811 1372 aliquid
829 1313 966 1357 voluit
979 1313 1193 1356 dimittere
1210 1314 1253 1356 in
1272 1323 1327 1367 te,
1345 1314 1462 1356 unde

83 1399 199 1429 ames
213 1384 282 1428 vel
301 1393 359 1440 te,
374 1400 464 1444 quo
480 1384 561 1428 tibi
579 1383 682 1428 dicit
703 1403 711 1427 :
731 1402 752 1426 «
770 1383 929 1443 Diliges
943 1385 1172 1428 Dominum
1189 1386 1321 1427 Deum
1338 1394 1459 1427 tuum

13 1505 20 1516 ,
86 1472 107 1495 »
141 1469 192 1497 ex
208 1462 302 1498 toto
314 1454 445 1498 corde
461 1463 555 1508 tuo,
574 1463 617 1497 et
637 1469 690 1497 ex
711 1463 803 1498 tota
821 1455 960 1498 anima
981 1463 1070 1509 tua,
1086 1463 1194 1498 etex
1211 1464 1299 1498 tota
1319 1464 1460 1499 mente

86 1544 106 1566 »
140 1534 215 1569 tua
228 1529 261 1569 ².
292 1544 312 1567 »
350 1525 467 1578 Quid
489 1534 682 1569 remanet
715 1524 770 1569 de
800 1526 930 1570 corde
959 1535 1055 1580 tuo,
1094 1525 1210 1569 unde
1236 1525 1385 1583 diligas
1421 1535 1460 1568 [e

82 1596 255 1654 ipsum?
276 1595 385 1656 quid
405 1595 460 1639 de
481 1597 623 1640 anima
645 1597 752 1640 tua?
772 1595 879 1655 quid
901 1596 955 1639 de
976 1605 1119 1640 mente
1142 1597 1244 1639 tua?
1265 1598 1327 1639 Ex
1350 1605 1455 1647 toto,

19 1696 21 1698 -
84 1665 244 1724 inquit.
276 1671 432 1710 Totum
456 1666 589 1724 exigit
608 1675 664 1720 te,
689 1666 764 1725 qui
786 1665 957 1710 fecitte.
988 1665 1069 1710 Sed
1093 1665 1179 1709 noli
1203 1666 1330 1710 tristis
1352 1681 1454 1712 esse,

82 1736 205 1794 quasi
218 1735 329 1780 nihil
342 1736 459 1780 unde
469 1735 657 1795 gaudeas
671 1745 890 1780 remaneat
900 1737 944 1779 in
960 1745 1014 1780 te.
1033 1756 1051 1776 «
1066 1739 1254 1780 Laetetur
1269 1735 1394 1779 Israel
1412 1755 1419 1780 :
1437 1754 1454 1774 n

11 1810 18 1817 '⁸
82 1821 172 1850 non
189 1806 234 1849 in
256 1821 323 1861 se,
347 1805 423 1850 sed
450 1825 468 1847 «
494 1806 539 1849 in
561 1821 613 1850 eo
630 1807 705 1866 qui
722 1805 826 1850 fecit
847 1822 961 1850 eum.
989 1825 1007 1846 »

140 1879 262 1920 VIII.
299 1875 619 1936 Respondebis,
652 1886 695 1920 et
715 1877 831 1920 dices
858 1896 865 1921 :
898 1878 939 1921 Si
969 1877 1077 1920 nihil
1106 1877 1208 1920 mihi
1233 1877 1455 1926 remansit,

18 1953 21 1955 ’
82 1945 200 1990 unde
222 1945 397 2004 diligam
422 1962 515 2003 me,
540 1946 640 2006 quia
668 1961 718 1989 ex
742 1956 834 1990 toto
856 1946 986 1990 corde
1002 1982 1013 2000 ,
1044 1956 1086 1990 et
1109 1961 1158 1989 cx
1187 1955 1271 1989 tota
1291 1947 1427 1988 anima
1443 1982 1452 1994 ,

81 2026 124 2061 et
145 2032 195 2060 ex
217 2025 308 2061 tota
329 2026 475 2060 mente
495 2017 655 2076 jubeor
678 2016 856 2075 diligere
879 2033 978 2061 cum
1003 2016 1076 2076 qui
1110 2016 1208 2060 fecit
1231 2031 1321 2071 mc,
1347 2032 1455 2074 quo-

82 2087 213 2132 modo
236 2087 428 2132 secundo
462 2097 681 2147 praecepto
706 2088 863 2147 jubeor
891 2087 1067 2145 diligere
1090 2087 1327 2146 proximum
1361 2097 1454 2129 tan-

79 2173 210 2219 quam
230 2159 330 2201 mei’
352 2160 443 2202 Hoc
466 2168 528 2202 cst
551 2158 684 2216 magis
707 2158 824 2202 unde
843 2158 973 2202 debes
992 2173 1040 2201 cx
1060 2167 1149 2201 toto
1170 2156 1296 2200 conlo
1315 2192 1324 2209 ,
1347 2167 1387 2200 ct
1405 2174 1453 2199 cx

79 2238 171 2274 tota
191 2229 335 2274 anima
350 2263 361 2283 ‚
387 2237 495 2273 etex
514 2238 603 2273 tota
627 2238 772 2273 mente
795 2229 1002 2288 proximo.
1027 2227 1284 2281 Quomodo?
1302 2227 1453 2284 Diligvs

77 2301 323 2360 proximum
359 2308 484 2343 tuum
515 2307 724 2358 tanquam
755 2308 797 2342 te
824 2299 978 2358 ipsum.
1008 2302 1139 2342 D‹·uni
1161 2315 1209 2340 cx
1235 2305 1324 2340 toto
1345 2313 1414 2340 mc
1442 2317 1448 2340 ;

77 2371 320 2431 proximum
343 2371 454 2414 sicui
476 2385 560 2414 mc.
587 2369 708 2414 [Tndc
728 2385 797 2414 me
812 2406 822 2424 ,
850 2370 964 2414 unde
982 2379 1022 2413 te
1037 2371 1055 2413 Ρ
1072 2369 1144 2412 Vis
1166 2368 1313 2411 audii-‹-
1340 2369 1451 2410 und·¹

77 2441 226 2500 diligas
247 2443 315 2486 te?
337 2444 399 2485 Ex
422 2442 504 2485 hoc
526 2440 664 2497 diligis
687 2450 749 2495 te,
773 2442 872 2500 quia
895 2444 1028 2484 Deum
1047 2439 1188 2497 diligis
1211 2454 1258 2482 ex
1285 2448 1372 2482 toto
1394 2448 1446 2482 tv.

76 2516 206 2556 Putas
231 2512 346 2555 enim
384 2515 470 2555 Deo
509 2513 735 2570 molitam),
770 2511 886 2572 quod
923 2510 1061 2565 diligis
1099 2513 1228 2552 tivum
1245 2515 1261 2548 ’ἔ
1286 2519 1322 2551 vt
1349 2509 1446 2567 quii

125 2602 131 2617 ¹
153 2598 243 2627 prov.
268 2607 358 2633 xxiii,
377 2598 430 2627 ’),(ἰ.
453 2614 490 2618 —
510 2603 519 2617 ²
543 2596 658 2626 Nihili.
683 2607 753 2630 xxii.
778 2598 812 2636 ’ἰῇ
