1924 3309
472 338 553 376 308
903 351 935 376 s.
973 347 1199 377 Anat-smmi
1234 349 1413 376 Erlscom

467 412 631 457 malum
665 412 797 457 tolera
822 422 864 457 et
886 413 990 457 foris
1012 422 1055 457 et
1076 414 1207 456 intus.
1250 413 1371 458 Foris
1395 413 1527 458 tolera
1566 413 1814 458 haereticum
1834 449 1845 469 ,

464 484 599 528 tolera
620 499 838 543 paganum
854 519 864 539 ,
895 483 1030 529 tolera
1053 482 1258 528 Judaeum
1278 504 1289 542 3
1322 483 1456 529 tolera
1479 493 1522 528 et
1543 485 1660 529 intus
1682 485 1848 529 malum

461 553 770 599 Christianum.
804 555 915 608 Quia
944 553 1107 597 inimici
1130 553 1317 597 hominis
1339 552 1561 598 domestici
1584 555 1715 614 ejus1.
1764 557 1848 598 Pa-

464 624 570 668 tiens
590 624 794 668 molestos
815 623 976 667 multos
997 623 1113 666 intus
1126 622 1262 667 malos
1279 624 1576 678 stomacharis,
1590 623 1845 682 indignaris,

460 695 581 754 quasi
599 696 689 755 jam
710 695 879 739 venerit
901 703 1072 753 tempus
1094 693 1404 739 ventilationis.
1438 697 1489 737 In
1511 694 1661 738 tritura
1682 695 1848 754 positus

459 780 518 820 es,
560 765 605 808 in
628 765 781 809 tritura
815 780 858 808 es
894 763 1063 820 adhuc,
1103 779 1200 808 area
1241 764 1468 809 trituratur
1505 764 1648 809 adhuc
1669 785 1679 821 3
1705 764 1848 809 adhuc

459 851 590 894 grana
616 845 659 879 et
687 834 922 894 manipuli,
960 850 1061 878 cum
1084 843 1230 893 gentes
1252 833 1459 890 credunt,
1485 833 1540 878 ad
1563 850 1704 879 aream
1723 834 1848 880 colli-

458 915 634 963 guntur.
663 909 794 950 Putas
817 921 906 950 esse
926 914 965 949 te
980 920 1104 965 posse
1124 906 1170 949 in
1188 920 1285 949 area
1302 904 1494 950 triticum
1512 904 1680 950 solum?
1699 908 1843 950 Erras.

458 978 591 1020 Geme
610 977 656 1019 in
676 992 772 1020 area
791 1011 801 1030 ,
836 985 885 1020 ut
907 975 1094 1034 gaudeas
1112 976 1158 1019 in
1174 977 1347 1020 horreo.
1375 976 1510 1020 Fiunt
1530 974 1668 1020 multa
1690 976 1800 1020 mala
1823 992 1847 1020 a

457 1047 710 1091 Christianis
728 1047 849 1090 malis
875 1066 883 1090 z
911 1046 972 1090 illi
990 1048 1062 1106 qui
1081 1047 1183 1091 loris
1200 1057 1317 1102 sunt,
1346 1055 1389 1091 et
1406 1046 1566 1091 nolunt
1587 1061 1675 1091 esse
1697 1046 1846 1091 Chris-

457 1118 578 1172 tiani,
604 1118 834 1162 inveniunt
856 1119 1101 1163 occasiones
1124 1117 1179 1163 ad
1197 1118 1506 1163 excusationes.
1534 1118 1755 1162 Hortatori
1769 1133 1848 1163 suo

455 1197 504 1232 ut
520 1189 668 1233 credat
683 1224 694 1244 ,
714 1190 791 1233 ista
812 1188 1046 1249 respondet
1069 1209 1076 1233 :
1101 1191 1175 1234 Vis
1190 1206 1260 1234 me
1279 1205 1367 1234 esse
1384 1189 1505 1249 quod
1526 1188 1672 1234 estille
1685 1198 1728 1233 et
1749 1189 1848 1233 ille?

455 1262 511 1302 Et
549 1259 746 1303 nominat
780 1258 905 1303 illum
943 1269 986 1303 et
1019 1259 1144 1304 illum
1168 1279 1176 1304 :
1204 1259 1442 1319 aliquando
1475 1269 1516 1303 et
1547 1274 1699 1303 verum
1723 1258 1845 1304 dicit.

454 1331 567 1374 Cum
590 1339 737 1373 autem
760 1345 910 1373 verum
935 1345 1021 1374 non
1046 1339 1189 1389 potest
1209 1330 1416 1386 inveniri,
1440 1329 1547 1391 quid
1563 1345 1770 1388 magnum
1786 1339 1848 1375 est

454 1399 737 1443 calumniari?
761 1402 871 1444 Cum
890 1398 964 1443 ille
986 1415 1076 1450 non
1095 1400 1284 1460 trepidat
1298 1399 1575 1455 calumniari,
1594 1399 1697 1445 facit
1714 1400 1846 1445 alium

453 1469 574 1528 quod
600 1485 687 1514 non
712 1469 831 1513 videt
858 1469 1080 1529 suspicari.
1110 1473 1176 1513 Tu
1200 1485 1302 1514 cum
1321 1470 1506 1514 audieris
1523 1471 1745 1514 hominem
1767 1470 1846 1515 ista

453 1539 670 1584 dicentem
686 1575 696 1595 ,
722 1540 836 1584 forte
858 1540 960 1599 quia
979 1541 1091 1585 nosti
1109 1541 1264 1585 fratres
1289 1551 1384 1586 tuos
1407 1541 1542 1585 malos
1560 1576 1570 1596 ,
1607 1541 1713 1586 dicis
1730 1541 1849 1601 apud

454 1618 496 1652 te
520 1610 662 1668 ipsum
687 1629 694 1653 :
721 1613 885 1654 Verum
903 1610 1009 1654 dicit
1035 1630 1045 1656 ;
1074 1630 1093 1652 «
1120 1611 1326 1655 Periculis
1348 1612 1394 1655 in
1417 1610 1535 1655 salsis
1553 1609 1798 1656 fratribus2.
1823 1629 1842 1652 »

457 1679 540 1724 Sed
564 1680 653 1723 noli
677 1681 878 1733 deficere,
905 1682 1024 1738 quod
1046 1681 1120 1725 ille
1143 1682 1321 1742 quaerit,
1365 1690 1415 1725 tu
1437 1690 1544 1725 esto.
1579 1683 1684 1724 Esto
1706 1681 1847 1726 bonus

454 1750 737 1803 Christianus,
765 1758 813 1792 ut
835 1748 1067 1792 convincas
1089 1748 1406 1793 calomniosum
1427 1753 1666 1807 Paganum.

516 1823 614 1864 Vll.
642 1819 726 1864 Sed
750 1819 820 1863 ille
842 1818 1148 1873 calumniatur,
1185 1828 1228 1863 et
1250 1819 1304 1863 de
1328 1819 1452 1863 bonis
1474 1820 1580 1864 dicit
1600 1819 1728 1876 falsa,
1749 1821 1846 1881 ple·-

459 1907 642 1952 rumque
661 1890 723 1935 illi
742 1889 947 1935 creditur.
967 1889 1084 1942 Quid
1098 1889 1200 1934 facit
1217 1892 1397 1934 aurum?
1416 1891 1620 1950 Undique
1633 1891 1756 1951 palea
1765 1901 1841 1948 est,

457 1965 580 2021 ignis,
605 1961 759 2007 Sordes
777 1976 906 2020 pone,
932 1975 1022 2004 non
1044 1959 1174 2004 fidem
1195 1969 1312 2005 :esto
1333 1959 1553 2015 mundior,
1579 1962 1667 2021 ipsa
1690 1963 1845 2007 exerci-

457 2035 619 2077 tatione
635 2042 725 2076 esto
745 2031 949 2075 mundior
976 2049 984 2074 :
1006 2029 1147 2074 valeat
1173 2031 1250 2074 tibi
1271 2030 1359 2085 ille,
1381 2031 1457 2089 qui
1471 2030 1640 2076 auferat
1653 2048 1741 2092 quo
1758 2048 1844 2078 sor-

456 2105 597 2149 didior
619 2120 684 2158 es,
710 2119 798 2148 non
833 2101 906 2162 qui
948 2102 1166 2160 opprimat
1201 2101 1321 2161 quod
1343 2117 1498 2145 aurum
1523 2117 1581 2146 es.
1613 2104 1788 2147 Etenim
1809 2105 1842 2148 si

455 2175 678 2227 defeceris,
703 2174 813 2232 peris
835 2173 879 2216 in
898 2171 1048 2231 palea:
1075 2180 1117 2214 et
1139 2172 1172 2215 si
1190 2172 1302 2230 peris
1329 2171 1374 2214 in
1397 2171 1536 2231 palea,
1563 2188 1717 2217 aurum
1754 2189 1842 2218 non

457 2261 563 2298 cras,
585 2244 660 2288 sed
683 2258 837 2287 aurum
862 2252 901 2286 te
919 2257 1008 2285 esse
1023 2242 1233 2299 fingebas.
1260 2243 1389 2285 Novit
1413 2243 1622 2286 Dominus
1645 2243 1721 2302 qui
1742 2252 1842 2287 sunt

455 2317 560 2374 ejus.
584 2313 651 2356 Illi
674 2322 820 2357 autem
839 2312 914 2371 qui
933 2319 1034 2355 sunt
1048 2310 1167 2364 mali,
1187 2310 1242 2354 de
1256 2311 1416 2370 quibus
1436 2311 1650 2356 erubescis
1663 2312 1840 2372 quando

456 2402 499 2430 es
522 2386 635 2429 inter
657 2384 791 2428 malos
815 2384 892 2443 qui
914 2391 1015 2427 sunt
1036 2382 1156 2436 foriS,
1187 2391 1406 2427 memento
1429 2382 1550 2442 quod
1571 2398 1659 2428 non
1692 2384 1776 2428 sint
1797 2383 1839 2427 in

455 2458 587 2501 domo
603 2470 758 2512 magna
774 2455 849 2498 ubi
865 2470 924 2508 es,
944 2469 1016 2498 vas
1034 2453 1079 2496 in
1093 2453 1320 2507 honorem,
1339 2453 1412 2497 sed
1423 2454 1467 2497 in
1485 2453 1834 2498 contumeliam³.

1895 1542 1924 1586 li

1894 1585 1924 1680 1}

1894 1691 1924 1731 Ji

1894 1757 1898 1836 ἒ

1893 1851 1917 1882 1,

1892 1891 1924 1952 ξῑ

1878 2013 1895 2034 ,ι

1915 1963 1924 2004 ἰ

1914 2046 1924 2075 Ἰ

1891 2041 1895 2103 ἒ

1889 2114 1894 2212 ᾗ
1917 2130 1922 2135 .

458 2527 666 2572 Instruxit
689 2535 730 2570 te
754 2525 1001 2584 Apostolus,
1027 2533 1145 2581 regat
1163 2533 1204 2568 te
1230 2527 1357 2567 Deus.
1403 2524 1444 2569 Si
1467 2524 1567 2568 mali
1591 2540 1681 2569 non
1702 2532 1838 2569 essent
1886 2543 1889 2548 ¹

456 2614 534 2657 pro
556 2597 716 2657 quibus
737 2610 982 2649 oraremus,
1007 2593 1185 2654 quando
1226 2593 1349 2637 nobis
1385 2594 1600 2639 diceretur
1625 2614 1633 2639 ι
1665 2613 1685 2637 «
1708 2597 1835 2639 Orate

513 2689 519 2703 ¹
541 2681 679 2714 Michaeoe
700 2692 758 2721 vu,
777 2680 809 2712 G.
834 2696 873 2702 —
901 2687 911 2702 ²
927 2687 945 2711 2
967 2679 1040 2711 Cor.
1060 2688 1104 2719 xi,
1126 2677 1181 2709 26.
1203 2694 1244 2700 —
1264 2675 1277 2700 ³
1300 2686 1319 2710 2
1336 2677 1415 2710 Tim.
1436 2688 1473 2720 ιι,
1493 2688 1546 2720 19.
