1867 3320
306 356 444 384 smum
476 358 694 396 xxx11‚1N
728 361 769 387 vs
776 363 927 389 ALMUM
960 360 1382 398 cxmi1.437

24 420 242 466 timoread
257 436 465 476 amorem,
483 431 526 465 et
540 434 690 482 melpit
704 441 848 469 amore
857 442 1095 485 Jamposse
1111 431 1228 489 quod
1242 443 1389 479 timore

22 506 111 535 non
128 499 332 550 poterat:
357 500 400 534 et
419 491 494 551 qui
516 492 791 550 tiepidabat
782 510 827 537 m
849 496 1018 550 timore,
1046 512 1131 541 non
1153 502 1354 559 trepidat
1345 520 1389 547 m

22 576 182 606 amore.
224 561 328 606 Ideo
362 562 515 606 hanc
504 577 550 604 1n
587 562 737 606 decem
774 566 1019 624 praeceptis,
1053 568 1153 625 quia
1185 570 1392 626 significat

23 630 160 675 David
180 632 403 675 hominem
423 631 499 690 qui
518 632 671 675 transit
694 631 748 675 ad
770 635 967 691 gratiam,
993 636 1215 680 cumdicit
1240 658 1248 682 2
1285 658 1305 679 «
1342 645 1392 684 In

25 719 45 743 »
79 700 283 760 psalterio
304 701 454 746 decem
476 701 738 746 chordarum
761 703 938 762 psallam
962 706 1078 761 tibi1,
1093 708 1210 766 »jam
1223 718 1393 754 cantare

22 771 65 814 in
85 773 335 830 praeceptis,
360 772 443 815 hoc
462 780 526 815 est
544 771 737 815 hilariter
758 783 971 833 praecepta
996 776 1226 834 complere.

81 843 158 884 IX.
182 844 239 885 Et
261 850 310 885 ut
341 841 559 896 noveritis,
597 842 763 897 fratres,
796 845 898 902 quia
930 846 1061 902 gratia
1098 847 1179 890 hoc
1214 847 1391 906 implet,

21 913 174 956 nemo2
196 911 328 956 debet
359 911 413 955 de
444 912 608 955 viribus
639 913 723 956 suis
752 928 1037 972 praesumere:
1067 917 1146 960 hoc
1177 928 1240 961 est
1277 919 1388 964 enim

20 996 279 1040 praesumere
296 980 350 1024 de
373 981 507 1039 gratia
530 982 619 1024 Dei.
642 984 778 1025 Vocat
801 984 914 1025 enim
929 993 970 1026 te
997 987 1121 1039 Deus,
1142 995 1184 1029 et
1202 986 1327 1044 jubet
1345 997 1394 1031 ut

20 1048 149 1094 facias
172 1070 180 1094 ;
205 1050 280 1094 sed
301 1050 391 1109 ipse
413 1050 488 1093 dat
507 1050 618 1093 vires
634 1085 644 1105 ,
671 1060 720 1093 ut
741 1051 860 1110 quod
872 1052 1000 1110 jubet
1016 1087 1025 1105 ‚
1053 1053 1221 1111 impleri
1245 1057 1389 1113 possit.

21 1120 114 1164 Tibi
142 1130 290 1164 autem
328 1136 461 1179 capax
496 1121 603 1164 fides
636 1120 881 1164 adhibenda
913 1132 990 1176 est,
1032 1132 1080 1166 ut
1115 1124 1395 1170 inundatione

19 1190 165 1248 gratiae
187 1191 388 1234 humilies
412 1200 470 1245 te,
496 1191 711 1250 supplices
732 1194 836 1246 Deo,
862 1192 969 1235 nihil
991 1192 1045 1237 de
1068 1203 1107 1237 te
1124 1210 1391 1253 praesumas·

18 1261 173 1320 spolies
196 1271 238 1306 te
260 1261 399 1312 Golia
426 1261 579 1305 induas
609 1262 761 1305 David.
801 1263 868 1306 Ad
902 1264 983 1308 hoc
1007 1266 1188 1322 pertinet
1211 1266 1358 1325 quod
1349 1283 1394 1310 1n

18 1331 172 1375 eodem
196 1330 367 1375 Psalmo
394 1330 569 1386 dicitur,
605 1331 752 1390 quod
737 1346 826 1390 Jam
850 1347 1182 1377 commemorare
1204 1351 1394 1394 crepera-

18 1418 129 1458 mus,
164 1422 182 1443 «
215 1402 333 1456 Quid
365 1413 427 1447 est
461 1404 618 1447 homo³
660 1421 679 1443 n
723 1405 814 1446 Hoc
846 1404 961 1447 enim
993 1415 1152 1460 monet,
1189 1422 1241 1449 ne
1275 1407 1327 1450 de
1350 1422 1393 1450 se

16 1484 246 1533 praesumat
267 1474 414 1518 homo.
441 1476 550 1518 Nam
573 1472 716 1517 videte
737 1473 958 1532 quomodo
985 1475 1173 1518 incantat
1195 1476 1395 1521 adversus

17 1544 201 1598 Goliam,
226 1545 301 1604 qui
324 1543 378 1587 de
395 1559 439 1588 se
451 1545 745 1603 praesumebat
770 1565 780 1600 3
806 1554 848 1588 et
867 1545 1141 1590 commendat
1164 1547 1223 1590 ibi
1247 1548 1391 1601 David,

15 1614 90 1674 qui
126 1614 322 1657 infirmus
364 1614 408 1657 in
445 1613 697 1658 hominibus
713 1649 723 1667 ,
770 1615 814 1656 in
852 1617 940 1657 Deo
982 1615 1244 1659 firmissimus
1287 1627 1389 1659 erat.

20 1702 40 1725 «
73 1684 188 1736 Quid
214 1693 277 1727 est
305 1684 468 1727 homo?
494 1703 512 1724 »
541 1686 597 1727 Et
619 1681 723 1726 dicit
740 1683 846 1742 quid
869 1684 921 1725 sit
942 1684 1073 1727 homo
1096 1704 1103 1728 :
1133 1704 1151 1724 «
1177 1687 1392 1735 Quoniam

19 1772 37 1795 »
71 1753 296 1797 innotuisti
330 1753 383 1795 ei.
418 1771 438 1793 »
468 1755 560 1796 Hoc
590 1761 653 1796 est
681 1761 797 1796 totus
819 1753 966 1805 homo,
1005 1753 1037 1795 si
1070 1753 1307 1797 innotescat
1334 1754 1393 1797 illi

15 1825 127 1868 Deus
154 1843 162 1867 :
188 1823 222 1867 si
244 1832 388 1866 autem
412 1838 501 1866 non
523 1822 585 1866 illi
606 1822 849 1866 innotescat
872 1826 998 1875 Deus,
1035 1822 1143 1865 nihil
1161 1832 1222 1865 est
1244 1824 1388 1867 homo.

13 1892 129 1944 Quid
151 1902 214 1936 est
235 1893 368 1936 homo
383 1927 393 1946 ‚
420 1893 490 1936 cui
521 1906 610 1935 non
632 1892 822 1935 innotuit
845 1893 982 1934 Deus?
1009 1910 1027 1932 «
1057 1894 1194 1935 Homo
1217 1894 1391 1936 vanitati

16 1979 38 2005 n
71 1962 327 2007 assimilatus
359 1970 446 2016 est,
481 1961 570 2004 dies
600 1962 690 2020 ejus
712 1960 831 2004 velut
867 1961 1019 2005 umbra
1039 1965 1342 2020 praetereunt⁴.
1368 1981 1386 2002 »

14 2033 144 2090 Ergo,
174 2050 193 2073 «
214 2030 329 2084 Quid
367 2040 430 2074 est
459 2031 615 2084 homo,
642 2030 849 2089 quoniam
872 2031 1098 2073 innotuisti
1121 2031 1157 2073 ei
1184 2049 1192 2074 ;
1217 2041 1257 2072 et
1278 2030 1387 2074 tilius

16 2117 37 2144 »
70 2102 270 2155 hominis,
297 2100 505 2160 quoniam
526 2099 710 2143 aestimas
726 2101 852 2142 eum?
879 2118 897 2139 »
924 2100 1039 2152 Quid
1055 2109 1132 2153 est,
1162 2119 1179 2139 «
1206 2100 1385 2142 aestimas

0 2189 36 2214 ι»
70 2174 195 2216 eum?
229 2190 249 2212 »
285 2171 454 2214 Placuit
494 2170 571 2214 tibi
610 2169 766 2228 eligere
798 2169 936 2224 illum,
973 2180 1014 2213 et
1043 2170 1300 2213 constituere
1343 2170 1385 2212 in

0 2241 157 2301 'aliquo
179 2240 398 2300 superiore
435 2249 479 2284 et
512 2240 797 2284 eminentiore
818 2239 911 2284 loco
938 2259 945 2283 :
984 2239 1278 2283 misericordiae
1301 2248 1385 2282 tuse

14 2320 90 2366 est,
115 2327 204 2356 non
229 2311 482 2355 meritorum
505 2310 655 2369 ipsius.

68 2385 126 2426 X.
152 2384 309 2434 Quaere
330 2381 437 2441 quid
458 2382 510 2425 sit
533 2380 719 2425 hominis
744 2379 963 2438 proprium
982 2413 991 2431 ‚
1019 2387 1239 2436 peccatum
1267 2379 1383 2421 inve-

42 2452 111 2496 'es.
137 2455 293 2505 Quaere
308 2452 415 2512 quid
438 2452 490 2496 sit
512 2451 697 2496 hominis
714 2450 951 2509 proprium,
973 2447 1245 2491 mendacium
1270 2449 1380 2490 inve-

15 2521 118 2566 nies.
133 2520 252 2565 Tolle
269 2529 511 2580 peccatum,
528 2529 570 2564 et
583 2519 796 2579 quidquid
807 2517 1136 2562 consideraveris
1155 2517 1381 2559 innomine

51 2592 87 2635 ei
102 2600 180 2636 est.
198 2594 296 2636 Non
312 2606 414 2649 ergo
432 2600 547 2635 amet
568 2591 700 2634 homo
722 2589 837 2648 quod
879 2588 1095 2646 proprium
1135 2595 1209 2628 cst.
1246 2586 1379 2628 litiani

4 2683 6 2695 *
62 2683 68 2698 ¹
90 2676 166 2708 psal.
187 2687 292 2717 cxliiii,
311 2689 342 2716 ς).
369 2693 407 2698 ——-
429 2683 440 2698 ²
459 2678 561 2706 Fui-ti·
579 2679 608 2705 vl
630 2686 733 2705 lwlno.
758 2691 794 2695 --
817 2674 826 2694 ³
848 2674 924 2703 l’sal.
944 2683 1046 2707 cuni,
1068 2672 1092 2700 ἶ.
1114 2687 1152 2694 -—
1173 2670 1187 2697 ⁴³·
1206 2671 1248 2699 lbi
1264 2672 1280 2698 Ι.
1302 2670 1332 2707 4.
