1924 3309
413 269 496 308 460
814 280 848 309 s.
884 281 967 309 AUG
975 284 1115 310 us'rmi
1147 283 1327 311 EPISCOPI

412 344 543 389 modo
564 345 697 403 igitur
717 346 856 390 malus
869 346 984 391 solus
1004 347 1173 391 hauriet
1195 347 1324 403 mala,
1349 363 1447 392 cum
1464 347 1660 392 similiter
1680 363 1794 407 aegro

412 415 609 459 membro
632 417 954 475 compatiantur
975 426 1018 460 et
1037 419 1218 460 caetera?

469 489 527 530 II.
566 489 670 530 Haec
697 487 879 547 proinde
899 487 1081 547 quaestio
1115 487 1196 531 nisi
1226 487 1357 532 fuerit
1379 489 1544 545 soluta,
1580 490 1790 534 turbabit.

411 556 596 601 Domino
619 566 765 602 autem
785 557 1017 618 adjuvante
1034 557 1226 601 solvetur
1242 592 1253 613 ,
1279 558 1313 601 si
1333 558 1534 618 primitus
1552 560 1660 604 illud
1683 561 1794 605 veri-

412 636 502 671 tate
532 629 766 672 certissima
791 628 1044 682 definitum,
1069 629 1206 672 fixum
1232 637 1364 689 atque
1392 629 1620 674 immobile
1643 639 1793 675 tenea-

409 712 529 752 mus,
555 713 635 742 nec
655 699 822 743 bonum
857 713 1125 758 quemquam
1158 699 1276 743 bono
1308 698 1504 754 alterius,
1528 714 1608 744 nec
1630 699 1794 744 malum

410 768 525 813 malo
547 768 723 812 alterius
738 783 827 812 esse
841 783 980 828 posse.
1001 769 1114 813 Hinc
1130 769 1247 813 enim
1261 769 1320 812 ait
1341 769 1574 829 Apostolus
1592 788 1601 814 :
1621 788 1641 812 «
1657 773 1797 815 Unus-

412 856 432 879 »
469 838 654 898 quisque
678 847 874 882 nostrum
904 839 1130 898 proprium
1157 854 1268 884 onus
1289 840 1518 899 portabit¹.
1547 858 1568 881 »
1593 843 1651 884 Et
1673 840 1794 895 alibi,

411 926 431 949 »
470 909 609 967 Igitur
630 909 931 970 unusquisque
953 918 1151 954 nostrum
1164 924 1243 969 pro
1265 925 1309 954 se
1331 911 1542 955 rationem
1563 909 1750 955 reddet2.
1773 929 1794 952 n

410 982 467 1023 Et
492 980 676 1025 iterum:
707 999 728 1022 «
756 981 876 1040 Opus
901 989 1046 1025 autem
1075 996 1204 1025 suum
1224 981 1382 1041 probet
1402 982 1705 1041 unusquisque
1725 999 1736 1026 :
1755 990 1799 1025 et

411 1069 432 1092 »
471 1060 574 1095 tunc
591 1052 637 1095 in
659 1052 890 1111 semetipso
922 1061 1094 1097 tantum
1118 1052 1300 1111 gloriam
1321 1053 1529 1108 habebit,
1563 1062 1606 1097 et
1634 1068 1724 1097 non
1752 1053 1796 1096 in

411 1141 432 1164 »
468 1122 638 1167 altero3.
655 1126 782 1168 »Hoc
798 1124 926 1168 etiam
944 1140 1021 1183 per
1038 1125 1300 1183 Prophetam
1314 1124 1589 1168 Ezechielem
1603 1124 1764 1168 dicitur
1785 1143 1793 1168 :

412 1212 433 1235 «
468 1193 623 1237 Anima
645 1194 778 1252 patris
800 1209 895 1238 mea
919 1204 998 1249 est,
1020 1195 1164 1238 anima
1188 1195 1288 1238 Filii
1309 1210 1404 1238 mea
1426 1203 1513 1251 est3
1533 1195 1676 1238 anima
1698 1210 1798 1254 quae

412 1282 432 1304 »
467 1265 734 1322 peccaverit,
770 1265 862 1323 ipsa
889 1265 1134 1309 morietur⁴.
1171 1283 1191 1306 »
1226 1268 1383 1309 Totum
1411 1265 1535 1308 illum
1563 1267 1709 1309 locum
1739 1266 1798 1309 sic

408 1334 607 1393 explicat,
639 1344 689 1378 ut
711 1334 911 1379 ostendat
933 1351 1014 1379 nec
1036 1336 1162 1379 bonis
1186 1344 1416 1394 parentum
1449 1335 1666 1380 sublevari
1687 1335 1798 1380 filios

408 1405 563 1459 malos,
596 1421 677 1449 nec
698 1405 819 1449 malis
853 1406 1039 1465 opprimi
1072 1406 1225 1450 bonos.
1265 1408 1360 1458 Qua
1393 1405 1663 1451 veracissima
1698 1421 1794 1449 sen-

412 1476 543 1519 tentia
568 1476 1041 1535 propternosmetipsos
1066 1477 1263 1535 primitus
1295 1491 1344 1520 ac
1366 1476 1609 1520 firmissime
1631 1477 1795 1520 consti-

410 1556 518 1602 tuta,
544 1557 673 1591 restat
705 1547 915 1606 inspicere
943 1547 1051 1607 quid
1080 1547 1171 1592 aliis
1192 1547 1493 1607 impertiamur
1516 1547 1669 1605 officii3
1695 1546 1795 1591 dili-

409 1618 656 1676 gentissime
685 1618 1000 1677 distinguentes
1036 1633 1168 1677 quem
1191 1627 1351 1662 nostrae
1373 1618 1519 1662 salutis
1543 1626 1796 1677 appetamus

409 1687 631 1742 affectum,
658 1702 788 1747 quem
812 1688 1015 1746 proximis
1048 1687 1280 1732 reddamus
1315 1688 1538 1732 affectum.
1580 1687 1621 1732 Si
1655 1687 1796 1731 bonus

408 1773 468 1813 es,
488 1773 577 1802 non
594 1756 771 1817 quidem
794 1758 968 1801 alterius
991 1757 1128 1813 bono,
1150 1757 1225 1801 sed
1248 1767 1324 1801 tuo
1346 1759 1488 1801 bonus
1511 1772 1554 1801 es
1583 1777 1591 1802 :
1615 1772 1795 1801 verum-

408 1838 555 1872 tamen
572 1843 623 1871 eo
640 1828 731 1886 ipso
752 1837 825 1871 tuo
840 1828 956 1871 bono
974 1843 1063 1887 quo
1082 1829 1223 1872 bonus
1236 1843 1295 1882 es,
1314 1829 1444 1872 etiam
1464 1828 1582 1872 bono
1599 1827 1791 1883 alterius,

407 1914 497 1942 non
517 1907 713 1942 mutuata
743 1898 961 1951 bonitate,
985 1896 1060 1940 sed
1086 1907 1240 1941 mutua
1266 1896 1500 1941 dilectione
1525 1898 1790 1956 congaudes.

409 1971 519 2012 Item
551 1969 584 2011 si
607 1967 746 2010 malus
769 1982 837 2021 es,
874 1982 963 2010 uon
988 1966 1128 2010 malus
1157 1982 1201 2011 es
1234 1967 1351 2011 malo
1385 1967 1555 2022 alieno,
1586 1968 1661 2012 sed
1690 1977 1790 2013 tuo:

407 2037 558 2082 eodem
582 2052 761 2098 quoque
793 2046 866 2080 [uo
891 2035 1007 2080 malo
1035 2052 1121 2081 non
1152 2037 1294 2096 diligis
1318 2037 1563 2096 proximum
1584 2046 1793 2098 tanquam

410 2118 449 2151 te
466 2108 606 2167 ipsum
632 2127 640 2152 :
661 2123 804 2167 neque
827 2107 942 2150 enim
961 2106 1099 2164 diligis
1121 2107 1189 2151 vel
1210 2116 1252 2151 te
1274 2108 1431 2166 ipsum.
1458 2107 1607 2167 Diligis
1630 2108 1793 2168 quippe

407 2180 677 2239 iniquitatem
703 2178 956 2222 acerrimam
976 2177 1211 2233 inimicam„
1232 2194 1322 2222 non
1338 2179 1419 2222 tibi
1441 2179 1705 2224 extrinsecus
1721 2180 1794 2224 ad-

408 2258 593 2304 motam,
620 2249 694 2292 sed
724 2249 800 2292 abs
822 2257 866 2291 te
898 2248 978 2294 tibi
999 2248 1259 2292 intrinsecus
1284 2247 1439 2292 iactam
1460 2268 1467 2293 ε
1493 2265 1592 2309 quae
1615 2258 1665 2293 ut
1683 2250 1792 2295 faci-

407 2321 490 2364 lius
512 2321 726 2375 vincatte‚
747 2320 866 2364 faves
879 2319 917 2362 ei
939 2329 1093 2364 contra
1110 2329 1167 2363 te.
1192 2323 1256 2363 Ita
1278 2319 1398 2380 quod
1423 2330 1463 2364 te
1486 2320 1626 2364 oderis
1645 2330 1792 2381 aperte

408 2391 692 2445 convinceris,
708 2406 912 2435 cumeani
927 2391 1085 2450 diligis,
1098 2408 1119 2435 a
1133 2408 1218 2451 qua
1231 2392 1413 2451 turpiter
1428 2392 1623 2436 vinceris,
1639 2395 1792 2452 Neque

408 2463 523 2505 enim
542 2461 739 2506 divinum
765 2461 990 2521 eloquium
1013 2460 1228 2517 falsetur5,
1250 2478 1340 2522 quo
1358 2461 1523 2507 dictum
1537 2471 1602 2506 est
1623 2483 1631 2507 :
1665 2481 1684 2504 «
1705 2465 1790 2516 Qui

455 2566 465 2583 ¹
489 2559 558 2591 Gal.
580 2571 628 2601 v1‚
646 2559 677 2590 5.
698 2577 739 2581 —-
763 2566 775 2582 ²
790 2561 880 2591 Rom.
907 2570 973 2597 xiv,
997 2568 1047 2594 12.
1065 2576 1106 2583 -
1126 2557 1139 2584 3
1158 2559 1261 2593 Galat.
1288 2571 1330 2601 vi,
1351 2559 1383 2601 4.
1408 2577 1448 2583 -
1466 2558 1482 2590 l·
1502 2560 1618 2593 Ezech.
1638 2560 1780 2602 xv111,l1.

410 2632 450 2636 —-
468 2612 480 2636 5
497 2616 599 2645 Jffml‘lf·
618 2614 735 2645 fallitur
