1924 3309
1922 200 1924 217 i

510 269 595 309 240
949 280 983 310 5.
1019 280 1251 311 Αυι3υετιω
1283 284 1464 313 muscori
1921 249 1924 317 i

507 356 574 390 tra
594 381 605 401 ‚
630 346 732 408 quia
752 361 892 392 unum
926 351 1067 393 Deum
1088 347 1243 393 colitis.
1270 351 1364 394 Hoc
1396 350 1697 409 praesumimus
1730 350 1785 396 de
1806 354 1889 400 fide
1919 342 1923 414 f

506 417 742 473 catholica,
782 435 882 479 quae
902 419 948 463 in
984 419 1108 464 vobis
1143 428 1227 475 est,
1264 421 1366 480 quia
1390 420 1550 465 Filium
1571 422 1649 467 Dei.
1679 423 1889 482 aequalem
1920 420 1921 428 ¹

504 489 678 533 creditis
702 490 817 534 Patri
840 509 849 535 ι
875 506 955 535 nec
972 489 1017 533 in
1037 505 1198 534 vanum
1220 491 1411 550 accipitis
1434 508 1595 537 namen
1621 493 1794 538 Domini
1817 495 1889 539 Dei

503 560 658 615 vestri,
691 568 740 604 ut
763 560 922 619 putetis
957 569 1201 604 creaturam
1234 576 1324 605 esse
1360 561 1522 605 silium
1552 562 1644 606 Dei.
1679 564 1887 615 Quoniam
1915 591 1919 635 ι

502 629 642 674 omnis
677 639 874 674 creatura
896 629 1075 674 vanitati
1112 630 1304 690 subjecta
1328 641 1391 675 est
1415 652 1438 674 ·.
1464 630 1544 676 Sed
1582 632 1754 676 creditis
1793 648 1888 678 eum
1914 637 1918 699 j

501 699 715 760 aequalem
734 701 849 745 Patri
872 716 985 756 esse,
1011 703 1149 744 Deum
1167 702 1222 744 de
1241 704 1346 756 Deo,
1372 702 1568 745 Verbum
1591 701 1710 761 apud
1732 705 1882 760 Deum,
1913 712 1917 723 '

501 772 697 816 Verbum
713 775 851 816 Deum
868 807 879 827 ‚
901 787 978 831 per
1000 772 1121 832 quod
1145 771 1257 816 facta
1279 782 1381 817 sunt
1398 773 1561 828 omnia,
1577 772 1727 817 lumen
1744 772 1798 817 de
1817 773 1885 818 lu-

500 843 643 898 mine,
675 852 942 888 coaeternum
969 843 1032 887 illi
1073 844 1149 904 qui
1179 844 1349 903 genuit,
1385 860 1525 888 unum
1560 860 1661 889 cum
1697 844 1773 889 illo
1814 845 1914 905 qui1

499 914 647 970 genuit
665 933 673 958 :
691 923 734 958 et
748 915 832 959 hoc
844 914 1041 958 Verbum
1058 913 1232 959 creditis
1255 915 1529 974 assumpsisse
1552 924 1813 970 creaturam,
1833 915 1884 960 de
1910 919 1913 941 '

497 985 664 1044 virgine
688 986 823 1030 Maria
848 986 1122 1045 assumpsisse
1139 986 1449 1030 mortalitatem
1465 1021 1476 1041 ‚
1503 995 1546 1030 et
1564 1001 1733 1046 passum
1758 984 1885 1031 fuisse
1907 979 1912 1033 i

499 1070 578 1114 pro
600 1057 753 1114 nobis3
774 1072 823 1100 ea
840 1056 1055 1116 legimus,
1077 1066 1119 1101 et
1137 1057 1383 1112 credimus,
1409 1066 1459 1100 ut
1480 1057 1712 1101 salvemur.
1733 1056 1852 1102 Nec
1841 1073 1883 1102 m
1908 1054 1909 1058 ¹

496 1142 548 1170 eo
582 1127 837 1172 immoratus
865 1143 984 1182 sum,
1025 1137 1075 1172 ut
1096 1127 1315 1188 quidquid
1337 1127 1498 1183 facitis,
1523 1144 1602 1187 pio
1635 1143 1709 1187 spe
1740 1128 1883 1172 futura

495 1195 677 1241 faciatis
705 1199 815 1243 Novi
837 1198 953 1242 enim
976 1199 1172 1242 omnium
1191 1199 1535 1243 Christianorum
1553 1208 1719 1242 mentes
1738 1198 1793 1242 de
1810 1208 1907 1254 see-2¹

495 1267 594 1312 culo
614 1267 764 1312 suturo
781 1269 985 1329 cogitare
1013 1270 1097 1322 Qui
1115 1269 1231 1313 enim
1255 1285 1344 1314 non
1366 1269 1421 1314 de
1455 1268 1606 1313 futuro
1628 1269 1787 1314 saeculo
1809 1285 1880 1314 co·
1901 1241 1907 1345 ἔ

495 1339 603 1397 gitat
629 1375 637 1393 ‚
677 1355 758 1384 nec
785 1349 1016 1399 propterea
1047 1340 1372 1385 Christistianus
1407 1349 1497 1396 est,
1535 1350 1585 1384 ut
1623 1340 1669 1384 id
1697 1341 1818 1400 quod
1838 1341 1904 1404 ini·

493 1409 580 1453 fine
603 1413 717 1454 Deus
756 1410 999 1469 promittit,
1025 1411 1228 1469 accipiat,
1268 1411 1468 1456 nondum
1501 1412 1772 1456 Christianus
1803 1420 1875 1456 est.
1899 1405 1903 1464 l

492 1483 645 1540 Neque
664 1481 708 1525 in
723 1497 774 1526 eo
795 1483 1050 1526 immoratus
1067 1497 1162 1526 sum
1176 1517 1186 1536 ‚
1215 1482 1289 1525 ubi
1313 1482 1421 1527 dicit
1443 1498 1585 1526 sermo
1604 1482 1681 1526 Dei
1709 1501 1717 1526 :
1749 1501 1769 1523 «
1791 1484 1878 1526 Ho-
1897 1492 1901 1539 j

495 1570 516 1593 »
552 1567 657 1596 nora
678 1561 844 1610 patrem
878 1561 1026 1606 tuum,
1068 1560 1111 1595 et
1146 1560 1331 1595 matrem
1366 1554 1529 1596 tuam2.
1559 1551 1735 1596 »Multi
1770 1552 1900 1604 enimi¹

492 1622 710 1666 honorant
732 1631 960 1681 parentes,
998 1630 1042 1665 et.
1063 1637 1158 1665 raro
1180 1621 1427 1665 invenimus
1456 1631 1656 1680 parentes
1688 1636 1898 1681 conque-

491 1703 634 1739 rentes
657 1693 711 1738 de
732 1693 1012 1753 improbitate
1035 1693 1252 1747 filiorum,
1274 1693 1472 1752 quamvis
1494 1709 1584 1737 non
1606 1692 1782 1737 desint:
1807 1679 1897 1741 sedi¹

493 1774 638 1809 tamen
662 1779 794 1824 quam
818 1779 913 1807 raro
936 1764 1011 1817 fit,
1039 1771 1129 1806 tam
1154 1762 1346 1806 breviter
1376 1763 1646 1808 monendum
1670 1763 1770 1807 suit.
1795 1746 1896 1813 Neci

489 1836 536 1879 in
553 1851 604 1879 eo
633 1835 711 1878 ubi
731 1833 897 1878 dictum
931 1842 1024 1877 est:
1050 1852 1070 1873 «
1095 1835 1192 1877 Non
1214 1833 1412 1888 occides,
1441 1852 1460 1874 »
1488 1834 1708 1877 immormi
1725 1827 1894 1879 v01ni2j

489 1921 581 1950 non
598 1904 713 1949 enim
737 1902 868 1948 credo
885 1917 975 1946 esse
992 1903 1062 1946 hic
1081 1902 1252 1946 turbam
1271 1902 1607 1947 homicidarum
1640 1902 1756 1947 Illud
1777 1918 1872 1948 vero
1889 1921 1892 1952 ι

490 1976 654 2021 malum
674 1975 759 2019 late
778 1988 952 2033 serpens
971 1972 1068 2032 plus
1088 1973 1341 2031 occupavit,
1367 1973 1470 2017 etin
1492 1989 1544 2018 eo
1580 1974 1891 2051 vehementius,

488 2048 684 2091 irritatur
706 2044 975 2090 adversarius
996 2043 1069 2087 ille
1075 2043 1178 2103 ‚qui
1196 2042 1295 2088 ideo
1312 2043 1487 2098 clamat,
1505 2053 1554 2088 ut
1570 2053 1624 2088 sit
1642 2043 1889 2122 aliquando}

489 2119 666 2164 amicus.
692 2115 891 2171 Querelae
919 2114 1187 2176 quotidianae
1208 2124 1333 2166 sunt,
1361 2131 1622 2192 quanquam
1654 2115 1757 2175 ipsae
1790 2103 1888 2173 foe-1
1923 2157 1924 2162 ,

488 2190 618 2235 minae
634 2191 724 2250 jam
741 2204 822 2233 nec
847 2186 1011 2232 audent
1026 2186 1234 2247 conqueri
1255 2184 1310 2229 de
1330 2185 1430 2230 viris
1452 2186 1556 2230 suis.
1584 2189 1648 2230 Ita
1668 2181 1886 2231 invadensi
1921 2204 1924 2233 2

489 2263 633 2306 omnia
655 2259 927 2306 consuetudo
946 2275 1024 2319 pro
1047 2257 1142 2317 lege
1157 2258 1427 2313 observatur,
1446 2267 1497 2302 ut
1511 2259 1601 2318 jam
1619 2267 1663 2302 et
1683 2247 1884 2308 mulieri-i
1920 2298 1924 2302 .

488 2333 570 2377 bus
592 2331 703 2377 forte
724 2346 976 2410 persuasum
998 2331 1077 2385 sit,
1103 2329 1232 2374 licere
1254 2330 1336 2374 hoc
1358 2330 1485 2385 viris,
1511 2346 1599 2375 non
1623 2330 1750 2374 licere
1775 2345 1860 2374 mu
1878 2311 1883 2375 i
1918 2347 1924 2374 :2

487 2405 682 2449 lieiibus.
713 2404 862 2448 Solent
891 2403 1006 2447 enim
1039 2401 1188 2446 audire
1223 2400 1432 2446 adductas
1468 2401 1669 2446 mulieres
1705 2416 1792 2446 esse
1817 2395 1881 2451 ad'
1916 2417 1924 2445 z

489 2475 657 2531 smum,
683 2491 781 2536 quae
806 2474 917 2519 forte
959 2489 1059 2518 cum
1088 2472 1217 2517 servis
1249 2472 1437 2517 inventae
1472 2483 1608 2517 sunt:
1635 2471 1879 2523 adductum}
1913 2487 1924 2516 z:

538 2581 544 2597 ¹
568 2577 657 2606 Rom.
678 2584 746 2615 vni,
771 2581 824 2605 20.
849 2589 890 2594 —
908 2571 1033 2604 ²Exod.
1058 2581 1110 2611 xx,
1136 2579 1184 2602 12.
