1867 3320
343 275 551 305 EPISTOLAE
582 271 638 304 An
668 271 856 304 GALATAs
886 273 1121 304 Exposrno.
1343 270 1428 310 10¹7

51 361 74 389 »
108 359 206 404 qnae
223 352 365 402 posset
378 342 613 397 vivificare,
634 342 812 385 omnino
827 356 877 386 cx
892 344 1006 400 Lege
1023 350 1131 385 esset
1143 342 1320 401 justitia.
1346 347 1429 391 Sed

51 432 74 458 »
106 411 319 458 conclusit
343 413 563 471 Scriptura
586 412 730 456 omnia
752 412 834 455 sub
871 420 1050 471 peccato
1071 446 1083 466 ‚
1119 421 1170 455 ut
1203 416 1427 470 promissio

49 502 71 527 n
104 498 156 527 ex
179 482 264 526 fide
287 485 388 526 Jesu
418 482 580 527 Christi
602 481 779 526 daretur
802 482 1125 526 credentibus1.
1154 500 1174 522 »
1199 485 1297 526 Non
1329 500 1428 542 ergo

20 599 25 605 ,
47 556 132 600 Lex
152 552 252 597 data
273 562 337 597 est
359 562 409 597 ut
440 563 671 612 peccatum
708 552 920 608 auferret,
959 552 1035 596 sed
1070 561 1120 596 ut
1140 552 1221 596 sub
1253 563 1429 612 peccato

44 626 188 671 omnia
217 624 512 669 concluderet.
540 628 626 668 Lex
648 624 763 668 enim
784 623 1044 669 ostendebat
1064 638 1153 667 esse
1176 634 1399 683 peccatum
1416 661 1426 681 ‚

45 694 165 756 quod
185 695 248 739 illi
272 711 348 754 per
370 694 732 739 consuetudinem
764 694 938 748 caecati,
964 703 1138 752 possent
1155 703 1308 753 putare
1338 696 1430 754 jus-

44 766 183 812 titiam
209 781 220 810 .·
244 775 296 810 ut
313 767 396 810 hoc
419 765 550 809 modo
572 765 824 820 humilitati,
849 774 1161 823 cognoscerent
1183 781 1272 809 non
1292 766 1337 809 in
1355 781 1430 810 sua

43 851 176 882 manu
197 852 288 881 esse
309 837 492 881 salutem
525 852 645 880 suam
666 871 676 891 ,
702 837 777 880 scd
798 837 842 879 in
863 832 1011 880 'manu
1047 836 1310 880 mediatoris.
1336 840 1430 882 Ma-

41 907 156 952 xime
189 908 351 967 quippe
385 907 606 951 humilitas
652 915 852 960 revocat,
893 906 1013 949 unde
1055 922 1133 950 nos
1170 906 1326 966 dejecit
1356 923 1431 951 su-

40 977 207 1037 perbia.
244 981 300 1021 Et
337 978 426 1036 ipsa
449 976 672 1021 humilitas
693 986 758 1020 est
794 975 1118 1020 accommodata
1142 977 1430 1035 percipiendae

42 1048 188 1106 gratiae
210 1048 390 1102 Christi,
412 1048 486 1108 qui
504 1047 724 1106 singulare
741 1047 998 1091 humilitatis
1020 1046 1266 1106 exemplum
1289 1057 1368 1092 est.

98 1121 258 1163 XXVI.
286 1121 374 1163 Nec
407 1119 640 1178 quisquam
663 1119 734 1163 hic
768 1128 856 1162 tam
900 1118 1101 1176 imperite
1123 1118 1308 1173 dixerit,
1339 1120 1429 1164 Cur

39 1203 142 1246 ergo
172 1203 261 1232 non
284 1188 448 1247 profuit
470 1188 633 1232 Judaeis
649 1223 660 1243 ,
696 1189 815 1248 quod
846 1204 922 1247 per
946 1187 1131 1245 Angelos
1153 1191 1312 1246 Legem
1343 1189 1427 1232 mi-

39 1262 296 1313 nistrantes,
326 1260 372 1302 in
399 1275 533 1303 manu
575 1259 824 1303 mediatoris
863 1259 1059 1318 dispositi
1093 1261 1224 1303 sunt?
1258 1259 1427 1305 Profuit

38 1329 177 1383 enim,
212 1337 429 1388 quantum
453 1329 537 1373 dici
560 1345 646 1373 non
665 1338 821 1388 potest.
848 1331 956 1382 Quae
979 1329 1094 1372 enim
1113 1329 1317 1372 Gentium
1343 1333 1427 1375 Ec-

37 1399 175 1444 clesiae
193 1400 468 1444 venditarum
488 1416 629 1443 rerum
655 1416 830 1444 suarum
854 1400 990 1458 pretia
1013 1400 1067 1442 ad
1090 1399 1221 1458 pedes
1237 1404 1425 1459 Aposto-

36 1468 178 1514 lorum
201 1479 467 1529 posuerunt,
492 1469 611 1530 quod
633 1479 698 1514 tot
718 1469 851 1513 millia
876 1469 1103 1512 hominum
1126 1479 1213 1512 tam
1247 1480 1425 1529 repente

37 1537 292 1584 fecerunt²P
307 1543 393 1585 Nec
418 1540 558 1585 turbae
577 1539 820 1584 infidelium
837 1538 1165 1584 considerandae
1186 1550 1312 1584 sunt:
1330 1557 1425 1586 om-

37 1608 103 1652 nis
125 1611 240 1652 enim
280 1625 378 1653 arca
402 1609 551 1653 multis
573 1611 771 1669 partibus
804 1609 1057 1669 ampliorem
1076 1610 1207 1653 habet
1230 1610 1420 1669 paleam,

37 1695 168 1740 quam
193 1680 479 1725 frumentum.
507 1682 633 1725 Unde
656 1691 801 1724 autem
822 1681 948 1724 etiam
974 1680 1045 1724 illa
1069 1682 1262 1740 ejusdem
1286 1686 1427 1741 Apos-

33 1750 111 1795 toli
132 1752 262 1796 verba
281 1750 335 1795 ad
353 1754 587 1806 Romanos,
610 1752 688 1795 nisi
706 1751 761 1795 de
779 1746 1119 1795 sanctificatione
1135 1751 1390 1798 Judaeorum
1411 1773 1419 1799 :

38 1839 58 1863 «
92 1822 207 1875 Quid
228 1823 361 1882 ergo?
381 1822 596 1883 numquid
619 1823 778 1883 repulit
797 1826 910 1866 Deus
934 1823 1104 1882 plebem
1124 1825 1276 1866 suam?
1294 1825 1418 1869 absit.

35 1907 56 1932 »
80 1894 186 1936 Nam
210 1902 253 1936 et
291 1895 384 1950 Ego
405 1892 597 1936 Israelita
631 1908 727 1936 sum
766 1908 815 1935 ex
853 1893 1015 1936 semine
1035 1894 1277 1948 Abraham,
1303 1896 1421 1939 tribu

33 1977 54 2002 »
81 1963 318 2021 Bcnjamin.
345 1964 440 2006 Non
463 1962 621 2020 repulit
646 1965 756 2005 Deus
775 1962 945 2021 plcbcm
964 1977 1102 2017 suam,
1125 1980 1255 2022 quam
1286 1980 1419 2023 praes-

33 2047 54 2073 »
86 2032 230 2076 civit³.
253 2034 401 2076 »Cum
425 2041 567 2076 autem
588 2031 784 2076 laudaret
802 2048 888 2091 prae
906 2033 1070 2075 caeteris
1091 2033 1287 2077 Ecclesiis
1305 2036 1420 2078 Gen-

31 2100 138 2145 tium
163 2102 393 2146 Ecclesiam
424 2103 870 2146 Thessalonicensium
891 2138 901 2156 ‚
932 2102 1088 2146 similes
1110 2118 1181 2146 eos
1206 2103 1339 2148 factos
1362 2106 1420 2149 ait

31 2172 407 2216 Ecclesiissudaeae
423 2174 462 2217 ⁴:
482 2172 583 2232 quia
605 2173 740 2217 multa
757 2190 778 2217 a
799 2173 1115 2217 contribulibus
1129 2174 1214 2216 suis
1239 2189 1315 2232 pro
1334 2174 1419 2219 fide

30 2243 139 2302 passi
163 2252 286 2286 erant
319 2243 543 2302 quomodo
565 2252 607 2287 et
632 2243 693 2287 illi
719 2260 740 2287 a
765 2243 941 2287 Judoeis.
979 2246 1088 2287 llinc
1112 2253 1173 2287 est
1196 2253 1238 2286 et
1276 2244 1383 2288 illud
1405 2280 1416 2300 ‚

29 2313 146 2374 quod
171 2314 302 2372 paulo
330 2323 429 2357 ante
457 2315 820 2366 commemoravi,
846 2314 965 2373 quod
990 2314 1047 2357 ait
1084 2315 1136 2358 ad
1160 2318 1378 2359 Romanos
1406 2335 1414 2359 ε

34 2400 54 2425 «
90 2385 129 2428 Si
152 2385 264 2428 cnim
289 2384 552 2443 spiritalibus
580 2400 730 2429 eorum
767 2385 1199 2430 communicaverunt
1232 2387 1413 2439 Gentes,

33 2470 53 2495 »
87 2453 250 2498 dehent
270 2464 313 2499 et
337 2455 377 2498 in
397 2455 641 2500 carnalibus
669 2456 909 2499 ministrare
933 2456 1032 2498 eis⁵.
1062 2474 1081 2497 n
1111 2459 1171 2500 De
1192 2456 1291 2516 ipsis
1313 2472 1416 2514 crgo

76 2548 172 2581 ‘Gal
195 2559 242 2586 ιιι,
261 2558 315 2590 21,
336 2558 436 2582 22—-
452 2558 464 2573 ²
490 2553 561 2583 Act.
583 2561 628 2590 iv,
643 2550 744 2594 34-
760 2549 773 2574 ³
790 2554 879 2584 Rom.
899 2561 942 2587 xi.
967 2561 995 2589 ι,
1014 2561 1090 2583 2—
1109 2550 1124 2580 4
1148 2563 1158 2583 ι
1178 2552 1284 2583 Thess.
1302 2562 1338 2591 n,
1361 2551 1411 2593 ¹4·

32 2600 100 2626 ..5
120 2605 210 2637 Rom.
233 2614 288 2644 xv,
315 2613 371 2646 27.
