1924 3309
440 314 491 351 88
863 320 895 350 S.
934 320 1164 351 Auens-nm
1196 323 1378 351 Emscom

434 389 541 433 mihi
564 397 606 433 et
624 389 835 433 Barnabae
862 408 870 433 ε
891 389 974 433 hoc
997 398 1087 444 est,
1117 408 1135 430 «
1157 388 1332 434 dextera
1355 389 1568 435 societatis
1591 390 1716 435 nobis
1739 390 1821 434 de-

440 479 460 502 »
494 460 669 504 derunt.

494 533 620 575 XIII.
645 532 796 590 Neque
819 530 862 574 in
900 529 1209 575 contumeliam
1242 545 1551 590 praecessorum
1583 532 1674 591 ejus
1696 539 1823 590 putet

435 602 532 662 quis
549 601 602 645 ab
625 616 676 645 eo
708 601 891 646 dictum.
922 620 940 641 «
965 601 1050 654 Qui
1079 600 1284 645 videntur
1321 616 1410 645 esse
1445 601 1638 661 aliquid,
1673 600 1823 660 quales

440 692 458 714 »
495 672 730 732 aliquando
764 671 947 726 fuerint,
975 670 1084 715 nihil
1107 687 1202 715 mea
1243 672 1437 716 interest.
1469 691 1488 713 »
1520 675 1578 717 Et
1609 671 1672 716 illi
1706 672 1823 716 enim

437 754 644 804 tanquam
678 742 887 803 spiritales
908 742 988 787 viri
1028 742 1234 786 volebant
1267 743 1403 787 resisti
1441 742 1709 798 carnalibus,
1746 743 1823 803 qui

436 814 650 874 putabant
684 812 847 874 aliquid
870 814 982 872 ipsos
1022 828 1133 868 esse,
1174 821 1217 857 et
1249 828 1338 857 non
1370 812 1515 873 potius
1537 813 1760 858 Christum
1776 813 1823 856 in

433 887 520 943 eis3
545 884 824 945 multumque
847 884 1118 944 gaudebant,
1150 899 1250 929 cum
1273 884 1608 943 persuaderetur
1628 884 1823 929 homini-

433 957 515 1001 bus
527 992 537 1011 ‚
559 966 601 1001 et
619 972 662 1000 se
679 956 792 1016 ipsos
810 971 1087 1015 praecessores
1106 955 1246 1010 Pauli,
1266 955 1377 999 sicut
1394 954 1596 998 eumdem
1615 953 1819 1010 Paulum,

433 1043 484 1072 ex
503 1028 804 1087 peccatoribus
817 1027 1074 1087 justificatos
1097 1042 1187 1071 esse
1210 1043 1233 1070 a
1254 1027 1441 1070 Domino
1459 1061 1470 1081 ,
1495 1026 1572 1086 qui
1593 1041 1821 1086 personam

432 1098 618 1143 hominis
639 1113 726 1142 non
762 1099 918 1157 accipit
945 1117 953 1142 :
979 1098 1081 1157 quia
1104 1097 1181 1141 Dei
1220 1097 1401 1156 gloriam
1424 1097 1704 1156 quaerebant,
1730 1112 1821 1141 non

432 1184 570 1213 suam.
600 1169 682 1214 Sed
707 1169 810 1229 quia
848 1168 1040 1213 carnales
1074 1177 1118 1212 et
1138 1167 1315 1227 superbi
1336 1168 1555 1223 homines,
1582 1168 1615 1212 si
1638 1168 1747 1228 quid
1768 1166 1822 1211 de

433 1240 519 1283 vita
553 1239 744 1299 ipsorum
767 1239 985 1298 praeterita
1008 1237 1167 1283 dicitur
1185 1274 1196 1293 ‚
1220 1239 1467 1282 irascuntur
1484 1274 1495 1293 ‚
1520 1247 1565 1282 et
1593 1239 1640 1282 in
1662 1247 1821 1282 contu-

433 1309 605 1353 meliam
644 1309 889 1369 accipiunt3
932 1324 983 1352 ex
1020 1309 1164 1353 animo
1187 1324 1264 1352 suo
1307 1309 1546 1368 conjiciunt
1573 1307 1819 1367 Apostolos.

433 1382 588 1424 Petrus
629 1388 774 1423 autem
820 1388 863 1423 et
902 1378 1093 1423 Iacobus
1131 1388 1174 1422 et
1211 1381 1398 1423 Joannes
1435 1378 1738 1423 honoratiores
1779 1379 1824 1422 in

436 1449 651 1509 Apostolis
686 1458 832 1504 erant,
859 1450 960 1509 quia
996 1449 1097 1507 ipsis
1120 1448 1260 1492 tribus
1292 1464 1336 1492 se
1366 1448 1412 1491 in
1443 1457 1592 1493 monte
1614 1449 1824 1493 Dominus

432 1520 622 1565 ostendit
639 1520 684 1563 in
703 1519 1018 1578 significatione
1041 1519 1158 1576 regni
1183 1519 1269 1572 sui,
1295 1533 1397 1561 cum
1419 1527 1520 1562 ante
1541 1534 1613 1563 sex
1640 1519 1731 1563 dies
1753 1519 1824 1563 di-

433 1592 560 1635 xisset
585 1611 593 1635 :
621 1610 640 1631 «
664 1592 773 1634 Sunt
794 1590 863 1633 hic
885 1590 1062 1650 quidam
1099 1589 1153 1633 de
1189 1589 1572 1633 circumstantibus
1588 1624 1598 1642 ,
1634 1590 1711 1649 qui
1733 1605 1824 1634 non

434 1660 675 1720 gustabunt
715 1669 899 1703 mortem
922 1695 932 1713 ‚
974 1659 1112 1702 donec
1156 1658 1333 1702 videant
1373 1657 1514 1702 filium
1552 1660 1741 1704 hominis
1779 1661 1825 1704 in

436 1751 455 1774 »
493 1746 626 1790 regno
648 1731 784 1773 Patris
806 1730 871 1773 sui
888 1732 916 1772 ¹.
943 1748 962 1770 »
985 1732 1071 1774 Nec
1086 1729 1165 1787 ipsi
1187 1738 1310 1772 erant
1332 1729 1573 1785 columnae,
1599 1731 1674 1774 sed
1702 1731 1825 1775 vide-

436 1803 612 1846 bantur.
638 1804 826 1846 Noverat
854 1801 968 1844 enim
995 1799 1155 1844 Paulus
1187 1800 1443 1859 sapientiam
1479 1801 1713 1846 aedificasse
1743 1803 1824 1847 sibi

436 1874 616 1917 domum
634 1908 645 1927 ,
673 1881 715 1915 et
732 1887 821 1916 non
845 1881 928 1915 tres
946 1870 1170 1914 columnas
1191 1872 1459 1915 constituisse
1476 1907 1487 1927 ,
1505 1872 1581 1917 sed
1603 1877 1793 1932 septem²
1813 1894 1822 1917 :

436 1946 512 2003 qui
535 1958 742 1987 numerus
779 1942 847 1987 vel
889 1942 943 1985 ad
980 1943 1191 1986 unitatem
1231 1942 1522 1987 Ecclesiarum
1566 1943 1823 1990 refertur³2

436 2019 450 2071 (
470 2014 586 2059 Solet
609 2015 723 2058 enirn
746 2029 826 2073 pro
859 2013 1061 2057 universo
1090 2013 1222 2072 poni,
1258 2013 1369 2057 sicut
1395 2014 1440 2056 in
1461 2013 1698 2072 Evangelio
1731 2015 1823 2059 die-

441 2096 534 2130 tum
556 2095 619 2130 est
638 2121 648 2140 ‚
689 2085 884 2144 Accipiet
904 2084 950 2128 in
971 2085 1055 2128 hoc
1078 2083 1235 2127 saeculo
1251 2084 1265 2108 ⁴
1289 2085 1444 2142 septies
1477 2093 1650 2129 tantum
1677 2105 1686 2131 z
1711 2100 1760 2130 ac
1790 2086 1826 2129 si

438 2158 602 2202 diceret
627 2175 635 2201 :
665 2155 835 2209 «Quasi
857 2154 968 2198 nihil
985 2155 1210 2209 habentes,
1233 2164 1275 2198 et
1299 2155 1443 2199 omnia
1466 2155 1776 2214 possidentes⁵.
1801 2174 1821 2197 »

445 2228 566 2272 Unde
589 2228 718 2271 etiam
754 2229 942 2270 Joannes
979 2224 1033 2269 ad
1070 2234 1233 2284 septem
1272 2225 1419 2269 scribit
1459 2226 1693 2282 Ecclesias,
1725 2243 1825 2287 quae

442 2299 591 2358 utique
616 2296 865 2341 universalis
882 2295 1085 2340 Ecclesiae
1105 2310 1331 2354 personam
1350 2305 1506 2353 gerunt
1519 2298 1534 2322 ‘¹'
1561 2297 1604 2355 3)
1626 2296 1693 2340 vel
1709 2306 1826 2341 certe

441 2369 496 2413 ad
517 2368 801 2427 septenariam
822 2366 1115 2426 operationem
1139 2366 1322 2424 Spiritus
1336 2366 1472 2410 sancti
1488 2367 1621 2425 magis
1636 2365 1822 2411 refertur

439 2439 704 2499 septenarius
727 2452 933 2482 numerus
955 2437 1259 2482 columnarum
1277 2472 1288 2491 ,
1314 2437 1534 2495 sapientiae
1558 2447 1602 2482 et
1623 2437 1823 2482 intellec-

507 2556 513 2571 ¹
536 2550 655 2581 Matth.
677 2560 745 2590 xvr,
770 2549 822 2580 28.
852 2566 891 2570 —-
914 2556 925 2570 ²
955 2550 1046 2580 Prov.
1072 2557 1116 2586 ix,
1143 2558 1169 2579 1.
1196 2564 1232 2569 —-
1254 2545 1267 2569 3
1286 2546 1404 2578 Matth.
1426 2558 1459 2587 x,
1489 2556 1542 2590 29.
1563 2547 1634 2578 -4
1664 2549 1768 2581 Forte
1788 2548 1817 2580 in

441 2617 540 2637 *Ji-:veo
563 2611 629 2638 crat
648 2606 723 2636 ἑπτα
741 2604 902 2636 πλωτὴ-ιν..
924 2622 961 2626 -
982 2603 995 2626 5
1010 2613 1027 2635 ‘2
1043 2606 1115 2635 Cori
1137 2614 1181 2642 vu,
1206 2615 1256 2634 ιο,
1278 2620 1318 2625 -
1337 2603 1351 2626 ⁵
1371 2605 1471 2645 Apoc.
1491 2614 1514 2642 i,
1534 2604 1565 2644 4.
