1867 3320
238 280 377 308 sunno
410 279 536 318 xxlv,
571 281 625 308 DE
656 271 682 308 2
715 282 843 310 vssusu
878 283 1027 314 rsAmu
1058 289 1206 317 Luxu.
1321 282 1401 320 383

97 347 198 390 VII.
227 345 391 390 Sileant
408 359 530 402 ergo,
549 344 724 390 videant
752 347 905 403 modo,
938 352 1006 394 cui
1034 355 1120 396 Deo
1141 353 1281 412 legant
1297 356 1402 400 fide-

37 415 99 460 les
120 424 164 460 et
185 415 354 468 dicant,
377 432 397 458 «
416 417 531 459 Deus
564 415 659 475 quis
681 416 825 461 similis
848 418 927 461 tibi
944 421 961 460 ⁶?
981 422 1043 464 Ne
1065 422 1202 477 sileaS,
1228 441 1303 468 nec
1324 428 1404 469 mi-

40 505 61 528 »
97 495 256 542 tescas,
280 488 412 529 Deus
437 502 457 525 »
484 487 577 528 Hoc
598 501 865 544 susceperam
882 522 892 542 ,
918 490 1135 547 quomodo
1158 507 1242 535 non
1264 496 1404 539 mites-

37 566 109 601 cat
123 591 134 612 ,
173 571 264 600 non
285 554 521 600 evertendo
543 555 762 611 homines,
789 558 863 601 sed
885 574 1062 603 errores.
1082 563 1177 605 Non
1198 564 1402 619 mitescit,

38 642 141 687 crgo
177 627 377 671 irascitur
406 645 415 670 :
440 625 473 669 si
493 625 608 670 mitis
647 636 736 682 est,
761 642 863 686 ergo
886 638 928 672 et
955 630 1193 674 miseretur.
1214 635 1409 678 Irascitur

39 706 83 741 et
102 697 331 741 miseretur
362 715 372 741 ι
399 695 600 740 irascitur
637 695 691 739 ad
719 698 1070 755 percutiendum,
1107 701 1328 744 miseretur
1358 703 1411 746 ad

39 767 283 812 sanandum
305 786 314 812 ε
334 767 534 812 irascitur
555 766 610 810 ad
632 767 982 813 mortificandum
998 805 1009 824 ,
1035 771 1256 815 miseretur
1273 772 1326 815 ad
1347 773 1412 816 vi-

37 837 318 882 vificandum.
341 840 395 880 In
426 850 516 880 uno
549 836 724 880 homine
755 837 859 882 facit
896 839 1005 883 haec.
1035 842 1131 889 Non
1168 841 1287 900 quasi
1313 841 1412 885 alios

38 909 325 964 mortificans,
352 907 457 952 alios
477 907 700 952 vivificans
724 927 732 952 :
757 908 831 952 sed
852 909 897 952 in
915 909 1072 954 eisdem
1091 912 1187 970 ipsis
1209 921 1250 955 et
1270 912 1412 955 irasci-

39 988 138 1035 tur,
168 979 348 1033 et,mitis
382 987 460 1023 est.
498 979 703 1023 Irascitur
735 979 978 1034 erroribus,
1009 981 1191 1026 mitescit
1220 984 1413 1027 correctis

39 1050 251 1095 moribus.
276 1068 297 1092 «
327 1052 420 1107 Ego
441 1050 681 1109 percutiam
700 1084 711 1104 ,
733 1058 776 1093 et
797 1064 874 1107 ego
898 1050 1055 1094 sanabo
1076 1066 1189 1109 :ego
1207 1051 1414 1106 occidam,

43 1139 63 1161 »
98 1129 142 1165 et
158 1135 240 1180 ego
256 1119 402 1165 vivere
418 1118 575 1164 faciam
589 1121 619 1162 1.
641 1121 818 1163 »Unum
840 1119 1015 1164 Saulum
1027 1155 1038 1175 ,
1056 1129 1200 1180 postea
1218 1119 1416 1174 Paulum,

40 1200 82 1235 et
102 1191 361 1251 prostravit,
389 1199 434 1234 et
467 1190 604 1234 erexit
630 1198 641 1235 'z
669 1190 897 1249 prostravit
928 1189 1169 1244 infidelem,
1201 1191 1333 1234 erexit
1364 1191 1417 1232 fr-

41 1261 186 1307 delem
210 1281 220 1308 2
243 1261 478 1322 prostravit
499 1270 841 1321 persecutorem,
869 1261 999 1305 erexit
1017 1261 1349 1320 praedicatorem.
1374 1260 1416 1304 Si

42 1348 133 1377 non
168 1332 394 1388 irascitur,
418 1331 538 1376 unde
561 1330 739 1377 Herculi
759 1332 892 1376 barba
919 1347 1008 1375 rasa
1035 1333 1123 1375 est?
1156 1331 1274 1374 Fecit
1302 1330 1416 1374 enim

42 1403 127 1448 hoc
146 1418 223 1462 per
242 1402 392 1447 fideles
412 1418 536 1458 suos,
561 1418 638 1462 per
660 1402 922 1448 Christianos
944 1417 1040 1445 suos
1056 1436 1067 1456 ,
1095 1416 1168 1460 per
1189 1409 1417 1459 potestates

45 1490 69 1519 a
89 1489 134 1519 se
156 1474 376 1519 ordinatas
393 1483 436 1518 et
447 1473 609 1519 Christi
625 1474 734 1533 jugo
744 1475 832 1533 jam
847 1472 1050 1516 subditas.
1070 1476 1234 1531 ltaque,
1252 1471 1415 1523 iratres,

44 1546 129 1591 hoc
149 1545 306 1590 libenti
327 1545 472 1590 animo
495 1545 704 1605 accipite;
730 1545 831 1589 etin
850 1544 1019 1588 Domini
1036 1544 1245 1603 adjutorio
1268 1551 1418 1586 caetera

46 1617 294 1678 prosperius
311 1619 402 1678 jam
421 1625 607 1677 sperate.

94 1731 105 1750 ¹
121 1729 215 1760 Deut.
243 1737 346 1768 xxxn,
372 1726 424 1769 39.
