<?xml version="1.0" encoding="UTF-8"?>
<!DOCTYPE html PUBLIC "-//W3C//DTD XHTML 1.0 Transitional//EN"
    "http://www.w3.org/TR/xhtml1/DTD/xhtml1-transitional.dtd">
<html xmlns="http://www.w3.org/1999/xhtml" xml:lang="en" lang="en">
 <head>
  <title>
</title>
<meta http-equiv="Content-Type" content="text/html;charset=utf-8" />
  <meta name='ocr-system' content='tesseract 3.04.00' />
  <meta name='ocr-capabilities' content='ocr_page ocr_carea ocr_par ocr_line ocrx_word'/>
</head>
<body>
  <div class='ocr_page' id='page_1' title='image "./operaomniaaccura17auguuoft_0150.png"; bbox 0 0 1924 3309; ppageno 0'>
   <div class='ocr_carea' id='block_1_1' title="bbox 439 246 1382 287">
    <p class='ocr_par' dir='ltr' id='par_1_1' title="bbox 439 246 1382 287">
     <span class='ocr_line' id='line_1_1' title="bbox 439 246 1382 287; baseline 0 -2"><span class='ocrx_word' id='word_1_1' title='bbox 439 246 519 285; x_wconf 68' lang='lat'>140</span> <span class='ocrx_word' id='word_1_2' title='bbox 873 257 905 286; x_wconf 84' lang='lat' dir='ltr'>s.</span> <span class='ocrx_word' id='word_1_3' title='bbox 944 257 1171 287; x_wconf 69' lang='lat' dir='ltr'>Ancus&#39;rmi</span> <span class='ocrx_word' id='word_1_4' title='bbox 1206 258 1382 287; x_wconf 69' lang='lat' dir='ltr'>EPISCOPI</span> 
     </span>
    </p>
   </div>
   <div class='ocr_carea' id='block_1_2' title="bbox 430 323 1824 2495">
    <p class='ocr_par' dir='ltr' id='par_1_2' title="bbox 431 323 1820 455">
     <span class='ocr_line' id='line_1_2' title="bbox 431 323 1820 384; baseline 0.001 -17"><span class='ocrx_word' id='word_1_5' title='bbox 431 325 560 368; x_wconf 87' lang='lat' dir='ltr'>nibus</span> <span class='ocrx_word' id='word_1_6' title='bbox 580 323 810 379; x_wconf 84' lang='lat' dir='ltr'>studeant,</span> <span class='ocrx_word' id='word_1_7' title='bbox 832 333 874 368; x_wconf 88' lang='lat' dir='ltr'>ct</span> <span class='ocrx_word' id='word_1_8' title='bbox 895 325 1090 384; x_wconf 81' lang='lat' dir='ltr'>appetitu</span> <span class='ocrx_word' id='word_1_9' title='bbox 1107 325 1245 368; x_wconf 87' lang='lat' dir='ltr'>inanis</span> <span class='ocrx_word' id='word_1_10' title='bbox 1265 325 1413 383; x_wconf 80' lang='lat' dir='ltr'>gloriae</span> <span class='ocrx_word' id='word_1_11' title='bbox 1430 360 1440 379; x_wconf 92' lang='lat'>‚</span> <span class='ocrx_word' id='word_1_12' title='bbox 1472 323 1594 382; x_wconf 80' lang='lat' dir='ltr'>Legis</span> <span class='ocrx_word' id='word_1_13' title='bbox 1616 323 1820 368; x_wconf 86' lang='lat' dir='ltr'>oneribus</span> 
     </span>
     <span class='ocr_line' id='line_1_3' title="bbox 432 396 1505 455; baseline -0.002 -15"><span class='ocrx_word' id='word_1_14' title='bbox 432 411 520 441; x_wconf 90' lang='lat' dir='ltr'>non</span> <span class='ocrx_word' id='word_1_15' title='bbox 543 397 798 450; x_wconf 82' lang='lat' dir='ltr'>servienteS,</span> <span class='ocrx_word' id='word_1_16' title='bbox 825 397 944 440; x_wconf 91' lang='lat' dir='ltr'>vanis</span> <span class='ocrx_word' id='word_1_17' title='bbox 967 396 1281 455; x_wconf 74' lang='lat' dir='ltr'>cupiditatibus</span> <span class='ocrx_word' id='word_1_18' title='bbox 1300 396 1505 440; x_wconf 77' lang='lat' dir='ltr'>serviant.</span> 
     </span>
    </p>

    <p class='ocr_par' dir='ltr' id='par_1_3' title="bbox 430 465 1824 2495">
     <span class='ocr_line' id='line_1_4' title="bbox 489 465 1820 525; baseline -0.001 -15"><span class='ocrx_word' id='word_1_19' title='bbox 489 469 601 510; x_wconf 83' lang='lat' dir='ltr'>LVI.</span> <span class='ocrx_word' id='word_1_20' title='bbox 626 466 743 511; x_wconf 90' lang='lat' dir='ltr'>Nihil</span> <span class='ocrx_word' id='word_1_21' title='bbox 766 475 911 510; x_wconf 84' lang='lat' dir='ltr'>autem</span> <span class='ocrx_word' id='word_1_22' title='bbox 935 466 993 510; x_wconf 92' lang='lat' dir='ltr'>sic</span> <span class='ocrx_word' id='word_1_23' title='bbox 1016 467 1175 525; x_wconf 85' lang='lat' dir='ltr'>probat</span> <span class='ocrx_word' id='word_1_24' title='bbox 1205 466 1440 525; x_wconf 86' lang='lat' dir='ltr'>spiritalem</span> <span class='ocrx_word' id='word_1_25' title='bbox 1473 465 1614 509; x_wconf 88' lang='lat' dir='ltr'>virum</span> <span class='ocrx_word' id='word_1_26' title='bbox 1639 500 1649 520; x_wconf 93' lang='lat'>,</span> <span class='ocrx_word' id='word_1_27' title='bbox 1687 481 1820 525; x_wconf 86' lang='lat' dir='ltr'>quam</span> 
     </span>
     <span class='ocr_line' id='line_1_5' title="bbox 431 536 1820 597; baseline 0 -17"><span class='ocrx_word' id='word_1_28' title='bbox 431 537 597 597; x_wconf 87' lang='lat' dir='ltr'>peccati</span> <span class='ocrx_word' id='word_1_29' title='bbox 613 536 741 580; x_wconf 89' lang='lat' dir='ltr'>alieni</span> <span class='ocrx_word' id='word_1_30' title='bbox 759 537 975 591; x_wconf 82' lang='lat' dir='ltr'>tractatio,</span> <span class='ocrx_word' id='word_1_31' title='bbox 988 552 1089 581; x_wconf 89' lang='lat' dir='ltr'>cum</span> <span class='ocrx_word' id='word_1_32' title='bbox 1105 536 1405 580; x_wconf 81' lang='lat' dir='ltr'>liberationem</span> <span class='ocrx_word' id='word_1_33' title='bbox 1425 537 1515 595; x_wconf 88' lang='lat' dir='ltr'>ejus</span> <span class='ocrx_word' id='word_1_34' title='bbox 1530 536 1675 594; x_wconf 89' lang='lat' dir='ltr'>potius</span> <span class='ocrx_word' id='word_1_35' title='bbox 1688 551 1820 595; x_wconf 89' lang='lat' dir='ltr'>quam</span> 
     </span>
     <span class='ocr_line' id='line_1_6' title="bbox 431 604 1820 667; baseline 0 -16"><span class='ocrx_word' id='word_1_36' title='bbox 431 607 756 652; x_wconf 87' lang='lat' dir='ltr'>insultationem</span> <span class='ocrx_word' id='word_1_37' title='bbox 775 643 785 662; x_wconf 85' lang='lat'>,</span> <span class='ocrx_word' id='word_1_38' title='bbox 809 607 1041 666; x_wconf 87' lang='lat' dir='ltr'>potiusque</span> <span class='ocrx_word' id='word_1_39' title='bbox 1071 606 1229 650; x_wconf 83' lang='lat' dir='ltr'>auxilia</span> <span class='ocrx_word' id='word_1_40' title='bbox 1252 621 1383 667; x_wconf 89' lang='lat' dir='ltr'>quam</span> <span class='ocrx_word' id='word_1_41' title='bbox 1412 606 1605 649; x_wconf 87' lang='lat' dir='ltr'>convicia</span> <span class='ocrx_word' id='word_1_42' title='bbox 1633 604 1820 651; x_wconf 84' lang='lat' dir='ltr'>medita-</span> 
     </span>
     <span class='ocr_line' id='line_1_7' title="bbox 431 674 1817 738; baseline 0 -16"><span class='ocrx_word' id='word_1_43' title='bbox 431 687 525 728; x_wconf 83' lang='lat' dir='ltr'>tur,</span> <span class='ocrx_word' id='word_1_44' title='bbox 551 687 594 723; x_wconf 87' lang='lat' dir='ltr'>et</span> <span class='ocrx_word' id='word_1_45' title='bbox 615 686 829 738; x_wconf 89' lang='lat' dir='ltr'>quantum</span> <span class='ocrx_word' id='word_1_46' title='bbox 853 676 1035 721; x_wconf 81' lang='lat' dir='ltr'>facultas</span> <span class='ocrx_word' id='word_1_47' title='bbox 1055 676 1262 720; x_wconf 83' lang='lat' dir='ltr'>tribuitur</span> <span class='ocrx_word' id='word_1_48' title='bbox 1278 675 1470 734; x_wconf 78' lang='lat' dir='ltr'>suscipit.</span> <span class='ocrx_word' id='word_1_49' title='bbox 1494 678 1551 719; x_wconf 83' lang='lat' dir='ltr'>Et</span> <span class='ocrx_word' id='word_1_50' title='bbox 1567 674 1665 720; x_wconf 85' lang='lat' dir='ltr'>ideo</span> <span class='ocrx_word' id='word_1_51' title='bbox 1683 675 1789 720; x_wconf 88' lang='lat' dir='ltr'>dicit</span> <span class='ocrx_word' id='word_1_52' title='bbox 1807 695 1817 723; x_wconf 72' lang='grc' dir='ltr'>ε</span> 
     </span>
     <span class='ocr_line' id='line_1_8' title="bbox 436 745 1824 807; baseline 0.001 -17"><span class='ocrx_word' id='word_1_53' title='bbox 436 768 456 790; x_wconf 76' lang='grc' dir='ltr'>ι(</span> <span class='ocrx_word' id='word_1_54' title='bbox 492 752 662 792; x_wconf 83' lang='lat' dir='ltr'>Fratres</span> <span class='ocrx_word' id='word_1_55' title='bbox 683 783 693 802; x_wconf 91' lang='lat'>,</span> <span class='ocrx_word' id='word_1_56' title='bbox 720 748 798 791; x_wconf 87' lang='lat' dir='ltr'>etsi</span> <span class='ocrx_word' id='word_1_57' title='bbox 822 756 1151 807; x_wconf 81' lang='lat' dir='ltr'>praeoccupatus</span> <span class='ocrx_word' id='word_1_58' title='bbox 1184 746 1315 790; x_wconf 86' lang='lat' dir='ltr'>fuerit</span> <span class='ocrx_word' id='word_1_59' title='bbox 1337 747 1471 790; x_wconf 90' lang='lat' dir='ltr'>homo</span> <span class='ocrx_word' id='word_1_60' title='bbox 1492 746 1538 789; x_wconf 91' lang='lat' dir='ltr'>in</span> <span class='ocrx_word' id='word_1_61' title='bbox 1569 745 1716 806; x_wconf 90' lang='lat' dir='ltr'>aliquo</span> <span class='ocrx_word' id='word_1_62' title='bbox 1742 746 1824 791; x_wconf 82' lang='lat' dir='ltr'>de-</span> 
     </span>
     <span class='ocr_line' id='line_1_9' title="bbox 432 816 1815 877; baseline -0.001 -17"><span class='ocrx_word' id='word_1_63' title='bbox 432 836 454 860; x_wconf 67' lang='lat'>»</span> <span class='ocrx_word' id='word_1_64' title='bbox 489 818 592 863; x_wconf 90' lang='lat' dir='ltr'>licto</span> <span class='ocrx_word' id='word_1_65' title='bbox 609 854 619 873; x_wconf 89' lang='lat'>,</span> <span class='ocrx_word' id='word_1_66' title='bbox 646 834 718 862; x_wconf 89' lang='lat' dir='ltr'>vos</span> <span class='ocrx_word' id='word_1_67' title='bbox 736 819 811 877; x_wconf 92' lang='lat' dir='ltr'>qui</span> <span class='ocrx_word' id='word_1_68' title='bbox 843 818 1052 877; x_wconf 89' lang='lat' dir='ltr'>spiritales</span> <span class='ocrx_word' id='word_1_69' title='bbox 1088 817 1185 862; x_wconf 91' lang='lat' dir='ltr'>estis</span> <span class='ocrx_word' id='word_1_70' title='bbox 1203 853 1214 872; x_wconf 91' lang='lat'>,</span> <span class='ocrx_word' id='word_1_71' title='bbox 1245 817 1445 862; x_wconf 87' lang='lat' dir='ltr'>instruite</span> <span class='ocrx_word' id='word_1_72' title='bbox 1474 816 1771 876; x_wconf 81' lang='lat' dir='ltr'>hujusmodi1.</span> <span class='ocrx_word' id='word_1_73' title='bbox 1795 835 1815 858; x_wconf 72' lang='lat' dir='ltr'>n</span> 
     </span>
     <span class='ocr_line' id='line_1_10' title="bbox 430 887 1819 948; baseline -0.001 -16"><span class='ocrx_word' id='word_1_74' title='bbox 430 888 596 932; x_wconf 80' lang='lat' dir='ltr'>Deinde</span> <span class='ocrx_word' id='word_1_75' title='bbox 634 903 689 931; x_wconf 89' lang='lat' dir='ltr'>ne</span> <span class='ocrx_word' id='word_1_76' title='bbox 727 888 806 931; x_wconf 86' lang='lat' dir='ltr'>sibi</span> <span class='ocrx_word' id='word_1_77' title='bbox 844 889 1027 948; x_wconf 90' lang='lat' dir='ltr'>quisque</span> <span class='ocrx_word' id='word_1_78' title='bbox 1062 888 1261 932; x_wconf 86' lang='lat' dir='ltr'>videatur</span> <span class='ocrx_word' id='word_1_79' title='bbox 1281 888 1516 941; x_wconf 85' lang='lat' dir='ltr'>instruere,</span> <span class='ocrx_word' id='word_1_80' title='bbox 1556 887 1686 930; x_wconf 87' lang='lat' dir='ltr'>etiam</span> <span class='ocrx_word' id='word_1_81' title='bbox 1719 902 1819 930; x_wconf 90' lang='lat' dir='ltr'>cum</span> 
     </span>
     <span class='ocr_line' id='line_1_11' title="bbox 431 957 1819 1018; baseline -0.001 -15"><span class='ocrx_word' id='word_1_82' title='bbox 431 967 631 1018; x_wconf 86' lang='lat' dir='ltr'>proterve</span> <span class='ocrx_word' id='word_1_83' title='bbox 654 959 843 1017; x_wconf 78' lang='lat' dir='ltr'>exagitat</span> <span class='ocrx_word' id='word_1_84' title='bbox 864 958 1103 1018; x_wconf 83' lang='lat' dir='ltr'>irridetque</span> <span class='ocrx_word' id='word_1_85' title='bbox 1126 969 1401 1018; x_wconf 82' lang='lat' dir='ltr'>peccantem,</span> <span class='ocrx_word' id='word_1_86' title='bbox 1419 966 1494 1002; x_wconf 85' lang='lat' dir='ltr'>aut</span> <span class='ocrx_word' id='word_1_87' title='bbox 1511 957 1697 1017; x_wconf 85' lang='lat' dir='ltr'>superbe</span> <span class='ocrx_word' id='word_1_88' title='bbox 1719 966 1819 1002; x_wconf 88' lang='lat' dir='ltr'>tan-</span> 
     </span>
     <span class='ocr_line' id='line_1_12' title="bbox 431 1028 1821 1090; baseline 0 -18"><span class='ocrx_word' id='word_1_89' title='bbox 431 1044 563 1090; x_wconf 84' lang='lat' dir='ltr'>quam</span> <span class='ocrx_word' id='word_1_90' title='bbox 586 1028 872 1073; x_wconf 85' lang='lat' dir='ltr'>insanabilem</span> <span class='ocrx_word' id='word_1_91' title='bbox 897 1028 1156 1084; x_wconf 85' lang='lat' dir='ltr'>detestatur,</span> <span class='ocrx_word' id='word_1_92' title='bbox 1183 1049 1201 1070; x_wconf 92' lang='lat'>«</span> <span class='ocrx_word' id='word_1_93' title='bbox 1228 1030 1273 1072; x_wconf 88' lang='lat' dir='ltr'>in</span> <span class='ocrx_word' id='word_1_94' title='bbox 1303 1029 1480 1088; x_wconf 85' lang='lat' dir='ltr'>spiritu,</span> <span class='ocrx_word' id='word_1_95' title='bbox 1506 1028 1671 1088; x_wconf 89' lang='lat' dir='ltr'>inquit,</span> <span class='ocrx_word' id='word_1_96' title='bbox 1696 1043 1821 1072; x_wconf 86' lang='lat' dir='ltr'>man-</span> 
     </span>
     <span class='ocr_line' id='line_1_13' title="bbox 433 1098 1822 1160; baseline 0 -18"><span class='ocrx_word' id='word_1_97' title='bbox 433 1118 453 1140; x_wconf 88' lang='lat'>»</span> <span class='ocrx_word' id='word_1_98' title='bbox 489 1098 754 1153; x_wconf 84' lang='lat' dir='ltr'>suetudinis,</span> <span class='ocrx_word' id='word_1_99' title='bbox 781 1099 1012 1143; x_wconf 83' lang='lat' dir='ltr'>intendens</span> <span class='ocrx_word' id='word_1_100' title='bbox 1035 1109 1077 1143; x_wconf 89' lang='lat' dir='ltr'>te</span> <span class='ocrx_word' id='word_1_101' title='bbox 1097 1100 1239 1160; x_wconf 89' lang='lat' dir='ltr'>ipsum</span> <span class='ocrx_word' id='word_1_102' title='bbox 1264 1115 1319 1143; x_wconf 92' lang='lat' dir='ltr'>ne</span> <span class='ocrx_word' id='word_1_103' title='bbox 1341 1109 1382 1144; x_wconf 85' lang='lat' dir='ltr'>et</span> <span class='ocrx_word' id='word_1_104' title='bbox 1403 1109 1450 1143; x_wconf 90' lang='lat' dir='ltr'>tu</span> <span class='ocrx_word' id='word_1_105' title='bbox 1475 1099 1669 1143; x_wconf 86' lang='lat' dir='ltr'>tenteris.</span> <span class='ocrx_word' id='word_1_106' title='bbox 1701 1117 1720 1139; x_wconf 89' lang='lat'>»</span> <span class='ocrx_word' id='word_1_107' title='bbox 1746 1099 1822 1144; x_wconf 88' lang='lat' dir='ltr'>Ni-</span> 
     </span>
     <span class='ocr_line' id='line_1_14' title="bbox 430 1169 1820 1229; baseline 0.001 -16"><span class='ocrx_word' id='word_1_108' title='bbox 430 1170 490 1213; x_wconf 90' lang='lat' dir='ltr'>hil</span> <span class='ocrx_word' id='word_1_109' title='bbox 529 1171 642 1213; x_wconf 85' lang='lat' dir='ltr'>enim</span> <span class='ocrx_word' id='word_1_110' title='bbox 683 1170 736 1214; x_wconf 89' lang='lat' dir='ltr'>ad</span> <span class='ocrx_word' id='word_1_111' title='bbox 772 1169 1104 1214; x_wconf 87' lang='lat' dir='ltr'>misericordiam</span> <span class='ocrx_word' id='word_1_112' title='bbox 1145 1172 1202 1215; x_wconf 88' lang='lat' dir='ltr'>sic</span> <span class='ocrx_word' id='word_1_113' title='bbox 1244 1170 1420 1215; x_wconf 88' lang='lat' dir='ltr'>inclinat</span> <span class='ocrx_word' id='word_1_114' title='bbox 1440 1205 1451 1224; x_wconf 88' lang='lat'>,</span> <span class='ocrx_word' id='word_1_115' title='bbox 1491 1185 1621 1229; x_wconf 74' lang='lat' dir='ltr'>cpiam</span> <span class='ocrx_word' id='word_1_116' title='bbox 1655 1170 1820 1229; x_wconf 88' lang='lat' dir='ltr'>proprii</span> 
     </span>
     <span class='ocr_line' id='line_1_15' title="bbox 431 1240 1819 1300; baseline -0.001 -16"><span class='ocrx_word' id='word_1_117' title='bbox 431 1240 611 1300; x_wconf 86' lang='lat' dir='ltr'>periculi</span> <span class='ocrx_word' id='word_1_118' title='bbox 642 1241 860 1299; x_wconf 84' lang='lat' dir='ltr'>cogitatio.</span> <span class='ocrx_word' id='word_1_119' title='bbox 888 1244 951 1285; x_wconf 87' lang='lat' dir='ltr'>Ita</span> <span class='ocrx_word' id='word_1_120' title='bbox 975 1256 1046 1285; x_wconf 90' lang='lat' dir='ltr'>eos</span> <span class='ocrx_word' id='word_1_121' title='bbox 1068 1257 1148 1285; x_wconf 85' lang='lat' dir='ltr'>nec</span> <span class='ocrx_word' id='word_1_122' title='bbox 1171 1242 1315 1285; x_wconf 86' lang='lat' dir='ltr'>deesse</span> <span class='ocrx_word' id='word_1_123' title='bbox 1337 1240 1476 1284; x_wconf 88' lang='lat' dir='ltr'>voluit</span> <span class='ocrx_word' id='word_1_124' title='bbox 1513 1240 1697 1284; x_wconf 83' lang='lat' dir='ltr'>fratrum</span> <span class='ocrx_word' id='word_1_125' title='bbox 1719 1255 1819 1284; x_wconf 84' lang='lat' dir='ltr'>cor-</span> 
     </span>
     <span class='ocr_line' id='line_1_16' title="bbox 430 1310 1819 1371; baseline 0 -16"><span class='ocrx_word' id='word_1_126' title='bbox 430 1312 616 1371; x_wconf 89' lang='lat' dir='ltr'>reptioni</span> <span class='ocrx_word' id='word_1_127' title='bbox 633 1347 643 1364; x_wconf 94' lang='lat'>,</span> <span class='ocrx_word' id='word_1_128' title='bbox 668 1327 749 1355; x_wconf 90' lang='lat' dir='ltr'>nec</span> <span class='ocrx_word' id='word_1_129' title='bbox 771 1312 946 1356; x_wconf 85' lang='lat' dir='ltr'>studere</span> <span class='ocrx_word' id='word_1_130' title='bbox 968 1313 1208 1356; x_wconf 86' lang='lat' dir='ltr'>certamini.</span> <span class='ocrx_word' id='word_1_131' title='bbox 1228 1310 1355 1356; x_wconf 88' lang='lat' dir='ltr'>Multi</span> <span class='ocrx_word' id='word_1_132' title='bbox 1371 1312 1485 1355; x_wconf 81' lang='lat' dir='ltr'>enim</span> <span class='ocrx_word' id='word_1_133' title='bbox 1500 1312 1698 1355; x_wconf 89' lang='lat' dir='ltr'>homines</span> <span class='ocrx_word' id='word_1_134' title='bbox 1719 1326 1819 1355; x_wconf 89' lang='lat' dir='ltr'>cum</span> 
     </span>
     <span class='ocr_line' id='line_1_17' title="bbox 432 1381 1816 1442; baseline -0.002 -15"><span class='ocrx_word' id='word_1_135' title='bbox 432 1398 455 1426; x_wconf 84' lang='lat' dir='ltr'>a</span> <span class='ocrx_word' id='word_1_136' title='bbox 477 1398 628 1427; x_wconf 89' lang='lat' dir='ltr'>somno</span> <span class='ocrx_word' id='word_1_137' title='bbox 651 1383 919 1438; x_wconf 78' lang='lat' dir='ltr'>excitantur,</span> <span class='ocrx_word' id='word_1_138' title='bbox 945 1383 1114 1442; x_wconf 81' lang='lat' dir='ltr'>litigare</span> <span class='ocrx_word' id='word_1_139' title='bbox 1138 1382 1318 1438; x_wconf 72' lang='lat' dir='ltr'>volunt,</span> <span class='ocrx_word' id='word_1_140' title='bbox 1345 1391 1420 1426; x_wconf 87' lang='lat' dir='ltr'>aut</span> <span class='ocrx_word' id='word_1_141' title='bbox 1440 1398 1586 1425; x_wconf 88' lang='lat' dir='ltr'>rursus</span> <span class='ocrx_word' id='word_1_142' title='bbox 1610 1381 1816 1436; x_wconf 83' lang='lat' dir='ltr'>dormire,</span> 
     </span>
     <span class='ocr_line' id='line_1_18' title="bbox 430 1451 1819 1512; baseline -0.001 -15"><span class='ocrx_word' id='word_1_143' title='bbox 430 1469 529 1497; x_wconf 88' lang='lat' dir='ltr'>cum</span> <span class='ocrx_word' id='word_1_144' title='bbox 549 1453 718 1511; x_wconf 79' lang='lat' dir='ltr'>litigare</span> <span class='ocrx_word' id='word_1_145' title='bbox 742 1454 1045 1512; x_wconf 87' lang='lat' dir='ltr'>prohibentur.</span> <span class='ocrx_word' id='word_1_146' title='bbox 1069 1457 1153 1496; x_wconf 79' lang='lat' dir='ltr'>Pax</span> <span class='ocrx_word' id='word_1_147' title='bbox 1169 1453 1301 1510; x_wconf 80' lang='lat' dir='ltr'>igitur</span> <span class='ocrx_word' id='word_1_148' title='bbox 1324 1462 1366 1496; x_wconf 93' lang='lat' dir='ltr'>et</span> <span class='ocrx_word' id='word_1_149' title='bbox 1388 1451 1588 1506; x_wconf 76' lang='lat' dir='ltr'>dilectio,</span> <span class='ocrx_word' id='word_1_150' title='bbox 1617 1467 1819 1496; x_wconf 85' lang='lat' dir='ltr'>commu-</span> 
     </span>
     <span class='ocr_line' id='line_1_19' title="bbox 431 1522 1814 1582; baseline -0.001 -16"><span class='ocrx_word' id='word_1_151' title='bbox 431 1523 495 1566; x_wconf 89' lang='lat' dir='ltr'>nis</span> <span class='ocrx_word' id='word_1_152' title='bbox 516 1523 697 1582; x_wconf 90' lang='lat' dir='ltr'>periculi</span> <span class='ocrx_word' id='word_1_153' title='bbox 721 1523 980 1581; x_wconf 78' lang='lat' dir='ltr'>cogitatione</span> <span class='ocrx_word' id='word_1_154' title='bbox 1002 1559 1013 1577; x_wconf 90' lang='lat'>,</span> <span class='ocrx_word' id='word_1_155' title='bbox 1043 1524 1088 1566; x_wconf 91' lang='lat' dir='ltr'>in</span> <span class='ocrx_word' id='word_1_156' title='bbox 1106 1523 1236 1567; x_wconf 90' lang='lat' dir='ltr'>corde</span> <span class='ocrx_word' id='word_1_157' title='bbox 1259 1531 1484 1566; x_wconf 84' lang='lat' dir='ltr'>serventur</span> <span class='ocrx_word' id='word_1_158' title='bbox 1511 1544 1518 1566; x_wconf 89' lang='lat'><strong>:</strong></span> <span class='ocrx_word' id='word_1_159' title='bbox 1544 1522 1699 1566; x_wconf 78' lang='lat' dir='ltr'>modus</span> <span class='ocrx_word' id='word_1_160' title='bbox 1734 1539 1814 1566; x_wconf 89' lang='lat' dir='ltr'>au-</span> 
     </span>
     <span class='ocr_line' id='line_1_20' title="bbox 430 1591 1818 1652; baseline 0 -15"><span class='ocrx_word' id='word_1_161' title='bbox 430 1603 515 1638; x_wconf 88' lang='lat' dir='ltr'>tem</span> <span class='ocrx_word' id='word_1_162' title='bbox 540 1595 774 1648; x_wconf 90' lang='lat' dir='ltr'>sermonis,</span> <span class='ocrx_word' id='word_1_163' title='bbox 797 1594 935 1637; x_wconf 88' lang='lat' dir='ltr'>acrius</span> <span class='ocrx_word' id='word_1_164' title='bbox 952 1629 961 1647; x_wconf 87' lang='lat'>,</span> <span class='ocrx_word' id='word_1_165' title='bbox 987 1594 1073 1636; x_wconf 89' lang='lat' dir='ltr'>sive</span> <span class='ocrx_word' id='word_1_166' title='bbox 1091 1593 1294 1637; x_wconf 84' lang='lat' dir='ltr'>blandius</span> <span class='ocrx_word' id='word_1_167' title='bbox 1317 1591 1562 1652; x_wconf 87' lang='lat' dir='ltr'>proferatur</span> <span class='ocrx_word' id='word_1_168' title='bbox 1579 1628 1589 1643; x_wconf 80' lang='lat'>,</span> <span class='ocrx_word' id='word_1_169' title='bbox 1616 1592 1728 1636; x_wconf 89' lang='lat' dir='ltr'>sicut</span> <span class='ocrx_word' id='word_1_170' title='bbox 1749 1609 1818 1637; x_wconf 89' lang='lat' dir='ltr'>sa-</span> 
     </span>
     <span class='ocr_line' id='line_1_21' title="bbox 430 1662 1815 1724; baseline 0 -17"><span class='ocrx_word' id='word_1_171' title='bbox 430 1664 497 1707; x_wconf 90' lang='lat' dir='ltr'>lus</span> <span class='ocrx_word' id='word_1_172' title='bbox 519 1665 608 1723; x_wconf 88' lang='lat' dir='ltr'>ejus</span> <span class='ocrx_word' id='word_1_173' title='bbox 625 1679 755 1724; x_wconf 88' lang='lat' dir='ltr'>quem</span> <span class='ocrx_word' id='word_1_174' title='bbox 775 1664 949 1722; x_wconf 87' lang='lat' dir='ltr'>corrigis</span> <span class='ocrx_word' id='word_1_175' title='bbox 973 1663 1191 1723; x_wconf 78' lang='lat' dir='ltr'>postulare</span> <span class='ocrx_word' id='word_1_176' title='bbox 1209 1662 1397 1717; x_wconf 86' lang='lat' dir='ltr'>videtur,</span> <span class='ocrx_word' id='word_1_177' title='bbox 1424 1663 1715 1707; x_wconf 87' lang='lat' dir='ltr'>moderandus</span> <span class='ocrx_word' id='word_1_178' title='bbox 1738 1673 1815 1707; x_wconf 77' lang='lat' dir='ltr'>est.</span> 
     </span>
     <span class='ocr_line' id='line_1_22' title="bbox 430 1733 1818 1790; baseline -0.003 -11"><span class='ocrx_word' id='word_1_179' title='bbox 430 1738 537 1779; x_wconf 87' lang='lat' dir='ltr'>Nam</span> <span class='ocrx_word' id='word_1_180' title='bbox 562 1745 605 1779; x_wconf 86' lang='lat' dir='ltr'>et</span> <span class='ocrx_word' id='word_1_181' title='bbox 624 1735 707 1779; x_wconf 81' lang='lat' dir='ltr'>alio</span> <span class='ocrx_word' id='word_1_182' title='bbox 729 1735 825 1779; x_wconf 83' lang='lat' dir='ltr'>loeo</span> <span class='ocrx_word' id='word_1_183' title='bbox 848 1736 951 1778; x_wconf 90' lang='lat' dir='ltr'>dicit</span> <span class='ocrx_word' id='word_1_184' title='bbox 976 1755 983 1778; x_wconf 89' lang='lat'>:</span> <span class='ocrx_word' id='word_1_185' title='bbox 1015 1754 1033 1775; x_wconf 88' lang='lat'>«</span> <span class='ocrx_word' id='word_1_186' title='bbox 1063 1737 1240 1778; x_wconf 88' lang='lat' dir='ltr'>Servum</span> <span class='ocrx_word' id='word_1_187' title='bbox 1265 1743 1410 1778; x_wconf 85' lang='lat' dir='ltr'>autem</span> <span class='ocrx_word' id='word_1_188' title='bbox 1445 1734 1615 1778; x_wconf 87' lang='lat' dir='ltr'>Domini</span> <span class='ocrx_word' id='word_1_189' title='bbox 1652 1733 1818 1790; x_wconf 77' lang='lat' dir='ltr'>litigare</span> 
     </span>
     <span class='ocr_line' id='line_1_23' title="bbox 435 1802 1814 1864; baseline -0.001 -16"><span class='ocrx_word' id='word_1_190' title='bbox 435 1824 454 1845; x_wconf 91' lang='lat'>»</span> <span class='ocrx_word' id='word_1_191' title='bbox 490 1820 577 1849; x_wconf 87' lang='lat' dir='ltr'>non</span> <span class='ocrx_word' id='word_1_192' title='bbox 597 1809 796 1864; x_wconf 67' lang='lat' dir='ltr'>oportet²</span> <span class='ocrx_word' id='word_1_193' title='bbox 825 1825 833 1849; x_wconf 79' lang='lat'>2</span> <span class='ocrx_word' id='word_1_194' title='bbox 864 1823 882 1844; x_wconf 60' lang='grc' dir='ltr'>η</span> <span class='ocrx_word' id='word_1_195' title='bbox 904 1804 978 1848; x_wconf 86' lang='lat' dir='ltr'>sed</span> <span class='ocrx_word' id='word_1_196' title='bbox 999 1804 1147 1847; x_wconf 91' lang='lat' dir='ltr'>mitem</span> <span class='ocrx_word' id='word_1_197' title='bbox 1172 1819 1259 1846; x_wconf 88' lang='lat' dir='ltr'>esse</span> <span class='ocrx_word' id='word_1_198' title='bbox 1282 1804 1335 1846; x_wconf 88' lang='lat' dir='ltr'>ad</span> <span class='ocrx_word' id='word_1_199' title='bbox 1359 1818 1508 1847; x_wconf 90' lang='lat' dir='ltr'>omnes</span> <span class='ocrx_word' id='word_1_200' title='bbox 1529 1839 1539 1856; x_wconf 85' lang='lat'>,</span> <span class='ocrx_word' id='word_1_201' title='bbox 1565 1802 1814 1857; x_wconf 86' lang='lat' dir='ltr'>docibilem,</span> 
     </span>
     <span class='ocr_line' id='line_1_24' title="bbox 432 1874 1818 1935; baseline -0.001 -16"><span class='ocrx_word' id='word_1_202' title='bbox 432 1877 682 1935; x_wconf 83' lang='lat' dir='ltr'>patientem.</span> <span class='ocrx_word' id='word_1_203' title='bbox 706 1878 761 1918; x_wconf 92' lang='lat' dir='ltr'>Et</span> <span class='ocrx_word' id='word_1_204' title='bbox 798 1891 852 1918; x_wconf 85' lang='lat' dir='ltr'>ne</span> <span class='ocrx_word' id='word_1_205' title='bbox 887 1875 1114 1934; x_wconf 84' lang='lat' dir='ltr'>quisquam</span> <span class='ocrx_word' id='word_1_206' title='bbox 1140 1890 1188 1917; x_wconf 75' lang='lat' dir='ltr'>ex</span> <span class='ocrx_word' id='word_1_207' title='bbox 1222 1889 1273 1917; x_wconf 87' lang='lat' dir='ltr'>eo</span> <span class='ocrx_word' id='word_1_208' title='bbox 1295 1883 1422 1932; x_wconf 87' lang='lat' dir='ltr'>putet</span> <span class='ocrx_word' id='word_1_209' title='bbox 1456 1874 1711 1917; x_wconf 74' lang='lat' dir='ltr'>cessandum</span> <span class='ocrx_word' id='word_1_210' title='bbox 1737 1875 1818 1918; x_wconf 86' lang='lat' dir='ltr'>sibi</span> 
     </span>
     <span class='ocr_line' id='line_1_25' title="bbox 433 1943 1814 2004; baseline -0.001 -15"><span class='ocrx_word' id='word_1_211' title='bbox 433 1961 522 1989; x_wconf 84' lang='lat' dir='ltr'>esse</span> <span class='ocrx_word' id='word_1_212' title='bbox 545 1961 567 1988; x_wconf 91' lang='lat' dir='ltr'>a</span> <span class='ocrx_word' id='word_1_213' title='bbox 590 1946 862 2004; x_wconf 85' lang='lat' dir='ltr'>correptione</span> <span class='ocrx_word' id='word_1_214' title='bbox 897 1944 1050 1988; x_wconf 90' lang='lat' dir='ltr'>erroris</span> <span class='ocrx_word' id='word_1_215' title='bbox 1074 1944 1275 1998; x_wconf 79' lang='lat' dir='ltr'>alterius,</span> <span class='ocrx_word' id='word_1_216' title='bbox 1316 1943 1416 1987; x_wconf 85' lang='lat' dir='ltr'>vide</span> <span class='ocrx_word' id='word_1_217' title='bbox 1441 1944 1548 2003; x_wconf 87' lang='lat' dir='ltr'>quid</span> <span class='ocrx_word' id='word_1_218' title='bbox 1573 1945 1781 2003; x_wconf 84' lang='lat' dir='ltr'>adjungat</span> <span class='ocrx_word' id='word_1_219' title='bbox 1807 1964 1814 1989; x_wconf 95' lang='lat'><strong>:</strong></span> 
     </span>
     <span class='ocr_line' id='line_1_26' title="bbox 436 2014 1815 2073; baseline 0 -16"><span class='ocrx_word' id='word_1_220' title='bbox 436 2036 455 2057; x_wconf 93' lang='lat'>«</span> <span class='ocrx_word' id='word_1_221' title='bbox 494 2019 541 2059; x_wconf 92' lang='lat' dir='ltr'>ln</span> <span class='ocrx_word' id='word_1_222' title='bbox 561 2016 787 2070; x_wconf 81' lang='lat' dir='ltr'>modestia,</span> <span class='ocrx_word' id='word_1_223' title='bbox 810 2015 970 2073; x_wconf 85' lang='lat' dir='ltr'>inquit,</span> <span class='ocrx_word' id='word_1_224' title='bbox 996 2014 1297 2072; x_wconf 80' lang='lat' dir='ltr'>corripientem</span> <span class='ocrx_word' id='word_1_225' title='bbox 1323 2014 1491 2058; x_wconf 85' lang='lat' dir='ltr'>diversa</span> <span class='ocrx_word' id='word_1_226' title='bbox 1511 2015 1815 2059; x_wconf 77' lang='lat' dir='ltr'>sentientes3.»</span> 
     </span>
     <span class='ocr_line' id='line_1_27' title="bbox 432 2083 1818 2143; baseline -0.001 -14"><span class='ocrx_word' id='word_1_227' title='bbox 432 2085 664 2139; x_wconf 84' lang='lat' dir='ltr'>Quomodo</span> <span class='ocrx_word' id='word_1_228' title='bbox 691 2085 734 2127; x_wconf 89' lang='lat' dir='ltr'>in</span> <span class='ocrx_word' id='word_1_229' title='bbox 758 2084 990 2137; x_wconf 86' lang='lat' dir='ltr'>modestia,</span> <span class='ocrx_word' id='word_1_230' title='bbox 1017 2083 1240 2143; x_wconf 87' lang='lat' dir='ltr'>quomodo</span> <span class='ocrx_word' id='word_1_231' title='bbox 1262 2085 1565 2143; x_wconf 85' lang='lat' dir='ltr'>corripientem</span> <span class='ocrx_word' id='word_1_232' title='bbox 1584 2121 1594 2138; x_wconf 92' lang='lat'>,</span> <span class='ocrx_word' id='word_1_233' title='bbox 1616 2085 1695 2128; x_wconf 91' lang='lat' dir='ltr'>nisi</span> <span class='ocrx_word' id='word_1_234' title='bbox 1719 2101 1818 2129; x_wconf 89' lang='lat' dir='ltr'>cum</span> 
     </span>
     <span class='ocr_line' id='line_1_28' title="bbox 433 2154 1819 2213; baseline -0.001 -14"><span class='ocrx_word' id='word_1_235' title='bbox 433 2156 651 2199; x_wconf 86' lang='lat' dir='ltr'>lenitatem</span> <span class='ocrx_word' id='word_1_236' title='bbox 671 2154 801 2198; x_wconf 84' lang='lat' dir='ltr'>corde</span> <span class='ocrx_word' id='word_1_237' title='bbox 824 2155 1059 2197; x_wconf 82' lang='lat' dir='ltr'>retinemus</span> <span class='ocrx_word' id='word_1_238' title='bbox 1075 2189 1085 2208; x_wconf 86' lang='lat'>,</span> <span class='ocrx_word' id='word_1_239' title='bbox 1113 2163 1155 2196; x_wconf 89' lang='lat' dir='ltr'>et</span> <span class='ocrx_word' id='word_1_240' title='bbox 1177 2154 1365 2213; x_wconf 82' lang='lat' dir='ltr'>aliquam</span> <span class='ocrx_word' id='word_1_241' title='bbox 1386 2155 1688 2199; x_wconf 86' lang='lat' dir='ltr'>medicamenti</span> <span class='ocrx_word' id='word_1_242' title='bbox 1714 2157 1819 2199; x_wconf 85' lang='lat' dir='ltr'>acri-</span> 
     </span>
     <span class='ocr_line' id='line_1_29' title="bbox 431 2225 1818 2282; baseline 0 -13"><span class='ocrx_word' id='word_1_243' title='bbox 431 2226 621 2269; x_wconf 89' lang='lat' dir='ltr'>moniam</span> <span class='ocrx_word' id='word_1_244' title='bbox 645 2225 778 2268; x_wconf 86' lang='lat' dir='ltr'>verbo</span> <span class='ocrx_word' id='word_1_245' title='bbox 809 2225 1091 2282; x_wconf 83' lang='lat' dir='ltr'>correptionis</span> <span class='ocrx_word' id='word_1_246' title='bbox 1114 2225 1410 2282; x_wconf 68' lang='lat' dir='ltr'>aspergimus?</span> <span class='ocrx_word' id='word_1_247' title='bbox 1445 2228 1532 2270; x_wconf 89' lang='lat' dir='ltr'>Nec</span> <span class='ocrx_word' id='word_1_248' title='bbox 1557 2226 1680 2269; x_wconf 85' lang='lat' dir='ltr'>aliter</span> <span class='ocrx_word' id='word_1_249' title='bbox 1706 2226 1818 2269; x_wconf 84' lang='lat' dir='ltr'>acci—</span> 
     </span>
     <span class='ocr_line' id='line_1_30' title="bbox 431 2293 1816 2354; baseline 0.002 -17"><span class='ocrx_word' id='word_1_250' title='bbox 431 2295 641 2354; x_wconf 88' lang='lat' dir='ltr'>piendum</span> <span class='ocrx_word' id='word_1_251' title='bbox 684 2295 811 2338; x_wconf 88' lang='lat' dir='ltr'>video</span> <span class='ocrx_word' id='word_1_252' title='bbox 849 2293 967 2354; x_wconf 88' lang='lat' dir='ltr'>quod</span> <span class='ocrx_word' id='word_1_253' title='bbox 1008 2295 1048 2336; x_wconf 86' lang='lat' dir='ltr'>in</span> <span class='ocrx_word' id='word_1_254' title='bbox 1091 2293 1238 2336; x_wconf 86' lang='lat' dir='ltr'>eadem</span> <span class='ocrx_word' id='word_1_255' title='bbox 1271 2295 1462 2353; x_wconf 85' lang='lat' dir='ltr'>Epistola</span> <span class='ocrx_word' id='word_1_256' title='bbox 1496 2296 1683 2354; x_wconf 87' lang='lat' dir='ltr'>positum</span> <span class='ocrx_word' id='word_1_257' title='bbox 1719 2305 1782 2339; x_wconf 83' lang='lat' dir='ltr'>est</span> <span class='ocrx_word' id='word_1_258' title='bbox 1807 2315 1816 2340; x_wconf 79' lang='lat' dir='ltr'>z</span> 
     </span>
     <span class='ocr_line' id='line_1_31' title="bbox 437 2365 1815 2425; baseline 0.004 -19"><span class='ocrx_word' id='word_1_259' title='bbox 437 2385 456 2407; x_wconf 88' lang='lat'>«</span> <span class='ocrx_word' id='word_1_260' title='bbox 493 2365 683 2409; x_wconf 83' lang='lat' dir='ltr'>Praedica</span> <span class='ocrx_word' id='word_1_261' title='bbox 706 2365 906 2420; x_wconf 88' lang='lat' dir='ltr'>verbum,</span> <span class='ocrx_word' id='word_1_262' title='bbox 941 2368 1049 2409; x_wconf 90' lang='lat' dir='ltr'>insta</span> <span class='ocrx_word' id='word_1_263' title='bbox 1072 2374 1318 2423; x_wconf 89' lang='lat' dir='ltr'>opportune</span> <span class='ocrx_word' id='word_1_264' title='bbox 1333 2401 1343 2420; x_wconf 92' lang='lat'>,</span> <span class='ocrx_word' id='word_1_265' title='bbox 1368 2367 1615 2425; x_wconf 85' lang='lat' dir='ltr'>importune</span> <span class='ocrx_word' id='word_1_266' title='bbox 1631 2403 1641 2419; x_wconf 94' lang='lat'>,</span> <span class='ocrx_word' id='word_1_267' title='bbox 1669 2382 1815 2425; x_wconf 77' lang='lat' dir='ltr'>argue,</span> 
     </span>
     <span class='ocr_line' id='line_1_32' title="bbox 435 2435 1813 2495; baseline 0.003 -19"><span class='ocrx_word' id='word_1_268' title='bbox 435 2454 454 2476; x_wconf 86' lang='lat'>»</span> <span class='ocrx_word' id='word_1_269' title='bbox 489 2436 665 2479; x_wconf 87' lang='lat' dir='ltr'>hortare</span> <span class='ocrx_word' id='word_1_270' title='bbox 682 2470 694 2490; x_wconf 94' lang='lat'>,</span> <span class='ocrx_word' id='word_1_271' title='bbox 720 2436 891 2495; x_wconf 88' lang='lat' dir='ltr'>increpa</span> <span class='ocrx_word' id='word_1_272' title='bbox 912 2437 956 2479; x_wconf 87' lang='lat' dir='ltr'>in</span> <span class='ocrx_word' id='word_1_273' title='bbox 979 2436 1098 2480; x_wconf 90' lang='lat' dir='ltr'>omni</span> <span class='ocrx_word' id='word_1_274' title='bbox 1117 2435 1444 2494; x_wconf 79' lang='lat' dir='ltr'>longanimitate</span> <span class='ocrx_word' id='word_1_275' title='bbox 1463 2446 1505 2480; x_wconf 85' lang='lat' dir='ltr'>et</span> <span class='ocrx_word' id='word_1_276' title='bbox 1524 2437 1718 2481; x_wconf 83' lang='lat' dir='ltr'>doctrina</span> <span class='ocrx_word' id='word_1_277' title='bbox 1735 2440 1765 2480; x_wconf 78' lang='lat'>⁴.</span> <span class='ocrx_word' id='word_1_278' title='bbox 1795 2456 1813 2477; x_wconf 90' lang='lat'>»</span> 
     </span>
    </p>
   </div>
   <div class='ocr_carea' id='block_1_3' title="bbox 483 2530 1622 2573">
    <p class='ocr_par' dir='ltr' id='par_1_4' title="bbox 483 2530 1622 2573">
     <span class='ocr_line' id='line_1_33' title="bbox 483 2530 1622 2573; baseline 0.003 -13"><span class='ocrx_word' id='word_1_279' title='bbox 483 2538 488 2551; x_wconf 85' lang='lat'>¹</span> <span class='ocrx_word' id='word_1_280' title='bbox 510 2531 611 2563; x_wconf 70' lang='lat' dir='ltr'>Galat.</span> <span class='ocrx_word' id='word_1_281' title='bbox 635 2543 681 2571; x_wconf 82' lang='lat' dir='ltr'>v:,</span> <span class='ocrx_word' id='word_1_282' title='bbox 702 2543 729 2562; x_wconf 86' lang='grc' dir='ltr'>ι.</span> <span class='ocrx_word' id='word_1_283' title='bbox 759 2549 783 2553; x_wconf 75' lang='lat'><em>—</em></span> <span class='ocrx_word' id='word_1_284' title='bbox 809 2539 857 2564; x_wconf 67' lang='lat'>⁹1),</span> <span class='ocrx_word' id='word_1_285' title='bbox 876 2533 953 2564; x_wconf 83' lang='lat' dir='ltr'>Tim.</span> <span class='ocrx_word' id='word_1_286' title='bbox 976 2543 1010 2570; x_wconf 84' lang='grc' dir='ltr'>ιι,</span> <span class='ocrx_word' id='word_1_287' title='bbox 1027 2531 1078 2573; x_wconf 69' lang='grc'>24.</span> <span class='ocrx_word' id='word_1_288' title='bbox 1101 2549 1140 2554; x_wconf 84' lang='lat'>——</span> <span class='ocrx_word' id='word_1_289' title='bbox 1166 2530 1437 2563; x_wconf 71' lang='lat' dir='ltr'>311·i‹1.25.----‘=</span> <span class='ocrx_word' id='word_1_290' title='bbox 1461 2533 1504 2563; x_wconf 70' lang='lat' dir='ltr'>Id⁴</span> <span class='ocrx_word' id='word_1_291' title='bbox 1529 2543 1570 2572; x_wconf 76' lang='lat' dir='ltr'>iv,</span> <span class='ocrx_word' id='word_1_292' title='bbox 1592 2542 1622 2563; x_wconf 73' lang='lat'>2.</span> 
     </span>
    </p>
   </div>
   <div class='ocr_carea' id='block_1_4' title="bbox 1877 0 1898 1139">
    <p class='ocr_par' dir='ltr' id='par_1_5' title="bbox 1877 0 1898 1139">
     <span class='ocr_line' id='line_1_34' title="bbox 1877 0 1882 85; baseline 0 0"><span class='ocrx_word' id='word_1_293' title='bbox 1877 0 1882 85; x_wconf 70' lang='grc' dir='ltr'>ἱ</span> 
     </span>
     <span class='ocr_line' id='line_1_35' title="bbox 1879 91 1885 298; baseline 0 -20"><span class='ocrx_word' id='word_1_294' title='bbox 1879 91 1885 298; x_wconf 67' lang='lat' dir='ltr'>i</span> 
     </span>
     <span class='ocr_line' id='line_1_36' title="bbox 1882 317 1887 389; baseline 0 -13"><span class='ocrx_word' id='word_1_295' title='bbox 1882 317 1887 389; x_wconf 72' lang='lat' dir='ltr'>l</span> 
     </span>
     <span class='ocr_line' id='line_1_37' title="bbox 1884 401 1891 688; baseline 0 0"><span class='ocrx_word' id='word_1_296' title='bbox 1884 401 1891 688; x_wconf 73' lang='lat' dir='ltr'>l</span> 
     </span>
     <span class='ocr_line' id='line_1_38' title="bbox 1888 706 1894 906; baseline 0 -50"><span class='ocrx_word' id='word_1_297' title='bbox 1888 706 1894 906; x_wconf 59' lang='grc' dir='ltr'>ξ</span> 
     </span>
     <span class='ocr_line' id='line_1_39' title="bbox 1892 937 1898 1139; baseline 0 0"><span class='ocrx_word' id='word_1_298' title='bbox 1892 937 1898 1139; x_wconf 72' lang='grc' dir='ltr'>Ξ</span> 
     </span>
    </p>
   </div>
   <div class='ocr_carea' id='block_1_5' title="bbox 1895 1218 1905 1807">
    <p class='ocr_par' dir='ltr' id='par_1_6' title="bbox 1895 1218 1905 1807">
     <span class='ocr_line' id='line_1_40' title="bbox 1896 1218 1899 1241; baseline 0 0"><span class='ocrx_word' id='word_1_299' title='bbox 1896 1218 1899 1241; x_wconf 72' lang='lat' dir='ltr'>i</span> 
     </span>
     <span class='ocr_line' id='line_1_41' title="bbox 1895 1263 1901 1420; baseline 0 0"><span class='ocrx_word' id='word_1_300' title='bbox 1895 1263 1901 1420; x_wconf 78' lang='grc' dir='ltr'><strong>ἱ</strong></span> 
     </span>
     <span class='ocr_line' id='line_1_42' title="bbox 1898 1529 1902 1559; baseline 0 0"><span class='ocrx_word' id='word_1_301' title='bbox 1898 1529 1902 1559; x_wconf 86' lang='grc' dir='ltr'>Ι</span> 
     </span>
     <span class='ocr_line' id='line_1_43' title="bbox 1899 1568 1903 1607; baseline 0 0"><span class='ocrx_word' id='word_1_302' title='bbox 1899 1568 1903 1607; x_wconf 79' lang='lat' dir='ltr'>l</span> 
     </span>
     <span class='ocr_line' id='line_1_44' title="bbox 1900 1680 1904 1731; baseline 0 0"><span class='ocrx_word' id='word_1_303' title='bbox 1900 1680 1904 1731; x_wconf 82' lang='lat' dir='ltr'>l</span> 
     </span>
     <span class='ocr_line' id='line_1_45' title="bbox 1901 1741 1905 1807; baseline 0 0"><span class='ocrx_word' id='word_1_304' title='bbox 1901 1741 1905 1807; x_wconf 75' lang='lat' dir='ltr'>i</span> 
     </span>
    </p>
   </div>
   <div class='ocr_carea' id='block_1_6' title="bbox 1903 1963 1907 2168">
    <p class='ocr_par' dir='ltr' id='par_1_7' title="bbox 1903 1963 1907 2168">
     <span class='ocr_line' id='line_1_46' title="bbox 1903 1963 1906 2026; baseline 0 0"><span class='ocrx_word' id='word_1_305' title='bbox 1903 1963 1906 2026; x_wconf 87' lang='lat'>!</span> 
     </span>
     <span class='ocr_line' id='line_1_47' title="bbox 1904 2035 1907 2052; baseline 0 0"><span class='ocrx_word' id='word_1_306' title='bbox 1904 2035 1907 2052; x_wconf 90' lang='grc' dir='ltr'>ι</span> 
     </span>
     <span class='ocr_line' id='line_1_48' title="bbox 1904 2066 1907 2079; baseline 0 0"><span class='ocrx_word' id='word_1_307' title='bbox 1904 2066 1907 2079; x_wconf 79' lang='grc' dir='ltr'>Ι</span> 
     </span>
     <span class='ocr_line' id='line_1_49' title="bbox 1904 2088 1907 2105; baseline 0 0"><span class='ocrx_word' id='word_1_308' title='bbox 1904 2088 1907 2105; x_wconf 77' lang='grc' dir='ltr'>ι</span> 
     </span>
     <span class='ocr_line' id='line_1_50' title="bbox 1904 2112 1907 2134; baseline 0 0"><span class='ocrx_word' id='word_1_309' title='bbox 1904 2112 1907 2134; x_wconf 80' lang='grc' dir='ltr'>Ι</span> 
     </span>
     <span class='ocr_line' id='line_1_51' title="bbox 1904 2147 1907 2168; baseline 0 0"><span class='ocrx_word' id='word_1_310' title='bbox 1904 2147 1907 2168; x_wconf 84' lang='grc' dir='ltr'>Ι</span> 
     </span>
    </p>
   </div>
   <div class='ocr_carea' id='block_1_7' title="bbox 1895 1219 1924 1266">
    <p class='ocr_par' dir='ltr' id='par_1_8' title="bbox 1895 1219 1924 1266">
     <span class='ocr_line' id='line_1_52' title="bbox 1895 1219 1924 1266; baseline 0 0"><span class='ocrx_word' id='word_1_311' title='bbox 1895 1246 1899 1261; x_wconf 82' lang='lat'><em>.</em></span> <span class='ocrx_word' id='word_1_312' title='bbox 1919 1219 1924 1266; x_wconf 70' lang='lat' dir='ltr'>i</span> 
     </span>
    </p>
   </div>
  </div>
 </body>
</html>
