1924 3309
399 262 483 302 206
837 271 869 299 s.
905 271 1135 302 AUGUSTINJ
1169 274 1349 302 muscum

397 338 521 400 quasi
559 337 760 384 custodes
802 337 1013 383 librorum
1054 347 1319 384 nostrorum.
1370 338 1600 393 Quomodo
1641 341 1752 385 servi
1770 375 1782 397 ,

397 410 576 471 quando
597 419 703 458 eunt
724 411 769 454 in
791 409 1056 455 auditorium
1078 409 1245 455 domini
1259 410 1470 470 ipsorum,
1496 419 1672 470 portant
1692 420 1787 471 post

397 480 493 526 illos
523 480 719 536 codices,
750 489 793 525 et
826 480 929 525 foris
963 480 1115 525 sedent
1141 499 1149 525 ε
1175 480 1232 525 sic
1253 480 1394 526 factus
1417 490 1481 526 est
1502 480 1616 526 filius
1649 483 1787 543 major

399 551 488 597 filio
505 551 677 597 minori.
697 554 806 598 Nam
829 550 1066 612 aliquando
1086 561 1265 596 movent
1288 550 1432 612 aliqua
1454 552 1499 595 in
1525 552 1786 612 Scripturis3

398 623 512 668 etde
533 625 559 668 J
562 623 789 668 udaeorum
808 623 1034 667 codicibus
1053 622 1160 667 certi
1177 622 1343 683 aliquid
1365 623 1657 681 cognoscitur.
1682 623 1789 669 Ideo

398 709 499 753 ergo
520 695 655 755 sparsi
677 703 779 739 sunt
794 729 805 749 ,
831 703 881 738 ut
903 694 1029 739 nobis
1048 693 1182 739 libros
1205 703 1392 739 servent.
1418 696 1560 755 Major
1579 709 1682 753 ergo
1704 696 1788 739 mi-

397 766 493 811 nori
510 766 654 811 servit.
672 765 826 810 Videte
848 766 963 809 enim
979 780 1078 810 cum
1102 775 1266 826 quanta
1289 765 1504 825 dignitate
1525 767 1578 811 sit
1600 766 1789 826 populus

398 837 657 881 christianus
676 871 686 891 ‚
715 845 757 880 et
784 837 830 879 in
852 844 1017 896 quanta
1043 834 1288 881 defectione
1309 837 1364 881 sit
1395 837 1585 897 populus
1608 836 1790 883 Judaeo-

398 922 509 951 rum.
527 906 714 961 Quando
731 906 845 951 forte
862 907 953 951 ausi
975 916 1077 952 sunt
1090 906 1159 952 vel
1182 908 1404 952 modicum
1422 923 1598 953 movere
1623 910 1667 953 se
1690 923 1792 953 con-

402 988 464 1023 tra
487 979 778 1034 Christianos,
814 995 913 1038 quae
947 978 1030 1023 illis
1053 979 1315 1037 contigerint
1350 980 1528 1024 audistis
1555 979 1602 1024 in
1627 980 1791 1024 recenti

399 1059 611 1109 tempore.
653 1053 770 1109 Ergo
805 1049 937 1094 modo
965 1065 1116 1094 verum
1142 1060 1225 1104 est,
1263 1051 1401 1109 Major
1423 1050 1579 1094 serviet
1615 1050 1788 1095 minori.

399 1119 632 1174 Quomodo
650 1135 751 1179 ergo
774 1120 849 1165 illa
872 1119 1094 1165 beneditio
1115 1155 1125 1175 ,
1155 1139 1175 1162 «
1199 1120 1294 1165 Erit
1310 1121 1392 1164 tibi
1415 1137 1438 1165 a
1462 1136 1558 1165 rore
1580 1120 1680 1164 coeli
1703 1129 1746 1165 et
1768 1137 1792 1165 a

404 1210 423 1233 >›
460 1191 682 1236 fertilitate
709 1193 866 1236 terrae?
894 1191 1124 1245 Quomodo
1158 1192 1394 1248 minorem,
1430 1192 1489 1236 sic
1518 1202 1561 1236 et
1582 1193 1793 1252 majorem

403 1280 423 1303 »
460 1261 699 1306 benedixit.
728 1280 747 1303 »
778 1260 863 1307 Sed
895 1262 1047 1322 majori
1075 1261 1241 1306 dictum
1267 1271 1331 1306 est
1356 1281 1364 1307 :
1395 1281 1415 1304 «
1441 1265 1497 1306 Et
1531 1261 1613 1306 cris
1646 1277 1794 1306 servus

405 1352 424 1375 »
460 1332 603 1378 fratris
625 1333 704 1378 tui.
721 1336 778 1378 Et
799 1333 881 1377 erit
902 1333 985 1378 hoc
1003 1368 1014 1388 ,
1047 1348 1148 1377 cum
1167 1332 1344 1378 solveris
1368 1334 1524 1393 jugum
1547 1334 1637 1393 ejus
1656 1349 1679 1378 a
1696 1348 1793 1378 cer-

403 1423 423 1447 »
457 1406 551 1450 vice
572 1414 663 1450 tua.
688 1423 708 1446 »
734 1405 896 1458 Quanti
927 1413 1029 1449 sunt
1057 1405 1133 1465 qui
1155 1404 1379 1450 solverunt
1401 1406 1561 1466 jugum
1579 1421 1603 1449 a
1628 1406 1794 1450 cervice

400 1493 498 1533 sua,
524 1486 568 1521 et
604 1475 708 1521 facti
745 1486 847 1521 sunt
868 1476 1022 1521 fratres
1045 1476 1213 1521 nostri?
1239 1475 1401 1529 Quanti
1425 1475 1567 1520 Judaei
1590 1475 1792 1521 credide-

400 1558 504 1593 runt
525 1548 752 1593 attendite.
780 1550 836 1592 Et
856 1547 988 1593 modo
1004 1583 1015 1603 ‚
1036 1547 1070 1591 si
1092 1562 1224 1608 quem
1248 1546 1455 1591 Judaeum
1477 1547 1695 1591 inveneris
1712 1582 1723 1602 ,
1750 1556 1794 1592 et

399 1619 759 1679 evangelizaveris
785 1617 847 1662 illi
873 1619 1107 1663 Dominum
1134 1621 1283 1663 Jesum
1305 1619 1526 1663 Christum
1548 1653 1558 1672 ,
1590 1627 1634 1662 et
1656 1617 1794 1663 credi-

400 1689 536 1745 derit,
571 1705 719 1734 nonne
741 1689 869 1734 solvit
885 1689 1042 1748 jugum
1067 1704 1089 1732 a
1112 1689 1279 1732 cervice
1307 1690 1415 1732 sua?
1437 1691 1494 1732 Et
1523 1697 1686 1748 quanta
1710 1689 1794 1734 hoc

399 1759 599 1805 fecerunt
615 1759 763 1819 primis
782 1758 1050 1817 temporibus
1067 1756 1170 1801 fidei
1189 1756 1359 1801 millia?
1381 1759 1572 1803 Omnino
1594 1759 1671 1819 qui
1687 1768 1792 1804 tunc

399 1832 680 1877 crediderunt
697 1865 708 1885 ,
739 1829 850 1874 sicut
871 1828 1076 1888 legimus,
1102 1844 1152 1872 ex
1171 1828 1300 1873 servis
1320 1827 1424 1873 facti
1441 1838 1543 1887 sunt
1565 1829 1723 1874 fratres
1747 1840 1792 1874 et

401 1902 665 1949 cohaeredes.

459 1978 535 2019 VI.
572 1977 670 2020 Non
696 1988 799 2032 ergo
821 1971 1012 2017 Ecclesia
1038 1987 1138 2031 quae
1168 1971 1273 2016 dicit
1298 1990 1306 2016 :
1331 1991 1351 2014 «
1377 1971 1532 2017 Judica
1555 1987 1625 2017 me
1647 1976 1761 2018 Deus
1777 2009 1788 2028 ,

403 2066 424 2088 n
459 2056 502 2090 ct
524 2045 719 2091 discerne
749 2059 923 2088 causam
954 2057 1095 2087 meam
1116 2042 1171 2087 de
1193 2052 1321 2101 gente
1343 2059 1432 2088 non
1457 2053 1604 2088 sancta
1621 2046 1658 2099 ¹,
1687 2063 1706 2085 »
1735 2044 1791 2088 ab

400 2118 515 2163 Esaii
534 2133 577 2162 se
600 2116 695 2163 vult
717 2115 919 2170 discerni,
942 2131 963 2159 a
988 2130 1076 2175 quo
1091 2115 1180 2174 jam
1199 2113 1382 2158 discreta
1402 2123 1481 2169 est,
1506 2114 1583 2158 sed
1603 2130 1625 2158 a
1642 2115 1792 2160 Chris-

405 2190 529 2234 tianis
548 2188 688 2233 malis.
714 2191 799 2232 Iste
836 2187 953 2231 enim
982 2186 1141 2239 Jacob,
1175 2185 1219 2228 in
1249 2201 1338 2245 quo
1367 2185 1790 2247 figuratudrpopulus

402 2260 677 2314 christianus,
705 2257 883 2303 audistis
902 2254 1275 2318 quemadmodum
1298 2255 1486 2300 luctatus
1503 2256 1558 2300 sit
1578 2271 1678 2301 cum
1701 2260 1791 2302 Do-

402 2325 565 2376 mino'2.
594 2331 804 2375 Dominus
826 2330 943 2374 enim
964 2327 1027 2372 illi
1050 2327 1277 2388 apparuit,
1302 2327 1348 2371 id
1370 2336 1461 2382 est,
1485 2327 1679 2387 Angelus
1702 2343 1791 2387 ges·
1824 2325 1826 2335 ⁵

403 2412 497 2447 tans
518 2416 745 2461 personam
765 2401 840 2445 Dei
861 2420 869 2445 :
887 2400 1076 2444 luctatus
1093 2407 1155 2442 est
1176 2413 1276 2442 cum
1300 2396 1390 2453 illo,
1410 2407 1453 2443 ct
1473 2397 1646 2443 volebat
1667 2392 1790 2443 illum

404 2483 551 2518 tenere
569 2483 612 2518 et
634 2471 1019 2532 comprehendere.
1053 2469 1322 2515 Luctabatur
1341 2469 1414 2514 ille
1435 2490 1445 2527 3
1470 2469 1725 2530 praevaluit,
1749 2480 1791 2515 et

407 2546 572 2603 tenuit,
596 2560 697 2590 cum
714 2552 911 2599 teneret,
936 2558 1027 2588 non
1058 2541 1221 2587 dimisit
1238 2541 1319 2587 nisi
1342 2541 1613 2598 benedictus,
1639 2543 1790 2588 Domi-

453 2637 460 2654 ¹
483 2631 564 2663 Psal.
582 2642 661 2673 xm,
683 2642 713 2664 1.
733 2646 774 2653 —
794 2637 806 2653 ²
829 2632 908 2664 Gen.
929 2639 1029 2671 xxxii,
1048 2627 1102 2670 24.
