1924 3309
456 265 511 303 90
867 281 901 312 s.
937 282 1169 318 Aucus-nm
1201 292 1382 322 Emscom

452 340 627 399 retulit,
661 360 761 405 quae
798 348 910 393 nihil
951 351 1112 399 obsunt
1134 355 1235 401 fidei
1257 357 1472 423 bonisque
1502 367 1713 414 moribus.
1739 372 1836 418 Non
1890 420 1895 436 =.

451 412 566 456 enim
589 414 624 458 si
643 414 755 461 latro
778 428 870 463 erat
891 422 1076 483 quisque
1098 441 1199 472 cum
1234 441 1413 477 vocatus
1432 444 1518 491 est,
1554 437 1684 484 debet
1704 441 1749 485 in
1767 441 1836 487 la-

449 483 633 529 trocinio
667 501 936 546 permanere.
964 496 1115 540 Petrus
1149 508 1296 544 autem
1330 519 1431 548 cum
1464 508 1649 554 venisset
1681 514 1837 558 Antio-

447 553 588 598 chiam
605 590 616 610 ,
634 556 888 617 objurgatus
901 571 965 606 est
982 579 1002 608 a
1027 566 1178 624 Paulo,
1198 585 1288 615 non
1311 574 1412 633 quia
1430 579 1630 624 servabat
1647 596 1835 628 consue·
1891 576 1894 588 ’

448 623 644 670 tudinem
677 629 957 689 Judaeorum,
982 635 1027 678 in
1049 652 1136 697 qua
1159 650 1286 686 natus
1319 653 1449 705 atque
1485 649 1696 695 educatus
1717 664 1830 712 erat,

445 697 463 753 (
481 711 734 757 quanquam
765 702 883 761 apud
905 705 1064 751 Gentes
1087 723 1181 754 eam
1199 727 1290 757 non
1312 726 1524 777 servaret3
1548 721 1655 778 )sed
1679 723 1831 784 objur-

444 775 567 823 gatus
589 777 680 824 est,
714 772 816 831 quia
841 775 1053 822 Gentibus
1087 794 1182 824 eam
1213 782 1390 830 volebat
1419 788 1672 849 imponere1
1694 810 1703 836 :
1729 811 1831 842 cum

441 836 617 883 vidisset
639 841 852 900 quosdam
873 847 1040 892 venisse
1061 850 1115 894 ab
1132 853 1297 900 Jacobo
1312 890 1323 911 ‚
1346 856 1391 901 id
1409 868 1488 915 est,
1509 876 1533 905 a
1550 864 1576 906 J
1580 862 1705 909 udaea
1726 881 1829 912 nam
1892 879 1899 906 Ὶ1

440 907 644 954 Ecclesiae
676 914 1052 973 Jerosolymitanae
1082 923 1272 969 Jacobus
1302 929 1493 986 praefuit.
1522 933 1694 980 Timens
1724 952 1828 997 ergo

437 993 510 1023 eos
531 981 607 1040 qui
630 981 774 1029 adhuc
809 988 1026 1045 putabant
1047 992 1092 1036 in
1113 993 1198 1039 illis
1232 996 1609 1048 observationibus
1642 1005 1826 1054 salutem
1898 1012 1900 1022 '

435 1051 718 1098 constitutam
735 1090 745 1110 ,
777 1060 1033 1118 segregabat
1053 1078 1097 1107 se
1118 1080 1140 1107 a
1169 1067 1403 1125 GentibuS,
1436 1081 1480 1116 et
1508 1074 1708 1122 simulate
1741 1079 1824 1125 illis

434 1123 731 1169 consentiebat
752 1126 806 1171 ad
824 1128 1085 1189 imponenda
1103 1136 1317 1183 Gentibus
1338 1140 1409 1185 illa
1425 1158 1556 1189 onera
1574 1149 1792 1195 servitutis
1809 1171 1820 1197 :

431 1192 551 1252 quod
594 1194 638 1238 in
664 1196 796 1254 ipsius
834 1200 1148 1261 objurgationis
1184 1209 1327 1254 verbis
1365 1214 1464 1258 satis
1504 1228 1698 1276 apparet.
1724 1223 1821 1266 Non
1891 1212 1896 1281 ξ

430 1262 544 1307 enim
567 1265 627 1308 ait
652 1285 661 1311 z
683 1285 702 1309 «
739 1269 781 1313 Si
814 1278 889 1326 tu,
916 1288 1017 1317 cum
1045 1277 1225 1323 Judaeus
1259 1280 1312 1325 sis
1331 1317 1342 1337 ,
1375 1286 1616 1343 gentiliter,
1654 1299 1697 1335 et
1729 1307 1818 1337 non

429 1351 449 1374 »
480 1334 654 1394 judaice
674 1338 839 1396 vivis²‚
869 1360 888 1383 »
926 1346 1298 1403 quemadmodum
1322 1369 1469 1400 rursus
1491 1358 1546 1402 ad
1578 1372 1816 1408 consuetu-

425 1403 572 1448 dinem
596 1408 621 1449 J
625 1406 852 1455 ndaeorum
875 1417 1130 1475 reverteris3
1155 1419 1246 1475 sed',
1275 1441 1295 1464 «
1319 1427 1693 1483 quemadmodum
1709 1467 1721 1487 ,
1746 1434 1815 1478 in-

427 1492 446 1514 »
482 1475 603 1534 quit,
643 1479 801 1524 Gentes
835 1484 953 1542 cogis
981 1486 1234 1545 judaizare?
1266 1510 1285 1533 »
1323 1498 1450 1548 Quod
1487 1509 1633 1544 autem
1664 1503 1747 1548 hoc
1774 1507 1813 1550 ei

422 1559 565 1590 coram
590 1549 793 1595 omnibus
816 1552 948 1609 dixit,
977 1559 1205 1604 necessitas
1238 1565 1402 1622 coegit,
1440 1577 1490 1612 ut
1523 1585 1674 1616 omnes
1695 1573 1811 1620 illius

420 1616 722 1676 objurgatione
747 1635 1018 1671 sanarentur.
1051 1631 1149 1673 Non
1177 1633 1293 1676 enim
1323 1635 1431 1681 utile
1463 1648 1554 1683 erat
1586 1655 1775 1689 errorem
1793 1681 1804 1702 ,

417 1688 493 1746 qui
511 1687 654 1746 palam
687 1703 890 1749 noceret,
929 1696 974 1739 in
1004 1709 1168 1743 secreto
1200 1705 1447 1751 emendare.
1483 1712 1581 1755 Huc
1613 1716 1803 1772 accedit,

415 1758 534 1818 quod
556 1761 734 1806 firmitas
766 1773 809 1808 et
830 1765 1014 1811 charitas
1037 1771 1174 1826 Petri,
1200 1774 1270 1817 cui
1295 1783 1358 1819 ter
1380 1793 1403 1821 a
1430 1781 1615 1827 Domino
1636 1783 1804 1832 dictum

415 1837 478 1872 est
505 1848 514 1873 z
548 1848 566 1871 «
593 1833 723 1876 Amas
756 1837 858 1878 me?
891 1851 1017 1895 pasce
1049 1854 1148 1884 oves
1185 1847 1359 1902 meas³,
1395 1865 1415 1889 n
1453 1850 1802 1911 objurgationem

415 1898 541 1942 talem
566 1902 812 1959 posterioris
850 1908 1030 1964 pastoris
1062 1926 1140 1969 pro
1170 1913 1309 1959 salute
1346 1919 1484 1977 gregis
1516 1920 1801 1971 libentissime

410 1970 664 2015 sustinebat.
690 1975 798 2019 Nam
817 1985 907 2021 erat
924 1978 1202 2039 objurgatore
1223 2000 1301 2029 suo
1324 1987 1413 2046 ipse
1436 1991 1512 2049 qui
1535 1993 1799 2053 objurgaba-

408 2049 480 2084 tur
517 2043 776 2101 mirabilior,
802 2056 845 2091 et
867 2048 922 2093 ad
958 2050 1222 2099 imitandum
1246 2057 1480 2105 difficilior.
1514 2065 1700 2111 Facilius
1733 2078 1796 2114 est

405 2113 521 2157 enim
545 2114 691 2160 videre
713 2117 821 2177 quid
843 2119 887 2163 in
907 2120 991 2166 alio
1013 2125 1202 2184 corrigas
1221 2162 1231 2182 ‚
1257 2137 1389 2189 atque
1427 2132 1472 2176 id
1504 2135 1794 2196 vituperando

405 2182 475 2227 vel
497 2183 770 2245 objurgando
793 2191 1007 2250 corrigere
1024 2228 1035 2248 ,
1061 2210 1193 2254 quam
1216 2198 1362 2244 videre
1384 2203 1490 2262 quid
1523 2205 1568 2249 in
1593 2216 1636 2251 te
1658 2210 1793 2254 corri-

403 2254 595 2312 gendum
615 2257 689 2312 sit,
708 2257 983 2322 libenterque
1004 2266 1186 2325 corrigi,
1207 2268 1275 2313 vel
1292 2286 1367 2329 per
1384 2281 1426 2316 te
1443 2274 1602 2333 ipsum,
1622 2280 1787 2325 nedum

402 2338 478 2382 per
495 2325 651 2383 alium,
676 2328 788 2373 adde
812 2333 1106 2390 posteriorem,
1124 2338 1235 2382 adde
1258 2355 1403 2386 coram
1426 2346 1642 2392 omnibus.
1662 2350 1789 2396 Valet

402 2404 545 2439 autem
570 2398 652 2442 hoc
676 2400 730 2443 ad
753 2416 960 2461 magnum
983 2405 1239 2453 humilitatis
1267 2415 1513 2473 exemplum
1529 2453 1539 2472 ,
1565 2435 1664 2478 quae
1695 2437 1785 2467 ma-

399 2464 511 2509 xima
544 2477 608 2512 est
643 2468 868 2530 disciplina
905 2476 1167 2524 christiana:
1195 2480 1439 2531 humilitate
1462 2489 1577 2532 enim
1606 2506 1784 2536 conser-

399 2544 525 2578 vatur
546 2538 744 2584 charitas.
758 2543 865 2586 Nam
881 2545 989 2589 nihil
1007 2562 1100 2592 eam
1119 2550 1243 2594 citius
1263 2552 1392 2598 violat
1412 2572 1543 2616 quam
1559 2562 1776 2619 superbia.

448 2625 454 2641 ¹
473 2620 575 2653 Galat.
596 2633 630 2664 n,
649 2634 700 2656 11.
722 2642 762 2648 —
781 2633 793 2649 ²
814 2627 897 2660 Ibid.
920 2629 971 2671 14.
994 2647 1035 2654 —
1056 2630 1173 2666 3Joan.
1197 2646 1262 2677 xxi,
1285 2636 1335 2668 15.
