1924 3309
494 240 576 278 278
910 246 953 280 s.
990 252 1222 281 Anousrmr
1254 254 1435 282 EPISCOPI

499 316 658 360 Paulus
685 316 906 375 apostolus
931 318 990 361 ait
1014 336 1021 361 :
1051 337 1070 358 «
1095 317 1358 376 Sapientiam
1392 319 1618 379 loquimur
1645 321 1757 364 inter
1778 335 1879 381 per-*-

495 406 516 429 »
551 386 712 442 sectos,
750 388 1005 447 sapientiam
1043 397 1187 432 autem
1228 404 1317 433 non
1352 390 1481 449 hujus
1524 391 1701 446 saeeuli,
1736 400 1880 453 neque
1912 443 1914 446 ,

491 478 512 502 »
550 459 802 518 Principum
826 460 954 520 hujus
972 458 1135 514 saeculi,
1155 459 1232 519 qui
1252 471 1542 507 evacuantur:
1561 463 1636 507 sed
1658 463 1880 524 loquimur
1912 463 1915 473 '

494 549 517 573 »
551 530 631 574 Dei
650 530 906 589 sapientiam
923 532 967 574 in
990 530 1197 588 mysterio
1212 566 1223 584 ‚
1248 547 1348 592 quae
1364 532 1619 578 abscondita
1640 543 1719 590 est,
1746 550 1885 595 quam

492 619 514 643 »
550 600 783 660 praefinivit
801 603 918 645 Deus
941 609 1042 645 ante
1059 600 1218 645 saecula
1238 601 1283 646 in
1307 601 1489 661 gloriam
1508 612 1723 660 nostram,
1747 615 1889 666 quam)
1913 599 1915 602 Α

494 690 516 714 »
551 687 680 716 nemo
705 671 952 731 principum
974 672 1104 733 hujus
1137 672 1283 717 saeculi
1310 675 1529 732 cognovit.
1557 675 1600 720 Si
1625 676 1743 719 enim
1774 691 1885 736 cog-2

491 764 512 787 >›
548 745 784 799 novissent,
801 759 1031 805 nunquam
1047 745 1284 789 Dominum
1299 745 1447 804 gloriae
1468 747 1803 792 crucifixissent¹
1821 749 1840 792 ἱ)
1856 761 1884 790 »κ
1910 771 1911 776 =

494 817 537 862 Si
565 817 697 860 istum
724 815 873 860 locum
908 816 989 860 iste
1024 817 1297 862 conscribere
1334 817 1576 877 cogitabat,
1607 833 1686 862 cur
1717 818 1883 864 addidit
1910 819 1913 875 ᾖ

489 890 729 931 Potestates
762 895 806 930 et
828 887 1046 943 Virtutes,
1072 887 1193 948 quod
1227 903 1317 933 non
1338 888 1399 932 ibi
1426 889 1593 934 dictum
1617 897 1706 946 est,
1733 898 1776 933 et
1804 888 1884 934 de*
1912 885 1913 891 ’

488 958 618 1002 traxit
640 958 771 1018 hujus
791 958 967 1014 saeculi,
998 958 1121 1019 quod
1142 959 1310 1004 dictum
1345 969 1432 1004 est:
1466 961 1550 1005 Sed
1577 960 1746 1004 utinam
1767 961 1878 1018 hoc,
1912 949 1913 953 Ἰ

489 1043 634 1073 011010
651 1029 796 1088 potius
809 1064 820 1084 ‚
843 1044 977 1089 quam
997 1029 1161 1075 malitia
1182 1030 1350 1075 fecerit.
1377 1033 1691 1074 Verumtamen
1717 1031 1882 1076 etiamsi

489 1101 575 1144 hoc
598 1091 732 1144 modo
754 1100 935 1145 dixisset
953 1101 1218 1160 Apostolus,
1244 1101 1461 1162 numquid
1482 1111 1712 1161 propterea
1733 1102 1883 1167 diabo·

492 1171 560 1214 lus
594 1185 747 1215 vocem
775 1171 854 1214 Dei
883 1170 1035 1214 audire
1059 1187 1149 1216 non
1180 1173 1358 1231 potuit?
1398 1172 1616 1231 Scriptum
1651 1173 1879 1230 0510111111,-
1914 1208 1915 1217 ,

491 1239 645 1300 quod
635 1256 681 1284 in
699 1249 985 1300 conspectum
1007 1242 1085 1285 Dei
1106 1242 1300 1286 venerit:
1323 1258 1413 1287 non
1435 1244 1644 1302 scriptum
1664 1251 1744 1297 est,
1764 1208 1915 1316 quod
1911 1229 1915 1261 ³

489 1313 663 1356 Deum
652 1328 745 1372 ipse
767 1314 1054 1372 conspexerit.
1087 1313 1311 1373 Principes
1333 1313 1449 1357 enim
1482 1314 1613 1374 hujus
1642 1313 1788 1358 saeculi
1810 1323 1884 1361 aut
1913 1317 1916 1350 l

491 1384 671 1443 superbi
691 1385 890 1430 homines
911 1384 1243 1444 intelliguntur,
1265 1394 1309 1429 et
1328 1401 1441 1430 vana
1463 1401 1623 1446 pompa
1637 1386 1891 1446 jactationis

492 1453 624 1513 elati,
648 1464 723 1500 aut
751 1455 843 1515 ipse
866 1455 1067 1500 diabolus
1092 1465 1135 1499 et
1157 1455 1299 1516 angeli
1322 1457 1413 1516 ejus
1433 1460 1465 1500 ².
1505 1459 1616 1502 Nam
1643 1457 1893 1517 principem¹
1913 1485 1916 1526 Ι

492 1526 563 1571 vel
599 1528 899 1585 magistratum
923 1528 1053 1588 hujus
1079 1526 1226 1572 saeculi
1255 1543 1352 1572 eum
1388 1529 1599 1572 Dominus
1621 1528 1891 1588 apertissime
1914 1528 1919 1583 ζ

493 1597 684 1658 appellat
702 1618 711 1643 :
732 1600 835 1659 quia
857 1599 1005 1644 saeculi
1028 1600 1157 1660 hujus
1175 1601 1353 1645 nomine
1369 1599 1890 1660 1100011101οε11110111111111ὃ
1914 1629 1917 1654 a

491 1679 579 1725 tur,
606 1686 796 1731 quorum
815 1687 910 1731 spes
927 1671 1050 1715 nulla
1067 1681 1146 1727 est,
1167 1672 1247 1716 nisi
1268 1673 1314 1715 in
1331 1672 1416 1716 hoc
1437 1671 1614 1717 saeculo.
1635 1672 1755 1717 Sicut
1770 1671 1887 1717 enim*

495 1740 656 1785 dicitur
676 1741 792 1786 mala
813 1743 993 1794 domus,
1018 1757 1120 1786 cum
1145 1743 1448 1802 significantur
1470 1743 1738 1787 habitatores
1760 1743 1850 1802 ejus
1874 1759 1884 1786 :

494 1812 554 1854 Sic
585 1812 753 1852 malum
784 1814 870 1852 hoc
898 1814 1108 1852 sacculum
1131 1814 1337 1864 dicimus,
1371 1829 1472 1853 eum
1503 1827 1576 1854 eos
1597 1814 1919 1868 significamusssf

493 1880 570 1941 qui
587 1878 719 1923 corde
738 1880 821 1923 hoc
843 1878 1053 1923 saeculum
1075 1879 1339 1934 inhabitant,
1360 1880 1444 1923 hoe
1463 1888 1541 1935 est,
1567 1895 1757 1940 quorum
1781 1883 1892 1925 con-²¹
1918 1888 1924 1904 ’·

489 1950 677 1997 versatio
699 1965 790 1995 non
812 1959 876 1994 est
896 1951 943 1993 in
978 1948 1113 1993 coelis.
1139 1951 1291 1995 Nostra
1322 1950 1438 1994 enim
1453 1986 1468 2006 ,
1500 1949 1606 1995 dicit
1627 1951 1893 2011 Apostolus}⁸

491 2022 762 2068 conversatio
786 2022 832 2065 in
859 2020 981 2066 coelis
1013 2030 1092 2065 est.
1122 2021 1305 2067 Diabolo
1334 2031 1482 2067 autem
1507 2022 1701 2067 serviunt
1724 2015 1895 2069 cuncta!
1918 2026 1919 2030 ’

491 2102 694 2155 peccata,
723 2092 801 2154 qui
822 2092 961 2137 libero
983 2107 1029 2136 ai
1032 2092 1162 2137 bitrio
1184 2093 1385 2153 princeps
1411 2092 1551 2138 voluit
1578 2108 1668 2137 esse
1689 2095 1894 2153 peccatifl
1912 2115 1913 2118 ¹

494 2175 725 2227 propterea
757 2165 958 2224 princeps
979 2165 1110 2224 hujus
1141 2164 1289 2209 saeculi
1313 2164 1487 2209 dieitur.
1519 2167 1661 2219 Quam
1690 2162 1895 2225 regulam}
1912 2183 1918 2201 ³

495 2236 798 2295 intelligentiae
826 2250 984 2281 moneo
1012 2235 1220 2280 cordibus
1242 2235 1390 2280 vestris
1419 2236 1638 2295 infigatis:
1664 2226 1913 2296 adjuvabiQ

496 2323 574 2367 per
597 2309 710 2351 hanc
729 2307 936 2352 Dominus
956 2306 1012 2351 ad
1032 2306 1171 2350 multa
1196 2306 1519 2365 Scripturaium
1536 2305 1810 2351 discutienda
1826 2302 1894 2359 a&

496 2393 582 2438 que
607 2377 815 2423 solvenda
832 2412 843 2433 ,
868 2377 922 2422 de
944 2377 1105 2438 quibus
1126 2376 1189 2421 illi
1210 2377 1388 2437 laqueos
1412 2387 1596 2423 nectunt
1617 2378 1773 2422 erroris
1799 2372 1897 2438 suit}

555 2452 635 2493 ΙΙΙ.
657 2452 770 2495 Cum
792 2464 893 2508 ergo
923 2450 1132 2509 scriptum
1155 2465 1245 2494 non
1264 2449 1342 2504 sit,
1364 2449 1486 2510 quod
1507 2449 1708 2495 diabolus
1724 2448 1892 2494 videriffl

494 2524 659 2578 Deum,
680 2520 756 2566 sed
777 2530 947 2566 tantum
965 2521 1086 2582 quod
1107 2522 1274 2566 venerit
1295 2537 1397 2566 cum
1417 2522 1590 2581 Angelis
1612 2522 1658 2566 in
1676 2525 1891 2582 conspe&

550 2617 558 2633 ¹
587 2621 599 2641 1
628 2611 757 2651 Cor-11,
777 2612 809 2650 6,
836 2612 901 2641 etc.
929 2625 970 2632 —
986 2615 999 2631 ²
1017 2610 1107 2642 Joan.
1129 2619 1186 2648 xu,
1207 2609 1259 2641 31.
