1867 3320
274 199 413 228 sanato
444 197 527 237 xv,
561 196 615 225 nn
647 196 780 225 vassu
814 187 838 224 8
871 191 1023 226 astum
1056 198 1158 226 xxv.
1324 186 1406 226 303

38 360 595 394 Mmmmmmmmwuwu
880 369 1407 387 mmmmmvwm

515 499 745 546 SERMO
788 500 877 546 XV
894 495 922 544 ¹.

37 649 99 734 l}
119 687 246 721 versu
277 671 434 718 Psalmi
469 690 585 729 xxv,
623 679 647 716 8
679 691 688 717 ;
725 671 963 726 Domine,
1002 668 1157 716 dilexi
1195 668 1416 716 decorem

50 739 252 803 ,I‚;domus
268 751 383 799 tuce,
409 751 454 787 et
476 740 633 787 locum
656 739 960 787 tabernaculi
979 739 1220 786 claritatis
1244 750 1351 786 tuce.

50 832 69 853 'i

48 927 55 932 ·
87 904 121 947 Ι.
136 904 343 947 naconem
365 901 521 945 domus
544 902 649 955 Dei,
675 909 718 944 et
746 900 894 944 locum
916 899 1186 944 tabernaculi
1208 900 1416 944 claritatis

31 972 116 1033 qius
133 972 370 1030 diligimus,
401 973 435 1015 si
465 982 508 1015 et
531 988 608 1015 nos
637 972 713 1030 ipsi
739 987 902 1014 sumus.
933 972 1038 1023 Quis
1067 981 1130 1014 est
1161 986 1262 1028 ergo
1285 971 1416 1014 decor

30 1042 179 1087 domus
199 1043 296 1098 Dei,
332 1052 375 1086 et
395 1042 517 1086 locus
542 1042 811 1085 tabernaculi
834 1041 1040 1085 claritatis
1071 1042 1179 1100 ejus,
1205 1041 1285 1083 nisi
1310 1050 1418 1083 tem-

30 1111 146 1172 plum
183 1114 300 1173 ejus,
340 1113 395 1156 de
424 1129 512 1172 quo
544 1113 776 1171 Apostolus
809 1112 934 1165 dicit,
979 1132 997 1153 «
1035 1110 1265 1170 Templum
1301 1112 1418 1154 enim

31 1199 51 1224 n
73 1182 145 1226 Dei
160 1192 358 1226 sanctum
374 1192 454 1236 est,
480 1182 600 1242 quod
615 1183 714 1226 estis
737 1198 811 1226 vos
826 1185 901 1226 21³»
917 1182 1035 1225 Sicut
1050 1197 1154 1239 ergo
1176 1181 1220 1224 in
1240 1180 1419 1225 fabricis

29 1251 309 1307 manufactis,
344 1268 444 1296 cum
476 1252 697 1310 eleganter
733 1263 775 1297 et
810 1252 1038 1310 magnifice
1072 1260 1415 1306 construuntur,

28 1323 257 1381 corporalis
277 1332 419 1366 noster
442 1321 659 1366 mulcetur
681 1332 878 1381 aspectus
905 1341 914 1365 :
933 1322 990 1365 ita
1006 1337 1106 1365 cum
1130 1320 1295 1380 lapides
1314 1321 1416 1375 vivi,

27 1393 154 1438 corda
183 1394 377 1437 fidelium
408 1394 629 1438 charitatis
657 1393 836 1438 vinculo
859 1393 1163 1446 continentur,
1185 1392 1318 1436 decor
1356 1400 1420 1435 est

28 1461 178 1508 domus
206 1465 300 1518 Dei,
333 1474 375 1508 et
412 1464 532 1507 locus
567 1463 837 1507 tabernaculi
880 1464 1085 1508 claritatis
1115 1465 1219 1524 ejus.
1263 1463 1420 1507 Discite

29 1548 130 1593 ergo
149 1535 268 1595 quod
300 1550 444 1579 amare
468 1535 662 1589 debetis,
689 1545 737 1578 ut
776 1551 920 1579 amare
954 1536 1138 1594 possitis.
1188 1535 1269 1587 Qui
1305 1535 1420 1577 enim

29 1601 166 1661 diligit
207 1604 406 1648 decorem
461 1604 616 1648 domus
672 1605 773 1656 Dei,
833 1621 922 1648 non
970 1616 1034 1648 est
1080 1605 1266 1647 dubium
1318 1604 1421 1663 quia

29 1671 260 1719 Ecclesiam
280 1671 418 1728 diligit
442 1693 454 1728 3
478 1688 564 1716 non
589 1673 632 1715 in
659 1672 908 1718 fabrefactis
943 1675 1179 1730 parietibus
1205 1683 1248 1716 et
1272 1675 1416 1726 tectis,

31 1757 117 1786 non
141 1742 182 1784 in
211 1742 349 1785 nitore
378 1756 640 1784 marmorum
671 1751 713 1784 et
739 1741 1014 1801 laquearibus
1049 1743 1187 1786 aureis
1226 1764 1237 1800 3
1261 1744 1336 1787 sed
1375 1746 1420 1787 in

32 1811 278 1856 hominibus
312 1810 538 1866 fidelibus,
565 1812 744 1865 sanctis,
774 1816 907 1856 Deum
942 1813 1224 1870 diligentibus
1252 1830 1302 1857 ex
1327 1823 1420 1858 toto

35 1882 159 1928 eorde
181 1898 258 1927 suo
280 1892 322 1926 et
345 1898 397 1926 ex
420 1892 509 1926 tota
533 1883 673 1926 anima
702 1899 776 1926 sua
814 1893 857 1926 et
875 1900 926 1926 ex
946 1893 1033 1927 tota
1057 1895 1204 1928 mente
1241 1900 1317 1928 sua
1333 1920 1344 1941 ‚
1377 1894 1421 1929 et

35 1954 270 2014 proximum
295 1969 420 1996 suurn
448 1966 653 2012 tanquam
675 1969 718 1996 sc
746 1954 903 2012 ipsum.

94 2027 147 2069 ΙΙ.
175 2027 255 2070 Sed
286 2025 326 2068 in
353 2026 690 2083 congregatione
707 2026 965 2077 christiana,
991 2032 1204 2083 quantum
1230 2025 1421 2083 pertinet

39 2093 93 2141 adt
127 2098 499 2156 participationem
541 2106 584 2139 ct
621 2096 974 2140 communionem
1013 2098 1417 2151 sacramentorum,

41 2167 307 2226 multiplicati
326 2178 569 2226 suntsuper
589 2183 817 2210 numerum
835 2169 866 2209 ³.
895 2167 1015 2210 Alius
1049 2176 1111 2210 est
1140 2182 1241 2223 ergo
1266 2182 1422 2210 nume—

41 2247 108 2281 rus
129 2255 137 2282 :
162 2238 231 2281 alii
254 2254 382 2299 super
407 2254 653 2282 numerum.
681 2241 896 2282 Numerus
920 2247 1008 2290 cst,
1052 2237 1284 2296 dequibus
1317 2238 1419 2280 dicit

43 2307 292 2368 Apostolus,
342 2329 360 2350 ι(
398 2310 526 2353 Novit
563 2310 768 2353 Dominus
805 2310 879 2368 qui
917 2319 1015 2351 suut
1045 2310 1185 2367 cjus⁴.
1225 2327 1243 2349 n
1286 2311 1424 2367 Super

45 2388 266 2423 numerum
290 2388 435 2439 autem
461 2399 469 2423 :
501 2398 520 2422 «
545 2380 762 2433 Quoniam
781 2379 824 2422 in
849 2394 1003 2436 magna
1021 2377 1153 2423 domo
1175 2394 1263 2423 non
1282 2379 1422 2423 solum

91 2473 191 2507 'Alias
205 2475 246 2508 de
262 2477 420 2516 Tempore
436 2473 557 2515 2524.—
579 2482 590 2498 ²
614 2487 625 2507 1
646 2477 721 2508 Cor.
741 2486 787 2516 ιιι,
808 2484 903 2515 17.—
920 2473 933 2497 ³
952 2474 1031 2506 Psat.
1050 2484 1156 2515 unx,
1177 2475 1257 2505 6.—
1274 2473 1290 2503 4
1310 2484 1328 2507 2
1342 2474 1422 2507 Tim.

46 2536 90 2570 u,
121 2539 170 2573 ¹9·
