<?xml version="1.0" encoding="UTF-8"?>
<!DOCTYPE html PUBLIC "-//W3C//DTD XHTML 1.0 Transitional//EN"
    "http://www.w3.org/TR/xhtml1/DTD/xhtml1-transitional.dtd">
<html xmlns="http://www.w3.org/1999/xhtml" xml:lang="en" lang="en">
 <head>
  <title>
</title>
<meta http-equiv="Content-Type" content="text/html;charset=utf-8" />
  <meta name='ocr-system' content='tesseract 3.04.00' />
  <meta name='ocr-capabilities' content='ocr_page ocr_carea ocr_par ocr_line ocrx_word'/>
</head>
<body>
  <div class='ocr_page' id='page_1' title='image "./operaomniaaccura17auguuoft_0031.png"; bbox 0 0 1867 3320; ppageno 0'>
   <div class='ocr_carea' id='block_1_1' title="bbox 322 272 1483 309">
    <p class='ocr_par' dir='ltr' id='par_1_1' title="bbox 322 272 1483 309">
     <span class='ocr_line' id='line_1_1' title="bbox 322 272 1483 309; baseline 0.002 -2"><span class='ocrx_word' id='word_1_1' title='bbox 322 276 642 308; x_wconf 74' lang='lat' dir='ltr'>PROPOSI&#39;HONES</span> <span class='ocrx_word' id='word_1_2' title='bbox 673 279 728 307; x_wconf 77' lang='lat' dir='ltr'>Ex</span> <span class='ocrx_word' id='word_1_3' title='bbox 760 277 958 308; x_wconf 72' lang='lat' dir='ltr'>EPISTOLA</span> <span class='ocrx_word' id='word_1_4' title='bbox 990 276 1045 306; x_wconf 76' lang='lat' dir='ltr'>An</span> <span class='ocrx_word' id='word_1_5' title='bbox 1078 277 1288 308; x_wconf 66' lang='lat' dir='ltr'>amamus.</span> <span class='ocrx_word' id='word_1_6' title='bbox 1433 272 1483 309; x_wconf 79' lang='lat'>21</span> 
     </span>
    </p>
   </div>
   <div class='ocr_carea' id='block_1_2' title="bbox 108 343 1496 2566">
    <p class='ocr_par' dir='ltr' id='par_1_2' title="bbox 108 343 1496 2566">
     <span class='ocr_line' id='line_1_2' title="bbox 116 343 1491 404; baseline 0.001 -16"><span class='ocrx_word' id='word_1_7' title='bbox 116 345 191 404; x_wconf 86' lang='lat' dir='ltr'>qui</span> <span class='ocrx_word' id='word_1_8' title='bbox 213 343 329 388; x_wconf 89' lang='lat' dir='ltr'>bona</span> <span class='ocrx_word' id='word_1_9' title='bbox 350 343 604 403; x_wconf 87' lang='lat' dir='ltr'>temporalia</span> <span class='ocrx_word' id='word_1_10' title='bbox 621 343 920 398; x_wconf 78' lang='lat' dir='ltr'>sectabantur,</span> <span class='ocrx_word' id='word_1_11' title='bbox 942 358 1031 388; x_wconf 89' lang='lat' dir='ltr'>non</span> <span class='ocrx_word' id='word_1_12' title='bbox 1053 343 1154 402; x_wconf 89' lang='lat' dir='ltr'>quia</span> <span class='ocrx_word' id='word_1_13' title='bbox 1171 344 1301 401; x_wconf 88' lang='lat' dir='ltr'>ipsius</span> <span class='ocrx_word' id='word_1_14' title='bbox 1320 354 1383 389; x_wconf 88' lang='lat' dir='ltr'>est</span> <span class='ocrx_word' id='word_1_15' title='bbox 1406 348 1491 389; x_wconf 86' lang='lat' dir='ltr'>Lex</span> 
     </span>
     <span class='ocr_line' id='line_1_3' title="bbox 116 411 1496 468; baseline 0 -10"><span class='ocrx_word' id='word_1_16' title='bbox 116 423 159 458; x_wconf 91' lang='lat' dir='ltr'>et</span> <span class='ocrx_word' id='word_1_17' title='bbox 175 414 445 457; x_wconf 84' lang='lat' dir='ltr'>mandatum.</span> <span class='ocrx_word' id='word_1_18' title='bbox 477 432 497 455; x_wconf 76' lang='grc' dir='ltr'>ι(</span> <span class='ocrx_word' id='word_1_19' title='bbox 524 415 633 458; x_wconf 89' lang='lat' dir='ltr'>Nam</span> <span class='ocrx_word' id='word_1_20' title='bbox 656 416 742 456; x_wconf 84' lang='lat' dir='ltr'>Lex</span> <span class='ocrx_word' id='word_1_21' title='bbox 764 422 938 468; x_wconf 85' lang='lat' dir='ltr'>sancta,</span> <span class='ocrx_word' id='word_1_22' title='bbox 959 421 1003 457; x_wconf 90' lang='lat' dir='ltr'>et</span> <span class='ocrx_word' id='word_1_23' title='bbox 1022 411 1277 456; x_wconf 81' lang='lat' dir='ltr'>mandatum</span> <span class='ocrx_word' id='word_1_24' title='bbox 1299 423 1496 458; x_wconf 89' lang='lat' dir='ltr'>sanctum</span> 
     </span>
     <span class='ocr_line' id='line_1_4' title="bbox 118 482 1495 543; baseline 0.001 -18"><span class='ocrx_word' id='word_1_25' title='bbox 118 502 139 525; x_wconf 86' lang='lat'>&gt;›</span> <span class='ocrx_word' id='word_1_26' title='bbox 176 492 219 528; x_wconf 89' lang='lat' dir='ltr'>et</span> <span class='ocrx_word' id='word_1_27' title='bbox 241 485 408 543; x_wconf 87' lang='lat' dir='ltr'>justum</span> <span class='ocrx_word' id='word_1_28' title='bbox 441 492 484 528; x_wconf 85' lang='lat' dir='ltr'>et</span> <span class='ocrx_word' id='word_1_29' title='bbox 504 483 694 527; x_wconf 85' lang='lat' dir='ltr'>bonum1</span> <span class='ocrx_word' id='word_1_30' title='bbox 717 502 726 528; x_wconf 76' lang='lat' dir='ltr'><em>z</em></span> <span class='ocrx_word' id='word_1_31' title='bbox 756 502 776 525; x_wconf 91' lang='lat'>»</span> <span class='ocrx_word' id='word_1_32' title='bbox 807 482 881 527; x_wconf 87' lang='lat' dir='ltr'>ille</span> <span class='ocrx_word' id='word_1_33' title='bbox 914 491 1059 527; x_wconf 89' lang='lat' dir='ltr'>autem</span> <span class='ocrx_word' id='word_1_34' title='bbox 1081 482 1253 541; x_wconf 87' lang='lat' dir='ltr'>spiritus</span> <span class='ocrx_word' id='word_1_35' title='bbox 1280 483 1495 528; x_wconf 87' lang='lat' dir='ltr'>servitutis</span> 
     </span>
     <span class='ocr_line' id='line_1_5' title="bbox 114 552 1496 613; baseline -0.001 -16"><span class='ocrx_word' id='word_1_36' title='bbox 114 568 204 598; x_wconf 91' lang='lat' dir='ltr'>non</span> <span class='ocrx_word' id='word_1_37' title='bbox 234 553 387 612; x_wconf 89' lang='lat' dir='ltr'>utique</span> <span class='ocrx_word' id='word_1_38' title='bbox 424 553 594 608; x_wconf 85' lang='lat' dir='ltr'>bonus,</span> <span class='ocrx_word' id='word_1_39' title='bbox 629 567 761 613; x_wconf 89' lang='lat' dir='ltr'>quem</span> <span class='ocrx_word' id='word_1_40' title='bbox 795 553 1014 612; x_wconf 87' lang='lat' dir='ltr'>accipiunt</span> <span class='ocrx_word' id='word_1_41' title='bbox 1034 553 1110 612; x_wconf 93' lang='lat' dir='ltr'>qui</span> <span class='ocrx_word' id='word_1_42' title='bbox 1132 561 1349 612; x_wconf 77' lang='lat' dir='ltr'>praecepta</span> <span class='ocrx_word' id='word_1_43' title='bbox 1383 552 1496 597; x_wconf 77' lang='lat' dir='ltr'>datae</span> 
     </span>
     <span class='ocr_line' id='line_1_6' title="bbox 114 621 1496 682; baseline -0.001 -16"><span class='ocrx_word' id='word_1_44' title='bbox 114 623 238 681; x_wconf 87' lang='lat' dir='ltr'>Legis</span> <span class='ocrx_word' id='word_1_45' title='bbox 267 622 446 681; x_wconf 90' lang='lat' dir='ltr'>implere</span> <span class='ocrx_word' id='word_1_46' title='bbox 468 637 558 667; x_wconf 91' lang='lat' dir='ltr'>non</span> <span class='ocrx_word' id='word_1_47' title='bbox 579 631 780 682; x_wconf 88' lang='lat' dir='ltr'><strong>possunt,</strong></span> <span class='ocrx_word' id='word_1_48' title='bbox 806 623 912 666; x_wconf 90' lang='lat' dir='ltr'>dum</span> <span class='ocrx_word' id='word_1_49' title='bbox 945 622 1139 667; x_wconf 88' lang='lat' dir='ltr'>serviunt</span> <span class='ocrx_word' id='word_1_50' title='bbox 1158 621 1379 666; x_wconf 88' lang='lat' dir='ltr'>desideriis</span> <span class='ocrx_word' id='word_1_51' title='bbox 1401 637 1496 666; x_wconf 88' lang='lat' dir='ltr'>car-</span> 
     </span>
     <span class='ocr_line' id='line_1_7' title="bbox 112 692 1495 752; baseline 0 -16"><span class='ocrx_word' id='word_1_52' title='bbox 112 692 286 737; x_wconf 88' lang='lat' dir='ltr'>nalibus</span> <span class='ocrx_word' id='word_1_53' title='bbox 303 727 314 748; x_wconf 87' lang='lat'>‚</span> <span class='ocrx_word' id='word_1_54' title='bbox 347 693 545 737; x_wconf 91' lang='lat' dir='ltr'>nondum</span> <span class='ocrx_word' id='word_1_55' title='bbox 563 695 699 751; x_wconf 87' lang='lat' dir='ltr'>gratia</span> <span class='ocrx_word' id='word_1_56' title='bbox 727 693 992 738; x_wconf 89' lang='lat' dir='ltr'>Liberatoris</span> <span class='ocrx_word' id='word_1_57' title='bbox 1010 693 1217 752; x_wconf 84' lang='lat' dir='ltr'>assumpti</span> <span class='ocrx_word' id='word_1_58' title='bbox 1234 693 1279 736; x_wconf 92' lang='lat' dir='ltr'>in</span> <span class='ocrx_word' id='word_1_59' title='bbox 1305 692 1495 737; x_wconf 88' lang='lat' dir='ltr'>filiorum</span> 
     </span>
     <span class='ocr_line' id='line_1_8' title="bbox 113 761 1496 822; baseline 0.001 -17"><span class='ocrx_word' id='word_1_60' title='bbox 113 761 407 821; x_wconf 85' lang='lat' dir='ltr'>adoptionem.</span> <span class='ocrx_word' id='word_1_61' title='bbox 447 763 558 816; x_wconf 86' lang='lat' dir='ltr'>Quia</span> <span class='ocrx_word' id='word_1_62' title='bbox 592 772 634 806; x_wconf 92' lang='lat' dir='ltr'>et</span> <span class='ocrx_word' id='word_1_63' title='bbox 666 763 755 822; x_wconf 88' lang='lat' dir='ltr'>ipse</span> <span class='ocrx_word' id='word_1_64' title='bbox 785 764 960 822; x_wconf 82' lang='lat' dir='ltr'>spiritus</span> <span class='ocrx_word' id='word_1_65' title='bbox 994 763 1211 807; x_wconf 89' lang='lat' dir='ltr'>servitutis</span> <span class='ocrx_word' id='word_1_66' title='bbox 1243 777 1334 807; x_wconf 91' lang='lat' dir='ltr'>non</span> <span class='ocrx_word' id='word_1_67' title='bbox 1362 762 1496 806; x_wconf 90' lang='lat' dir='ltr'>habet</span> 
     </span>
     <span class='ocr_line' id='line_1_9' title="bbox 112 832 1495 893; baseline 0 -18"><span class='ocrx_word' id='word_1_68' title='bbox 112 847 377 892; x_wconf 84' lang='lat' dir='ltr'>quemquam</span> <span class='ocrx_word' id='word_1_69' title='bbox 406 833 451 876; x_wconf 93' lang='lat' dir='ltr'>in</span> <span class='ocrx_word' id='word_1_70' title='bbox 473 841 686 891; x_wconf 84' lang='lat' dir='ltr'>potestate</span> <span class='ocrx_word' id='word_1_71' title='bbox 702 867 712 887; x_wconf 88' lang='lat'><strong>‚</strong></span> <span class='ocrx_word' id='word_1_72' title='bbox 747 833 829 877; x_wconf 89' lang='lat' dir='ltr'>nisi</span> <span class='ocrx_word' id='word_1_73' title='bbox 850 833 927 893; x_wconf 87' lang='lat' dir='ltr'>qui</span> <span class='ocrx_word' id='word_1_74' title='bbox 955 834 994 876; x_wconf 91' lang='lat' dir='ltr'>ei</span> <span class='ocrx_word' id='word_1_75' title='bbox 1017 848 1093 892; x_wconf 90' lang='lat' dir='ltr'>per</span> <span class='ocrx_word' id='word_1_76' title='bbox 1116 832 1316 877; x_wconf 87' lang='lat' dir='ltr'>ordinem</span> <span class='ocrx_word' id='word_1_77' title='bbox 1337 832 1495 876; x_wconf 85' lang='lat' dir='ltr'>divinae</span> 
     </span>
     <span class='ocr_line' id='line_1_10' title="bbox 111 900 1494 961; baseline -0.001 -16"><span class='ocrx_word' id='word_1_78' title='bbox 111 901 394 960; x_wconf 84' lang='lat' dir='ltr'>providentiae</span> <span class='ocrx_word' id='word_1_79' title='bbox 426 900 608 946; x_wconf 89' lang='lat' dir='ltr'>traditus</span> <span class='ocrx_word' id='word_1_80' title='bbox 640 902 798 956; x_wconf 86' lang='lat' dir='ltr'>fuerit,</span> <span class='ocrx_word' id='word_1_81' title='bbox 823 902 901 946; x_wconf 88' lang='lat' dir='ltr'>Dei</span> <span class='ocrx_word' id='word_1_82' title='bbox 931 903 1098 961; x_wconf 86' lang='lat' dir='ltr'>justitia</span> <span class='ocrx_word' id='word_1_83' title='bbox 1121 917 1198 946; x_wconf 90' lang='lat' dir='ltr'>sua</span> <span class='ocrx_word' id='word_1_84' title='bbox 1222 902 1381 961; x_wconf 89' lang='lat' dir='ltr'>cuique</span> <span class='ocrx_word' id='word_1_85' title='bbox 1413 902 1494 944; x_wconf 91' lang='lat' dir='ltr'>tri-</span> 
     </span>
     <span class='ocr_line' id='line_1_11' title="bbox 111 970 1495 1030; baseline -0.001 -16"><span class='ocrx_word' id='word_1_86' title='bbox 111 971 287 1014; x_wconf 87' lang='lat' dir='ltr'>buente.</span> <span class='ocrx_word' id='word_1_87' title='bbox 303 973 443 1023; x_wconf 90' lang='lat' dir='ltr'>Quam</span> <span class='ocrx_word' id='word_1_88' title='bbox 466 980 723 1030; x_wconf 89' lang='lat' dir='ltr'>potestatem</span> <span class='ocrx_word' id='word_1_89' title='bbox 746 980 970 1030; x_wconf 86' lang='lat' dir='ltr'>acceperat</span> <span class='ocrx_word' id='word_1_90' title='bbox 992 970 1240 1029; x_wconf 86' lang='lat' dir='ltr'>Apostolus,</span> <span class='ocrx_word' id='word_1_91' title='bbox 1267 985 1369 1014; x_wconf 87' lang='lat' dir='ltr'>cum</span> <span class='ocrx_word' id='word_1_92' title='bbox 1390 970 1495 1014; x_wconf 88' lang='lat' dir='ltr'>dicit</span> 
     </span>
     <span class='ocr_line' id='line_1_12' title="bbox 111 1039 1495 1099; baseline -0.001 -15"><span class='ocrx_word' id='word_1_93' title='bbox 111 1039 165 1084; x_wconf 90' lang='lat' dir='ltr'>de</span> <span class='ocrx_word' id='word_1_94' title='bbox 201 1040 464 1099; x_wconf 84' lang='lat' dir='ltr'>quibusdam</span> <span class='ocrx_word' id='word_1_95' title='bbox 491 1059 499 1084; x_wconf 72' lang='grc' dir='ltr'>ε</span> <span class='ocrx_word' id='word_1_96' title='bbox 537 1060 557 1082; x_wconf 89' lang='lat'>«</span> <span class='ocrx_word' id='word_1_97' title='bbox 588 1045 702 1093; x_wconf 87' lang='lat' dir='ltr'>Quos</span> <span class='ocrx_word' id='word_1_98' title='bbox 739 1040 899 1085; x_wconf 88' lang='lat' dir='ltr'>tradidi</span> <span class='ocrx_word' id='word_1_99' title='bbox 930 1049 1111 1094; x_wconf 85' lang='lat' dir='ltr'>satanae,</span> <span class='ocrx_word' id='word_1_100' title='bbox 1148 1049 1199 1084; x_wconf 86' lang='lat' dir='ltr'>ut</span> <span class='ocrx_word' id='word_1_101' title='bbox 1219 1039 1386 1084; x_wconf 85' lang='lat' dir='ltr'>discant</span> <span class='ocrx_word' id='word_1_102' title='bbox 1406 1055 1495 1083; x_wconf 90' lang='lat' dir='ltr'>non</span> 
     </span>
     <span class='ocr_line' id='line_1_13' title="bbox 113 1108 1494 1168; baseline 0.001 -18"><span class='ocrx_word' id='word_1_103' title='bbox 113 1127 133 1150; x_wconf 92' lang='lat'>»</span> <span class='ocrx_word' id='word_1_104' title='bbox 168 1109 509 1168; x_wconf 80' lang='lat' dir='ltr'>blasphemare2.</span> <span class='ocrx_word' id='word_1_105' title='bbox 531 1128 550 1151; x_wconf 89' lang='lat'>»</span> <span class='ocrx_word' id='word_1_106' title='bbox 573 1113 630 1154; x_wconf 88' lang='lat' dir='ltr'>Et</span> <span class='ocrx_word' id='word_1_107' title='bbox 650 1111 808 1153; x_wconf 88' lang='lat' dir='ltr'>iterum</span> <span class='ocrx_word' id='word_1_108' title='bbox 827 1109 882 1153; x_wconf 92' lang='lat' dir='ltr'>de</span> <span class='ocrx_word' id='word_1_109' title='bbox 905 1110 988 1154; x_wconf 87' lang='lat' dir='ltr'>alio</span> <span class='ocrx_word' id='word_1_110' title='bbox 1009 1128 1019 1154; x_wconf 72' lang='grc' dir='ltr'><strong>ε</strong></span> <span class='ocrx_word' id='word_1_111' title='bbox 1040 1112 1167 1153; x_wconf 91' lang='lat' dir='ltr'>«Jam</span> <span class='ocrx_word' id='word_1_112' title='bbox 1185 1108 1402 1168; x_wconf 85' lang='lat' dir='ltr'>judicavi,</span> <span class='ocrx_word' id='word_1_113' title='bbox 1426 1110 1494 1152; x_wconf 92' lang='lat' dir='ltr'>in-</span> 
     </span>
     <span class='ocr_line' id='line_1_14' title="bbox 114 1178 1496 1240; baseline 0.001 -20"><span class='ocrx_word' id='word_1_114' title='bbox 114 1199 132 1220; x_wconf 92' lang='lat'>»</span> <span class='ocrx_word' id='word_1_115' title='bbox 167 1180 287 1238; x_wconf 84' lang='lat' dir='ltr'>quit,</span> <span class='ocrx_word' id='word_1_116' title='bbox 314 1178 483 1223; x_wconf 83' lang='lat' dir='ltr'>tradere</span> <span class='ocrx_word' id='word_1_117' title='bbox 499 1180 753 1240; x_wconf 83' lang='lat' dir='ltr'>hujusmodi</span> <span class='ocrx_word' id='word_1_118' title='bbox 772 1189 931 1224; x_wconf 82' lang='lat' dir='ltr'>satanae</span> <span class='ocrx_word' id='word_1_119' title='bbox 953 1181 998 1224; x_wconf 92' lang='lat' dir='ltr'>in</span> <span class='ocrx_word' id='word_1_120' title='bbox 1019 1180 1245 1224; x_wconf 85' lang='lat' dir='ltr'>interitum</span> <span class='ocrx_word' id='word_1_121' title='bbox 1265 1180 1420 1233; x_wconf 84' lang='lat' dir='ltr'>carnis,</span> <span class='ocrx_word' id='word_1_122' title='bbox 1445 1188 1496 1223; x_wconf 90' lang='lat' dir='ltr'>ut</span> 
     </span>
     <span class='ocr_line' id='line_1_15' title="bbox 112 1249 1491 1307; baseline 0.001 -18"><span class='ocrx_word' id='word_1_123' title='bbox 112 1266 132 1290; x_wconf 91' lang='lat'>»</span> <span class='ocrx_word' id='word_1_124' title='bbox 168 1250 308 1293; x_wconf 88' lang='lat' dir='ltr'>anima</span> <span class='ocrx_word' id='word_1_125' title='bbox 327 1250 443 1293; x_wconf 87' lang='lat' dir='ltr'>salva</span> <span class='ocrx_word' id='word_1_126' title='bbox 464 1250 518 1293; x_wconf 88' lang='lat' dir='ltr'>sit</span> <span class='ocrx_word' id='word_1_127' title='bbox 535 1251 564 1292; x_wconf 78' lang='grc'>3.</span> <span class='ocrx_word' id='word_1_128' title='bbox 592 1268 611 1290; x_wconf 84' lang='grc'>»</span> <span class='ocrx_word' id='word_1_129' title='bbox 639 1250 724 1302; x_wconf 90' lang='lat' dir='ltr'>Qui</span> <span class='ocrx_word' id='word_1_130' title='bbox 756 1265 858 1307; x_wconf 86' lang='lat' dir='ltr'>ergo</span> <span class='ocrx_word' id='word_1_131' title='bbox 881 1249 1080 1293; x_wconf 91' lang='lat' dir='ltr'>nondum</span> <span class='ocrx_word' id='word_1_132' title='bbox 1103 1250 1184 1293; x_wconf 87' lang='lat' dir='ltr'>sub</span> <span class='ocrx_word' id='word_1_133' title='bbox 1207 1250 1342 1306; x_wconf 85' lang='lat' dir='ltr'>gratia</span> <span class='ocrx_word' id='word_1_134' title='bbox 1365 1257 1465 1292; x_wconf 88' lang='lat' dir='ltr'>sunt</span> <span class='ocrx_word' id='word_1_135' title='bbox 1480 1282 1491 1301; x_wconf 93' lang='lat'>‚</span> 
     </span>
     <span class='ocr_line' id='line_1_16' title="bbox 110 1317 1494 1377; baseline -0.001 -15"><span class='ocrx_word' id='word_1_136' title='bbox 110 1327 153 1362; x_wconf 88' lang='lat' dir='ltr'>et</span> <span class='ocrx_word' id='word_1_137' title='bbox 174 1319 254 1363; x_wconf 88' lang='lat' dir='ltr'>sub</span> <span class='ocrx_word' id='word_1_138' title='bbox 276 1322 388 1376; x_wconf 84' lang='lat' dir='ltr'>Lege</span> <span class='ocrx_word' id='word_1_139' title='bbox 410 1320 633 1363; x_wconf 88' lang='lat' dir='ltr'>constituti</span> <span class='ocrx_word' id='word_1_140' title='bbox 657 1320 894 1363; x_wconf 91' lang='lat' dir='ltr'>vincuntur</span> <span class='ocrx_word' id='word_1_141' title='bbox 911 1320 1097 1377; x_wconf 88' lang='lat' dir='ltr'>peccatis</span> <span class='ocrx_word' id='word_1_142' title='bbox 1121 1319 1176 1362; x_wconf 93' lang='lat' dir='ltr'>ad</span> <span class='ocrx_word' id='word_1_143' title='bbox 1198 1317 1494 1362; x_wconf 90' lang='lat' dir='ltr'>obediendum</span> 
     </span>
     <span class='ocr_line' id='line_1_17' title="bbox 110 1388 1493 1447; baseline -0.001 -15"><span class='ocrx_word' id='word_1_144' title='bbox 110 1388 328 1432; x_wconf 84' lang='lat' dir='ltr'>desideriis</span> <span class='ocrx_word' id='word_1_145' title='bbox 363 1388 635 1443; x_wconf 85' lang='lat' dir='ltr'>carnalibus,</span> <span class='ocrx_word' id='word_1_146' title='bbox 672 1398 715 1432; x_wconf 90' lang='lat' dir='ltr'>et</span> <span class='ocrx_word' id='word_1_147' title='bbox 744 1389 1099 1447; x_wconf 80' lang='lat' dir='ltr'>praevaricatione</span> <span class='ocrx_word' id='word_1_148' title='bbox 1131 1397 1291 1445; x_wconf 83' lang='lat' dir='ltr'>augent</span> <span class='ocrx_word' id='word_1_149' title='bbox 1325 1397 1493 1431; x_wconf 88' lang='lat' dir='ltr'>reatum</span> 
     </span>
     <span class='ocr_line' id='line_1_18' title="bbox 109 1457 1491 1516; baseline 0 -15"><span class='ocrx_word' id='word_1_150' title='bbox 109 1458 339 1502; x_wconf 82' lang='lat' dir='ltr'>criminum.</span> <span class='ocrx_word' id='word_1_151' title='bbox 363 1473 540 1501; x_wconf 91' lang='lat' dir='ltr'>suorum</span> <span class='ocrx_word' id='word_1_152' title='bbox 556 1492 567 1512; x_wconf 82' lang='lat'><strong><em>‚</em></strong></span> <span class='ocrx_word' id='word_1_153' title='bbox 589 1458 787 1516; x_wconf 88' lang='lat' dir='ltr'>spiritum</span> <span class='ocrx_word' id='word_1_154' title='bbox 809 1467 1072 1516; x_wconf 87' lang='lat' dir='ltr'>acceperunt</span> <span class='ocrx_word' id='word_1_155' title='bbox 1094 1458 1330 1511; x_wconf 88' lang='lat' dir='ltr'>servitutis,</span> <span class='ocrx_word' id='word_1_156' title='bbox 1349 1457 1395 1500; x_wconf 91' lang='lat' dir='ltr'>id</span> <span class='ocrx_word' id='word_1_157' title='bbox 1412 1466 1491 1511; x_wconf 88' lang='lat' dir='ltr'>est,</span> 
     </span>
     <span class='ocr_line' id='line_1_19' title="bbox 108 1526 1493 1586; baseline -0.001 -16"><span class='ocrx_word' id='word_1_158' title='bbox 108 1528 306 1585; x_wconf 89' lang='lat' dir='ltr'>spiritum</span> <span class='ocrx_word' id='word_1_159' title='bbox 340 1528 430 1586; x_wconf 89' lang='lat' dir='ltr'>ejus</span> <span class='ocrx_word' id='word_1_160' title='bbox 450 1527 526 1586; x_wconf 87' lang='lat' dir='ltr'>qui</span> <span class='ocrx_word' id='word_1_161' title='bbox 549 1535 807 1585; x_wconf 90' lang='lat' dir='ltr'>potestatem</span> <span class='ocrx_word' id='word_1_162' title='bbox 837 1527 987 1571; x_wconf 89' lang='lat' dir='ltr'>mortis</span> <span class='ocrx_word' id='word_1_163' title='bbox 1004 1526 1152 1570; x_wconf 85' lang='lat' dir='ltr'>habet.</span> <span class='ocrx_word' id='word_1_164' title='bbox 1179 1528 1288 1570; x_wconf 89' lang='lat' dir='ltr'>Nam</span> <span class='ocrx_word' id='word_1_165' title='bbox 1304 1526 1344 1569; x_wconf 77' lang='lat' dir='ltr'>¹si</span> <span class='ocrx_word' id='word_1_166' title='bbox 1366 1527 1493 1585; x_wconf 88' lang='lat' dir='ltr'>spiri-</span> 
     </span>
     <span class='ocr_line' id='line_1_20' title="bbox 108 1594 1488 1654; baseline -0.001 -14"><span class='ocrx_word' id='word_1_167' title='bbox 108 1605 203 1640; x_wconf 92' lang='lat' dir='ltr'>tum</span> <span class='ocrx_word' id='word_1_168' title='bbox 240 1596 455 1640; x_wconf 89' lang='lat' dir='ltr'>servitutis</span> <span class='ocrx_word' id='word_1_169' title='bbox 488 1596 631 1654; x_wconf 86' lang='lat' dir='ltr'>ipsum</span> <span class='ocrx_word' id='word_1_170' title='bbox 668 1596 870 1654; x_wconf 88' lang='lat' dir='ltr'>spiritum</span> <span class='ocrx_word' id='word_1_171' title='bbox 905 1596 1090 1639; x_wconf 89' lang='lat' dir='ltr'>hominis</span> <span class='ocrx_word' id='word_1_172' title='bbox 1124 1594 1460 1639; x_wconf 80' lang='lat' dir='ltr'>intellexerimus</span> <span class='ocrx_word' id='word_1_173' title='bbox 1478 1630 1488 1650; x_wconf 88' lang='lat'>,</span> 
     </span>
     <span class='ocr_line' id='line_1_21' title="bbox 108 1665 1494 1724; baseline -0.001 -14"><span class='ocrx_word' id='word_1_174' title='bbox 108 1667 259 1724; x_wconf 90' lang='lat' dir='ltr'>incipit</span> <span class='ocrx_word' id='word_1_175' title='bbox 276 1674 320 1708; x_wconf 89' lang='lat' dir='ltr'>et</span> <span class='ocrx_word' id='word_1_176' title='bbox 341 1666 515 1724; x_wconf 87' lang='lat' dir='ltr'>spiritus</span> <span class='ocrx_word' id='word_1_177' title='bbox 537 1665 782 1723; x_wconf 87' lang='lat' dir='ltr'>adoptionis</span> <span class='ocrx_word' id='word_1_178' title='bbox 806 1666 896 1724; x_wconf 90' lang='lat' dir='ltr'>ipse</span> <span class='ocrx_word' id='word_1_179' title='bbox 913 1665 1097 1723; x_wconf 86' lang='lat' dir='ltr'>intelligi</span> <span class='ocrx_word' id='word_1_180' title='bbox 1115 1674 1322 1724; x_wconf 88' lang='lat' dir='ltr'>tanquam</span> <span class='ocrx_word' id='word_1_181' title='bbox 1346 1667 1391 1708; x_wconf 86' lang='lat' dir='ltr'>in</span> <span class='ocrx_word' id='word_1_182' title='bbox 1407 1680 1494 1708; x_wconf 92' lang='lat' dir='ltr'>me-</span> 
     </span>
     <span class='ocr_line' id='line_1_22' title="bbox 109 1733 1492 1792; baseline -0.001 -13"><span class='ocrx_word' id='word_1_183' title='bbox 109 1736 191 1779; x_wconf 90' lang='lat' dir='ltr'>lius</span> <span class='ocrx_word' id='word_1_184' title='bbox 221 1743 526 1779; x_wconf 88' lang='lat' dir='ltr'>commutatus.</span> <span class='ocrx_word' id='word_1_185' title='bbox 564 1733 648 1778; x_wconf 88' lang='lat' dir='ltr'>Sed</span> <span class='ocrx_word' id='word_1_186' title='bbox 669 1734 771 1792; x_wconf 86' lang='lat' dir='ltr'>quia</span> <span class='ocrx_word' id='word_1_187' title='bbox 794 1735 993 1792; x_wconf 89' lang='lat' dir='ltr'>spiritum</span> <span class='ocrx_word' id='word_1_188' title='bbox 1018 1734 1260 1791; x_wconf 85' lang='lat' dir='ltr'>adoptionis</span> <span class='ocrx_word' id='word_1_189' title='bbox 1285 1734 1492 1792; x_wconf 88' lang='lat' dir='ltr'>Spiritum</span> 
     </span>
     <span class='ocr_line' id='line_1_23' title="bbox 109 1803 1488 1863; baseline -0.001 -13"><span class='ocrx_word' id='word_1_190' title='bbox 109 1814 305 1850; x_wconf 87' lang='lat' dir='ltr'>sanctum</span> <span class='ocrx_word' id='word_1_191' title='bbox 325 1805 586 1863; x_wconf 80' lang='lat' dir='ltr'>accipimus4</span> <span class='ocrx_word' id='word_1_192' title='bbox 600 1839 610 1858; x_wconf 89' lang='lat'>‚</span> <span class='ocrx_word' id='word_1_193' title='bbox 631 1819 761 1863; x_wconf 87' lang='lat' dir='ltr'>quem</span> <span class='ocrx_word' id='word_1_194' title='bbox 781 1804 1008 1848; x_wconf 80' lang='lat' dir='ltr'>manifeste</span> <span class='ocrx_word' id='word_1_195' title='bbox 1031 1803 1219 1847; x_wconf 89' lang='lat' dir='ltr'>ostendit</span> <span class='ocrx_word' id='word_1_196' title='bbox 1240 1819 1340 1848; x_wconf 86' lang='lat' dir='ltr'>cum</span> <span class='ocrx_word' id='word_1_197' title='bbox 1363 1804 1488 1848; x_wconf 87' lang='lat' dir='ltr'>dicit:</span> 
     </span>
     <span class='ocr_line' id='line_1_24' title="bbox 113 1873 1492 1934; baseline 0 -17"><span class='ocrx_word' id='word_1_198' title='bbox 113 1894 134 1917; x_wconf 90' lang='lat'>«</span> <span class='ocrx_word' id='word_1_199' title='bbox 170 1878 265 1934; x_wconf 91' lang='lat' dir='ltr'>Ipse</span> <span class='ocrx_word' id='word_1_200' title='bbox 289 1875 471 1933; x_wconf 87' lang='lat' dir='ltr'>Spiritus</span> <span class='ocrx_word' id='word_1_201' title='bbox 494 1874 789 1917; x_wconf 85' lang='lat' dir='ltr'>testimonium</span> <span class='ocrx_word' id='word_1_202' title='bbox 810 1873 954 1916; x_wconf 87' lang='lat' dir='ltr'>reddit</span> <span class='ocrx_word' id='word_1_203' title='bbox 971 1874 1140 1932; x_wconf 86' lang='lat' dir='ltr'>spiritui</span> <span class='ocrx_word' id='word_1_204' title='bbox 1163 1883 1310 1918; x_wconf 86' lang='lat' dir='ltr'>nostro</span> <span class='ocrx_word' id='word_1_205' title='bbox 1336 1893 1344 1918; x_wconf 92' lang='grc'>;</span> <span class='ocrx_word' id='word_1_206' title='bbox 1365 1892 1384 1913; x_wconf 87' lang='lat'>»</span> <span class='ocrx_word' id='word_1_207' title='bbox 1403 1890 1492 1917; x_wconf 87' lang='lat' dir='ltr'>res-</span> 
     </span>
     <span class='ocr_line' id='line_1_25' title="bbox 112 1943 1493 2002; baseline -0.001 -12"><span class='ocrx_word' id='word_1_208' title='bbox 112 1954 171 1990; x_wconf 88' lang='lat' dir='ltr'>tat</span> <span class='ocrx_word' id='word_1_209' title='bbox 193 1954 242 1988; x_wconf 90' lang='lat' dir='ltr'>ut</span> <span class='ocrx_word' id='word_1_210' title='bbox 263 1945 461 2002; x_wconf 84' lang='lat' dir='ltr'>spiritum</span> <span class='ocrx_word' id='word_1_211' title='bbox 484 1944 698 1988; x_wconf 88' lang='lat' dir='ltr'>servitutis</span> <span class='ocrx_word' id='word_1_212' title='bbox 721 1943 847 1987; x_wconf 90' lang='lat' dir='ltr'>illum</span> <span class='ocrx_word' id='word_1_213' title='bbox 867 1944 1160 2002; x_wconf 82' lang='lat' dir='ltr'>intelligamus</span> <span class='ocrx_word' id='word_1_214' title='bbox 1177 1978 1187 1998; x_wconf 89' lang='lat'>‚</span> <span class='ocrx_word' id='word_1_215' title='bbox 1212 1944 1281 1987; x_wconf 88' lang='lat' dir='ltr'>cui</span> <span class='ocrx_word' id='word_1_216' title='bbox 1300 1944 1493 1988; x_wconf 86' lang='lat' dir='ltr'>serviunt</span> 
     </span>
     <span class='ocr_line' id='line_1_26' title="bbox 109 2013 1488 2075; baseline -0.001 -17"><span class='ocrx_word' id='word_1_217' title='bbox 109 2024 351 2075; x_wconf 85' lang='lat' dir='ltr'>peccatores</span> <span class='ocrx_word' id='word_1_218' title='bbox 377 2032 385 2056; x_wconf 90' lang='lat'>:</span> <span class='ocrx_word' id='word_1_219' title='bbox 410 2023 458 2058; x_wconf 89' lang='lat' dir='ltr'>ut</span> <span class='ocrx_word' id='word_1_220' title='bbox 488 2013 860 2073; x_wconf 83' lang='lat' dir='ltr'>quemadmodum</span> <span class='ocrx_word' id='word_1_221' title='bbox 892 2014 1074 2072; x_wconf 82' lang='lat' dir='ltr'>Spiritus</span> <span class='ocrx_word' id='word_1_222' title='bbox 1092 2022 1266 2057; x_wconf 83' lang='lat' dir='ltr'>sanctus</span> <span class='ocrx_word' id='word_1_223' title='bbox 1289 2031 1312 2058; x_wconf 90' lang='lat' dir='ltr'>a</span> <span class='ocrx_word' id='word_1_224' title='bbox 1334 2015 1488 2058; x_wconf 90' lang='lat' dir='ltr'>timore</span> 
     </span>
     <span class='ocr_line' id='line_1_27' title="bbox 111 2084 1491 2143; baseline -0.003 -13"><span class='ocrx_word' id='word_1_225' title='bbox 111 2086 258 2130; x_wconf 87' lang='lat' dir='ltr'>mortis</span> <span class='ocrx_word' id='word_1_226' title='bbox 277 2084 467 2129; x_wconf 88' lang='lat' dir='ltr'>vindicat</span> <span class='ocrx_word' id='word_1_227' title='bbox 485 2119 496 2138; x_wconf 92' lang='lat'>‚</span> <span class='ocrx_word' id='word_1_228' title='bbox 522 2084 580 2128; x_wconf 89' lang='lat' dir='ltr'>sic</span> <span class='ocrx_word' id='word_1_229' title='bbox 609 2084 782 2142; x_wconf 89' lang='lat' dir='ltr'>spiritus</span> <span class='ocrx_word' id='word_1_230' title='bbox 800 2084 1016 2128; x_wconf 89' lang='lat' dir='ltr'>servitutis</span> <span class='ocrx_word' id='word_1_231' title='bbox 1039 2084 1115 2143; x_wconf 84' lang='lat' dir='ltr'>qui</span> <span class='ocrx_word' id='word_1_232' title='bbox 1138 2092 1394 2142; x_wconf 86' lang='lat' dir='ltr'>potestatem</span> <span class='ocrx_word' id='word_1_233' title='bbox 1412 2085 1491 2126; x_wconf 83' lang='lat' dir='ltr'>ha-</span> 
     </span>
     <span class='ocr_line' id='line_1_28' title="bbox 110 2153 1489 2214; baseline -0.003 -14"><span class='ocrx_word' id='word_1_234' title='bbox 110 2157 184 2200; x_wconf 85' lang='lat' dir='ltr'>bet</span> <span class='ocrx_word' id='word_1_235' title='bbox 207 2156 354 2200; x_wconf 87' lang='lat' dir='ltr'>mortis</span> <span class='ocrx_word' id='word_1_236' title='bbox 374 2154 567 2214; x_wconf 89' lang='lat' dir='ltr'>ejusdem</span> <span class='ocrx_word' id='word_1_237' title='bbox 591 2164 753 2198; x_wconf 87' lang='lat' dir='ltr'>terrore</span> <span class='ocrx_word' id='word_1_238' title='bbox 789 2169 882 2198; x_wconf 85' lang='lat' dir='ltr'>reos</span> <span class='ocrx_word' id='word_1_239' title='bbox 907 2163 1077 2209; x_wconf 85' lang='lat' dir='ltr'>teneat,</span> <span class='ocrx_word' id='word_1_240' title='bbox 1114 2164 1163 2197; x_wconf 92' lang='lat' dir='ltr'>ut</span> <span class='ocrx_word' id='word_1_241' title='bbox 1201 2168 1244 2197; x_wconf 89' lang='lat' dir='ltr'>se</span> <span class='ocrx_word' id='word_1_242' title='bbox 1282 2154 1334 2196; x_wconf 84' lang='lat' dir='ltr'>ad</span> <span class='ocrx_word' id='word_1_243' title='bbox 1360 2153 1489 2197; x_wconf 87' lang='lat' dir='ltr'>Libe-</span> 
     </span>
     <span class='ocr_line' id='line_1_29' title="bbox 111 2222 1491 2284; baseline -0.002 -14"><span class='ocrx_word' id='word_1_244' title='bbox 111 2227 260 2270; x_wconf 87' lang='lat' dir='ltr'>ratoris</span> <span class='ocrx_word' id='word_1_245' title='bbox 282 2224 490 2269; x_wconf 81' lang='lat' dir='ltr'>auxilium</span> <span class='ocrx_word' id='word_1_246' title='bbox 522 2226 705 2284; x_wconf 80' lang='lat' dir='ltr'>quisque</span> <span class='ocrx_word' id='word_1_247' title='bbox 740 2233 992 2279; x_wconf 86' lang='lat' dir='ltr'>convertat,</span> <span class='ocrx_word' id='word_1_248' title='bbox 1033 2225 1162 2268; x_wconf 86' lang='lat' dir='ltr'>etiarn</span> <span class='ocrx_word' id='word_1_249' title='bbox 1204 2225 1294 2282; x_wconf 88' lang='lat' dir='ltr'>ipso</span> <span class='ocrx_word' id='word_1_250' title='bbox 1316 2222 1491 2267; x_wconf 89' lang='lat' dir='ltr'>diabolo</span> 
     </span>
     <span class='ocr_line' id='line_1_30' title="bbox 113 2292 1416 2354; baseline -0.002 -16"><span class='ocrx_word' id='word_1_251' title='bbox 113 2297 246 2340; x_wconf 86' lang='lat' dir='ltr'>invito</span> <span class='ocrx_word' id='word_1_252' title='bbox 262 2330 272 2350; x_wconf 85' lang='lat'>,</span> <span class='ocrx_word' id='word_1_253' title='bbox 298 2296 372 2352; x_wconf 82' lang='lat' dir='ltr'>qui</span> <span class='ocrx_word' id='word_1_254' title='bbox 394 2310 493 2338; x_wconf 87' lang='lat' dir='ltr'>eum</span> <span class='ocrx_word' id='word_1_255' title='bbox 512 2310 680 2354; x_wconf 82' lang='lat' dir='ltr'>semper</span> <span class='ocrx_word' id='word_1_256' title='bbox 702 2295 746 2338; x_wconf 88' lang='lat' dir='ltr'>in</span> <span class='ocrx_word' id='word_1_257' title='bbox 770 2303 980 2353; x_wconf 71' lang='lat' dir='ltr'>potestate</span> <span class='ocrx_word' id='word_1_258' title='bbox 1007 2294 1167 2337; x_wconf 86' lang='lat' dir='ltr'>habere</span> <span class='ocrx_word' id='word_1_259' title='bbox 1188 2292 1416 2337; x_wconf 84' lang='lat' dir='ltr'>desiderat.</span> 
     </span>
     <span class='ocr_line' id='line_1_31' title="bbox 170 2365 1491 2424; baseline -0.002 -15"><span class='ocrx_word' id='word_1_260' title='bbox 170 2370 284 2410; x_wconf 67' lang='grc' dir='ltr'><strong>[ΙΙΙ.</strong></span> <span class='ocrx_word' id='word_1_261' title='bbox 311 2365 439 2418; x_wconf 83' lang='lat' dir='ltr'>Quod</span> <span class='ocrx_word' id='word_1_262' title='bbox 460 2375 603 2409; x_wconf 89' lang='lat' dir='ltr'>autem</span> <span class='ocrx_word' id='word_1_263' title='bbox 628 2366 685 2409; x_wconf 85' lang='lat' dir='ltr'>ait</span> <span class='ocrx_word' id='word_1_264' title='bbox 714 2385 723 2410; x_wconf 87' lang='grc'>;</span> <span class='ocrx_word' id='word_1_265' title='bbox 753 2384 771 2407; x_wconf 92' lang='lat'>«</span> <span class='ocrx_word' id='word_1_266' title='bbox 798 2368 906 2411; x_wconf 89' lang='lat' dir='ltr'>Nam</span> <span class='ocrx_word' id='word_1_267' title='bbox 934 2365 1170 2424; x_wconf 78' lang='lat' dir='ltr'>expectatio</span> <span class='ocrx_word' id='word_1_268' title='bbox 1193 2373 1400 2408; x_wconf 74' lang='lat' dir='ltr'>ereatura·</span> <span class='ocrx_word' id='word_1_269' title='bbox 1424 2379 1491 2406; x_wconf 88' lang='lat' dir='ltr'>re-</span> 
     </span>
     <span class='ocr_line' id='line_1_32' title="bbox 113 2436 1490 2496; baseline 0 -18"><span class='ocrx_word' id='word_1_270' title='bbox 113 2454 134 2479; x_wconf 85' lang='lat'>»</span> <span class='ocrx_word' id='word_1_271' title='bbox 168 2436 427 2481; x_wconf 82' lang='lat' dir='ltr'>velationem</span> <span class='ocrx_word' id='word_1_272' title='bbox 452 2437 639 2480; x_wconf 82' lang='lat' dir='ltr'>liliorum</span> <span class='ocrx_word' id='word_1_273' title='bbox 670 2437 742 2480; x_wconf 88' lang='lat' dir='ltr'>Dei</span> <span class='ocrx_word' id='word_1_274' title='bbox 766 2446 974 2496; x_wconf 79' lang='lat' dir='ltr'>expectat.</span> <span class='ocrx_word' id='word_1_275' title='bbox 1014 2436 1201 2480; x_wconf 87' lang='lat' dir='ltr'>Vanitati</span> <span class='ocrx_word' id='word_1_276' title='bbox 1224 2437 1337 2478; x_wconf 88' lang='lat' dir='ltr'>enim</span> <span class='ocrx_word' id='word_1_277' title='bbox 1371 2449 1490 2478; x_wconf 85' lang='lat' dir='ltr'>crea-</span> 
     </span>
     <span class='ocr_line' id='line_1_33' title="bbox 115 2504 1487 2566; baseline -0.002 -17"><span class='ocrx_word' id='word_1_278' title='bbox 115 2524 134 2547; x_wconf 92' lang='lat'>»</span> <span class='ocrx_word' id='word_1_279' title='bbox 172 2516 264 2550; x_wconf 85' lang='lat' dir='ltr'>tura</span> <span class='ocrx_word' id='word_1_280' title='bbox 285 2507 477 2564; x_wconf 83' lang='lat' dir='ltr'>subjecta</span> <span class='ocrx_word' id='word_1_281' title='bbox 502 2516 585 2561; x_wconf 81' lang='lat' dir='ltr'>est,</span> <span class='ocrx_word' id='word_1_282' title='bbox 610 2522 696 2550; x_wconf 86' lang='lat' dir='ltr'>non</span> <span class='ocrx_word' id='word_1_283' title='bbox 714 2516 888 2566; x_wconf 83' lang='lat' dir='ltr'>sponte,</span> <span class='ocrx_word' id='word_1_284' title='bbox 919 2525 936 2546; x_wconf 91' lang='lat'>»</span> <span class='ocrx_word' id='word_1_285' title='bbox 962 2515 1043 2549; x_wconf 88' lang='lat' dir='ltr'>ete.</span> <span class='ocrx_word' id='word_1_286' title='bbox 1066 2520 1201 2564; x_wconf 80' lang='lat' dir='ltr'>usque</span> <span class='ocrx_word' id='word_1_287' title='bbox 1217 2504 1270 2548; x_wconf 87' lang='lat' dir='ltr'>ad</span> <span class='ocrx_word' id='word_1_288' title='bbox 1290 2504 1348 2558; x_wconf 78' lang='lat' dir='ltr'>id,</span> <span class='ocrx_word' id='word_1_289' title='bbox 1369 2505 1487 2563; x_wconf 77' lang='lat' dir='ltr'>quod</span> 
     </span>
    </p>
   </div>
   <div class='ocr_carea' id='block_1_3' title="bbox 160 2589 1463 2629">
    <p class='ocr_par' dir='ltr' id='par_1_3' title="bbox 160 2589 1463 2629">
     <span class='ocr_line' id='line_1_34' title="bbox 160 2589 1463 2629; baseline -0.001 -10"><span class='ocrx_word' id='word_1_290' title='bbox 160 2596 165 2610; x_wconf 90' lang='lat'>¹</span> <span class='ocrx_word' id='word_1_291' title='bbox 214 2601 275 2619; x_wconf 78' lang='lat' dir='ltr'>oni.</span> <span class='ocrx_word' id='word_1_292' title='bbox 295 2600 350 2629; x_wconf 79' lang='lat' dir='ltr'>vu,</span> <span class='ocrx_word' id='word_1_293' title='bbox 374 2598 420 2620; x_wconf 72' lang='lat'>12.</span> <span class='ocrx_word' id='word_1_294' title='bbox 438 2606 477 2610; x_wconf 90' lang='lat'><strong>—</strong></span> <span class='ocrx_word' id='word_1_295' title='bbox 499 2597 509 2612; x_wconf 83' lang='lat'>²</span> <span class='ocrx_word' id='word_1_296' title='bbox 531 2601 538 2620; x_wconf 85' lang='grc' dir='ltr'>ι</span> <span class='ocrx_word' id='word_1_297' title='bbox 562 2589 641 2620; x_wconf 77' lang='grc' dir='ltr'><strong>Ἰ“ἱιιι.</strong></span> <span class='ocrx_word' id='word_1_298' title='bbox 665 2602 684 2628; x_wconf 81' lang='grc' dir='ltr'>ι,</span> <span class='ocrx_word' id='word_1_299' title='bbox 705 2599 757 2621; x_wconf 66' lang='grc' dir='ltr'>·),ι)4</span> <span class='ocrx_word' id='word_1_300' title='bbox 781 2607 820 2612; x_wconf 90' lang='grc'>--</span> <span class='ocrx_word' id='word_1_301' title='bbox 843 2589 854 2610; x_wconf 74' lang='lat'><em>³</em></span> <span class='ocrx_word' id='word_1_302' title='bbox 880 2602 886 2620; x_wconf 86' lang='grc' dir='ltr'>ι</span> <span class='ocrx_word' id='word_1_303' title='bbox 910 2593 981 2620; x_wconf 67' lang='lat' dir='ltr'>Cor.</span> <span class='ocrx_word' id='word_1_304' title='bbox 1006 2601 1036 2627; x_wconf 82' lang='lat' dir='ltr'>v,</span> <span class='ocrx_word' id='word_1_305' title='bbox 1061 2589 1091 2619; x_wconf 71' lang='lat'>5,</span> <span class='ocrx_word' id='word_1_306' title='bbox 1118 2606 1154 2610; x_wconf 97' lang='lat'><strong>—</strong></span> <span class='ocrx_word' id='word_1_307' title='bbox 1175 2589 1384 2624; x_wconf 74' lang='lat' dir='ltr'>·&#39;·tt0m.v1n,</span> <span class='ocrx_word' id='word_1_308' title='bbox 1416 2589 1463 2618; x_wconf 77' lang='lat'>16.</span> 
     </span>
    </p>
   </div>
  </div>
 </body>
</html>
