1867 3320
336 262 474 288 sssmuo
508 261 605 298 xxi,
641 264 685 290 m
719 262 881 291 »sumo
914 265 1043 303 Lxm,
1086 259 1147 293 ll.
1345 260 1426 299 349

54 326 241 370 liberum
259 334 501 369 servantem
524 326 603 370 tibi
622 326 775 384 fidem3
806 344 886 387 ego
910 337 951 373 te
970 329 1080 374 facio
1102 332 1424 390 sempiternum,

54 397 87 441 si
104 397 334 441 servaveris
356 396 464 439 mihi
485 395 630 440 fidem.
652 398 768 451 Quid
790 398 933 444 adhuc
951 402 1260 459 argumentaris
1281 415 1429 450 contra

53 482 124 510 me
159 467 204 510 in
225 467 371 511 animo
404 468 511 510 tuo?
532 466 684 511 Redde
715 469 899 513 Domino
931 477 1009 514 tuo
1026 504 1037 524 ‚
1063 470 1183 530 quod
1204 471 1351 517 laudas
1387 476 1431 518 in

54 554 176 583 servo
214 547 306 583 tuo.
333 541 402 581 An
439 536 552 582 forte
575 538 654 582 tibi
685 548 855 583 tantum
893 555 1064 599 arrogas
1081 575 1092 595 ,
1118 550 1166 585 ut
1189 551 1230 585 te
1252 542 1430 602 dignum

52 618 203 669 putes,
221 609 297 669 qui
320 623 492 652 servum
523 608 697 653 fidelem
721 611 880 655 habeas
896 646 907 666 ,
928 627 1060 672 quem
1081 611 1186 656 dicis
1215 632 1223 656 ;
1249 615 1433 672 Compa-

52 679 172 736 ravi3
200 687 244 722 et
272 694 353 737 ego
384 694 474 722 non
506 694 600 723 sum
637 679 794 738 dignus
814 716 824 735 ,
856 682 931 741 qui
962 697 1134 725 servum
1164 681 1336 726 fidelem
1362 683 1435 726 ha-

54 750 180 794 beam
206 763 338 810 quem
365 750 537 794 creavi?
564 752 667 794 Haec
700 750 778 794 tibi
799 750 993 811 loquitur
1017 752 1227 797 Dominus
1250 762 1349 796 tuus
1371 754 1436 797 in-

52 829 136 874 tus,
162 819 240 864 ubi
257 835 346 864 non
365 820 514 875 audit,
533 820 613 864 nisi
638 829 712 877 tu3
734 830 778 864 et
799 822 888 881 ipse
911 823 991 866 tibi
1011 821 1222 882 loquitur,
1244 824 1318 883 qui
1337 839 1436 867 vera

51 890 260 950 loquitur.
287 890 404 943 Quid
422 890 537 934 enim
556 891 635 934 hac
657 890 877 935 locutione
897 892 1073 936 verius?
1092 892 1187 937 Noli
1212 893 1434 937 obsurdes-

51 976 162 1005 cere.
178 963 289 1005 Ecce
309 961 439 1004 fidem
457 975 571 1004 amas
586 961 631 1003 in
649 976 772 1005 servo
789 971 865 1005 tuo
881 982 892 1018 3
909 971 1024 1006 certe
1043 978 1131 1006 non
1143 962 1262 1006 vides
1281 963 1430 1007 fidem:

0 1054 1 1057 ¹
50 1047 185 1093 quare
206 1030 324 1076 illam
340 1046 455 1075 amas
472 1031 518 1074 in
540 1031 675 1074 altero
693 1065 703 1085 ‚
725 1041 767 1074 et
790 1041 931 1075 totum
955 1033 1074 1092 quod
1097 1032 1185 1076 dixi
1203 1033 1246 1074 in
1271 1032 1405 1076 altero
1423 1067 1433 1085 ‚

0 1126 1 1146 1
51 1112 94 1146 et
122 1102 168 1145 in
189 1117 312 1146 servo
334 1117 464 1162 quem
497 1101 681 1160 pecunia
705 1103 992 1161 comparasti,
1019 1119 1105 1147 non
1132 1112 1275 1146 tamen
1307 1118 1435 1163 quem

51 1173 235 1218 creasti?
255 1172 436 1216 Gemina
461 1170 777 1215 necessitudine
804 1182 946 1216 tecum
973 1174 1060 1231 agit
1081 1175 1287 1216 Dominus
1318 1182 1430 1216 tuus.

0 1256 18 1302 ς’
52 1248 107 1289 Et
127 1245 289 1289 creavit
313 1253 354 1287 te
371 1279 382 1298 ‚
408 1253 451 1286 et
485 1243 751 1301 comparavit
776 1252 830 1287 te.
860 1247 1105 1302 Antequam
1129 1259 1260 1297 esses,
1294 1244 1436 1303 inquit

50 1315 160 1368 tibi,
198 1313 281 1358 seci
308 1323 379 1370 te3
414 1329 514 1357 cum
547 1328 596 1356 ex
627 1322 667 1355 te
689 1314 770 1356 sub
794 1322 971 1371 peccato
996 1314 1268 1356 venundatus
1300 1330 1431 1364 esses,

51 1385 216 1430 redemi
243 1394 300 1429 te.
331 1388 383 1429 Ut
405 1384 684 1428 manumittas
706 1399 877 1428 servum
901 1393 1025 1428 tuum
1040 1419 1050 1438 ‚
1082 1384 1244 1443 frangis
1268 1384 1435 1428 tabulas

14 1448 16 1450 V
51 1459 146 1516 ejus
179 1458 301 1513 (12):
332 1459 446 1500 Deus
486 1471 574 1499 non
600 1454 761 1513 frangit
796 1455 965 1499 tabulas
996 1465 1104 1499 tuas.
1134 1455 1312 1498 Tabulae
1351 1465 1435 1498 tute

51 1527 336 1586 Evangelium
357 1535 457 1570 sunt
476 1546 485 1581 3
526 1526 601 1569 ubi
622 1534 685 1569 est
708 1526 881 1583 sanguis
902 1560 912 1579 ‚
952 1540 1040 1584 quo
1062 1535 1334 1584 comparatus
1357 1542 1400 1568 es
1425 1545 1432 1568 :

49 1607 245 1654 manent,
279 1596 475 1658 quotidie
504 1597 754 1650 recitantur,
781 1595 1024 1639 admoneris
1047 1595 1307 1640 conditionis
1333 1605 1433 1647 tuae,

50 1678 417 1715 commemoratur
436 1668 514 1711 tibi
532 1667 718 1726 pretium
743 1675 885 1710 tuum.

110 1742 207 1783 VII.
236 1740 278 1784 Si
299 1738 380 1783 tibi
402 1752 548 1782 servus
567 1746 668 1780 tuus
685 1771 696 1790 ‚
723 1751 855 1795 quem
876 1736 1145 1779 manumittis
1160 1771 1170 1788 ‚
1195 1736 1324 1779 tidem
1349 1751 1435 1778 non

52 1810 301 1864 exhiberet,
337 1823 417 1853 nec
455 1823 498 1851 se
522 1807 858 1851 manumissione
885 1815 957 1849 tua
979 1805 1163 1864 dignum
1197 1806 1325 1850 tidem
1349 1822 1439 1849 ser-

53 1882 196 1926 vando
226 1880 414 1933 faceret,
450 1887 493 1922 et
515 1893 615 1921 eum
638 1878 683 1920 in
709 1876 926 1936 aliquibus
948 1877 991 1920 in
1014 1877 1146 1920 domo
1178 1887 1248 1920 tua
1273 1876 1440 1920 fraudi-

57 1952 136 1996 bus
152 1951 368 1996 invenires
386 1985 397 2004 ,
422 1948 528 2008 quid
551 1947 769 1991 clamare?
792 1945 905 1990 Male
927 1961 1061 1998 serve,
1079 1945 1208 1989 fidem
1229 1947 1331 1988 milii
1353 1962 1439 1990 non

54 2021 383 2067 servasPNeseis
405 2019 507 2079 quia
531 2017 614 2061 emi
642 2019 711 2059 tc?
734 2016 869 2059 nescis
888 2018 988 2074 quia
1019 2016 1269 2072 sanguinem
1295 2031 1439 2058 meum

56 2109 135 2154 pro
165 2102 205 2137 te
228 2091 482 2136 numeravi?
505 2088 676 2132 Clamas
698 2095 913 2147 quantum
939 2095 1080 2145 potes,
1112 2096 1154 2130 et
1186 2086 1346 2130 eoelum
1372 2087 1440 2129 in-

56 2164 230 2209 vidiosis
252 2162 394 2222 pulsas
424 2160 602 2205 vocibus
625 2178 633 2202 2
669 2158 932 2216 Sanguinem
960 2172 1101 2200 meum
1129 2172 1205 2215 pro
1241 2166 1280 2199 te
1308 2157 1437 2209 dedi,

56 2235 168 2281 male
190 2249 324 2278 serve.
355 2236 409 2276 Et
432 2245 582 2275 omnes
605 2230 679 2289 qui
706 2229 918 2283 audiunt3
953 2230 1112 2271 Verum
1144 2226 1262 2272 dicit.
1298 2229 1338 2272 Si
1365 2229 1440 2271 tibi

57 2305 236 2350 auderet
266 2302 527 2363 respondere
559 2300 617 2345 sic
641 2299 861 2343 invehenti
892 2308 934 2342 et
956 2298 1158 2342 clamanti
1184 2298 1271 2358 ipsc
1294 2314 1441 2342 servus

60 2387 159 2420 tuns
176 2411 187 2429 ‚
211 2391 299 2419 non
329 2374 604 2417 erubesceres
633 2371 666 2414 si
693 2370 770 2413 tibi
794 2370 908 2412 dieat
933 2388 941 2412 ;
969 2372 1107 2420 Quem
1131 2384 1233 2426 rogo
1253 2377 1293 2412 te
1311 2404 1320 2422 ‚
1342 2385 1442 2412 san-

60 2448 234 2505 guinem
256 2461 333 2505 pro
356 2460 424 2487 me
446 2442 635 2486 dedisti?
658 2440 835 2500 quamdo
862 2456 927 2482 me
945 2439 1082 2481 (unisti
1102 2474 1112 2488 ,
1135 2456 1212 2482 nee
1230 2440 1378 2482 saltem
1404 2449 1443 2483 tc

60 2515 413 2578 phlebotomasti.
446 2513 528 2558 Sed
559 2512 813 2569 sanguinem
839 2520 958 2553 tuum
987 2510 1209 2568 pecuniam
1236 2520 1352 2553 tinam
1377 2526 1444 2554 vo-

61 2604 145 2632 cas.
175 2590 363 2632 Tantum
386 2600 501 2629 amas
522 2583 753 2643 pecuniam
781 2591 897 2626 tuam
916 2615 926 2635 ‚
951 2589 999 2624 nt
1021 2596 1114 2624 eam
1139 2581 1326 2640 appelles
1346 2598 1443 2625 san-
