1924 3309
470 269 551 308 104
908 281 941 310 s.
977 283 1207 312 Atreusrmz
1240 284 1422 313 Emscom

464 347 560 390 nius
582 381 592 402 ‚
618 361 717 390 eum
738 348 796 391 ait
824 367 832 392 ε
862 360 882 390 «
902 352 1022 394 Unus
1040 350 1154 393 enim
1180 353 1291 393 Deus
1307 384 1318 404 ,
1340 363 1453 393 unus
1471 357 1513 392 et
1534 347 1747 391 mediator
1774 349 1855 392 Dei

466 435 485 457 »
522 417 598 461 Dei
628 425 671 460 et
703 417 933 462 hominum
967 420 1099 463 homo
1135 418 1331 463 Christus
1365 420 1533 462 Jesus1.
1575 435 1595 458 »
1630 417 1853 462 Mediator
1883 397 1909 499 lp

462 500 563 543 ergo
584 486 697 530 inter
719 491 858 531 Deum
881 498 923 532 et
946 492 1084 532 Deum
1108 503 1196 531 esse
1218 503 1308 533 non
1330 497 1474 548 posset
1490 523 1500 543 ,
1526 488 1628 548 quia
1651 503 1765 532 unus
1788 497 1853 532 est
1883 505 1891 530 i

462 559 577 601 Deus
605 577 614 602 ι
634 576 654 599 «
678 558 893 603 Mediator
915 569 1057 602 autem
1083 559 1212 602 unius
1235 574 1324 603 non
1342 568 1432 613 est,
1459 577 1479 599 »
1517 559 1620 618 quia
1641 559 1755 602 inter
1774 557 1857 602 ali-
1885 546 1893 593 ἓ

462 642 572 688 quos
593 627 762 672 medius
782 637 860 672 est.
880 628 1035 687 Angeli
1055 644 1211 687 porro,‘
1230 630 1307 689 qui
1325 645 1415 673 non
1434 627 1542 687 lapsi
1564 637 1666 672 sunt
1687 644 1710 672 a
1731 643 1859 673 cons·
1886 642 1890 675 ,¹

462 708 594 758 pectu
610 700 713 754 Dei,
736 700 975 743 mediatore
998 715 1088 743 non
1107 714 1216 758 opus
1237 699 1404 743 habent
1421 733 1431 754 ,
1449 714 1529 758 per
1545 713 1679 758 quem
1700 714 1858 744 recon·
1888 710 1889 713 ’

461 768 678 813 cilientur.
706 773 816 813 Item
838 769 982 828 angeli
1002 771 1076 830 qui
1097 768 1221 813 nullo
1243 770 1453 813 suadente
1475 779 1715 828 spontanea
1736 785 1854 829 prae·
1888 795 1892 804 ι

461 841 724 884 varicatione
743 841 802 884 sic
827 840 937 900 lapsi
965 851 1090 896 sunt,
1127 856 1203 900 per
1225 841 1510 885 mediatorem
1531 856 1622 884 non
1658 841 1858 885 reconci-
1892 880 1893 885 ,

461 910 638 954 liantur.
665 913 815 954 Restat
844 926 973 969 ergo,
1012 920 1062 954 ut
1092 912 1169 971 qui
1197 909 1435 954 mediatore
1461 910 1651 969 superbo
1681 909 1858 954 diabolo
1893 904 1895 906 ’

461 979 710 1038 superbiam
743 980 1032 1037 persuadente
1075 981 1269 1040 dejectus
1301 989 1392 1034 est,
1430 980 1668 1023 mediatore
1700 979 1859 1024 humili

461 1050 636 1093 Christo
658 1049 952 1094 humilitatem
981 1050 1270 1109 persuadente
1291 1051 1498 1108 erigatur.
1533 1051 1644 1093 Nam
1665 1048 1859 1093 si·Filius

463 1119 541 1163 Dei
579 1120 624 1163 in
645 1120 831 1163 naturali
854 1120 1102 1179 aequalitate
1127 1121 1262 1164 Patris
1300 1135 1476 1164 manere
1517 1119 1651 1164 vellet
1667 1154 1678 1175 ,
1711 1133 1792 1163 nec
1817 1134 1861 1163 se

462 1189 726 1244 exinaniret,
759 1188 945 1233 formam
975 1191 1086 1234 servi
1108 1190 1349 1249 accipiens;
1382 1205 1471 1234 non
1514 1198 1624 1233 esset
1646 1188 1861 1233 mediator

464 1259 540 1302 Dei
573 1268 617 1302 et
649 1260 906 1303 hominum2
943 1280 951 1304 :
977 1261 1080 1320 quia
1115 1261 1205 1319 ipsa
1245 1259 1429 1303 Trinitas
1473 1275 1587 1302 unus
1623 1262 1738 1302 Deus
1768 1268 1831 1303 est
1847 1295 1858 1315 ‚

464 1327 616 1372 eadem
638 1329 685 1372 in
710 1330 847 1374 tribus
861 1365 872 1385 ,
891 1333 1018 1374 Patre
1035 1340 1078 1374 et
1099 1330 1210 1374 Filio
1235 1339 1279 1374 et
1305 1330 1467 1388 Spiritu
1490 1341 1640 1373 sancto
1656 1363 1667 1384 ‚
1691 1329 1862 1373 deitatis

465 1399 706 1442 aeternitate
723 1408 766 1442 et
777 1399 1028 1458 aequalitate
1047 1409 1288 1444 constante.
1312 1400 1380 1444 Sic
1395 1400 1542 1458 itaque
1558 1400 1711 1443 unicus
1726 1398 1862 1442 Filius

466 1470 559 1524 Dei,
576 1469 789 1514 mediator
806 1470 882 1513 Dei
897 1480 939 1513 et
954 1471 1183 1514 hominum
1199 1470 1339 1514 factus
1360 1479 1439 1525 est,
1459 1485 1560 1514 cum
1576 1471 1770 1514 Verbum
1785 1472 1863 1514 Dei

470 1543 582 1583 Deus
599 1541 717 1598 apud
739 1544 878 1584 Deum
896 1576 906 1594 ,
932 1550 975 1584 et
996 1542 1261 1600 majestatem
1286 1556 1408 1585 suam
1426 1556 1566 1600 usque
1589 1540 1645 1584 ad
1665 1541 1862 1584 humana

466 1610 696 1669 deposuit,
717 1620 761 1654 et
776 1610 1071 1655 humilitatem
1092 1612 1330 1655 humanam
1352 1626 1492 1670 usque
1509 1609 1564 1654 ad
1586 1610 1733 1654 divina
1758 1610 1865 1654 sub-

468 1680 586 1724 vexit
603 1715 613 1735 ‚
641 1690 689 1724 ut
713 1681 927 1724 mediator
948 1690 1058 1724 esset
1080 1683 1192 1724 inter
1214 1684 1352 1725 Deum
1370 1691 1413 1725 et
1430 1681 1627 1725 homines
1642 1682 1775 1725 homo
1789 1696 1866 1741 per

472 1754 612 1794 Deum
643 1750 757 1794 ultra
791 1751 1004 1794 homines.
1037 1769 1057 1791 «
1094 1754 1191 1809 Ipse
1213 1760 1278 1794 est
1314 1752 1430 1794 enim
1472 1752 1688 1809 speciosus
1725 1751 1864 1795 forma

471 1839 491 1861 »
527 1835 618 1879 prae
641 1820 739 1863 {iliis
773 1820 1025 1874 hominum,
1065 1829 1108 1863 et
1146 1830 1303 1864 unctus
1340 1820 1437 1864 oleo
1475 1821 1750 1865 exultationis
1774 1837 1863 1881 prae

473 1909 493 1930 n
529 1890 813 1948 participibus
836 1891 966 1933 suis³.
996 1908 1015 1929 »
1045 1890 1191 1934 Sanati
1208 1899 1311 1934 sunt
1332 1905 1433 1947 ergo
1456 1890 1510 1933 ab
1545 1891 1768 1949 impietate
1789 1907 1862 1935 su·
1892 1948 1895 1949 ⁷

470 1961 660 2019 perbiae,
702 1969 750 2003 ut
774 1959 1159 2004 reconciliarentur
1202 1962 1292 2003 Deo
1310 1995 1320 2014 ‚
1364 1960 1636 2019 quicumque
1666 1960 1863 2004 homines

470 2030 762 2075 humilitatem
784 2031 969 2085 Christi,
1007 2039 1049 2073 et
1082 2045 1158 2089 per
1192 2029 1501 2074 revelationem
1524 2039 1760 2090 antequam
1786 2032 1864 2075 fie-

472 2111 536 2145 ret
553 2116 629 2160 per
652 2101 940 2160 Evangelium
962 2109 1110 2159 postea
1140 2115 1272 2159 quam
1295 2100 1407 2143 facta
1431 2108 1522 2154 est,
1550 2100 1770 2145 credendo
1793 2100 1864 2145 di-

472 2172 696 2227 lexerunt,
724 2172 946 2229 diligendo
979 2171 1132 2214 imitati
1156 2179 1273 2213 sunt.
1301 2169 1384 2214 Sed
1414 2171 1507 2214 haec
1526 2170 1696 2230 justitia
1724 2171 1861 2225 fidei,

475 2244 551 2302 qui
575 2259 663 2286 non
686 2258 766 2302 pro
804 2244 958 2286 merito
980 2241 1080 2285 data
1104 2250 1167 2284 est
1189 2241 1440 2285 hominibus
1458 2276 1469 2293 ,
1496 2241 1573 2285 sed
1595 2257 1674 2300 pro
1696 2243 1863 2286 miseri-

476 2311 620 2356 cordia
643 2322 686 2355 et
707 2313 840 2370 gratia
866 2312 957 2365 Dei,
974 2326 1062 2354 non
1085 2320 1177 2354 erat
1193 2320 1235 2354 et
1255 2310 1474 2369 popularis
1497 2320 1731 2371 antequam
1751 2314 1865 2356 Deus

477 2384 610 2425 homo
632 2383 744 2426 inter
767 2383 963 2426 homines
986 2390 1249 2425 nasceretur.
1282 2399 1301 2421 «
1325 2382 1480 2425 Semen
1504 2399 1522 2421 »
1549 2390 1696 2425 autem
1714 2417 1725 2436 ‚
1750 2400 1769 2423 «
1793 2383 1864 2426 cui

483 2470 502 2492 n
538 2452 796 2510 promissum
818 2462 904 2503 est,
928 2471 946 2492 »
969 2450 1182 2510 populum
1201 2450 1414 2508 significat
1441 2470 1449 2494 :
1473 2466 1561 2494 non
1579 2450 1675 2495 illos
1692 2454 1865 2510 paucis-

479 2521 608 2565 simos
623 2556 634 2573 ,
660 2522 737 2582 qui
760 2520 1092 2566 revelationibus
1113 2536 1206 2564 eam
1224 2520 1417 2564 suturam
1439 2530 1680 2576 cernenteS‚
1707 2536 1864 2581 quam—

528 2610 539 2626 ¹
562 2616 574 2636 1
595 2605 674 2638 Tim.
695 2616 733 2646 ιι,
748 2605 778 2636 5.
801 2622 841 2627 -
857 2613 869 2628 ²
893 2605 1004 2647 Philip.
1019 2616 1054 2645 n,
1074 2615 1105 2646 7.
1128 2620 1169 2628 --
1190 2603 1203 2627 3
1222 2604 1301 2636 Psal.
1323 2614 1410 2645 mv,
1434 2606 1465 2636 3.
