1867 3320
409 264 614 294 EmsTOLAE
645 265 700 292 An
734 263 935 294 ROMAROS
971 266 1206 295 EXPOSITIO.
1449 257 1505 297 47

117 331 349 377 verborum
371 329 608 375 latinorum
637 330 895 390 significatio
926 331 1202 378 omnimodo
1231 348 1331 377 cum
1366 350 1506 393 graeca

117 403 472 462 interpretatione
494 402 762 447 concordat?
1265 448 1269 451 .

177 477 257 518 111.
288 477 399 519 Sane
421 473 708 532 Evangelium
726 473 802 517 Dei
820 508 831 529 ,
856 472 901 517 in
919 473 1040 533 quod
1056 484 1330 532 segregatum
1353 489 1397 518 se
1419 490 1507 520 esse

0 562 1 570 ¹
63 583 71 590 .
118 553 448 600 commemorat,
481 544 762 589 commendat
792 544 1050 588 auctoritate
1082 545 1400 604 Prophetarum
1427 554 1508 590 :ut

117 615 326 676 quoniam
348 615 575 659 credentes
602 614 825 660 Christum
840 649 852 670 ,
884 615 931 659 in
953 630 1142 676 quorum
1173 631 1407 660 numerum
1428 631 1508 660 vo—

119 695 242 730 catus
264 695 329 730 est
347 721 358 741 ,
383 689 407 730 J
413 685 548 730 udaeis
564 694 875 745 praeposuerat,
897 701 921 730 a
938 686 1099 746 quibus
1122 701 1166 730 se
1187 686 1353 730 dixerat
1374 701 1508 745 segre-

119 765 294 814 gatum,
332 757 493 801 Gentes
529 771 676 800 rursus
705 757 794 816 jam
816 771 907 800 non
946 757 1169 816 superbire
1190 757 1437 801 admoneat.
1466 757 1509 802 Si

116 827 296 888 quidem
314 829 369 871 de
386 827 551 887 populo
573 830 598 871 J
601 826 828 872 udaeorum
845 826 1025 872 fuerunt
1043 829 1290 888 Prophetae,
1306 844 1383 888 per
1399 843 1509 888 quos

117 897 401 956 Evangelium
421 934 432 953 ,
453 899 575 958 cujus
596 897 683 942 fide
705 898 933 943 credentes
951 899 1263 958 justificantur,
1288 907 1389 943 ante
1413 914 1510 958 pro·

115 968 295 1013 missum
314 984 403 1013 esse
426 978 609 1013 testatur
629 988 673 1012 :«
687 971 942 1026 Segregatus
963 969 1095 1023 enim,
1121 969 1280 1029 inquit,
1302 969 1347 1012 in
1360 971 1508 1013 Evan-

117 1057 138 1079 »
173 1038 334 1097 gelium
350 1040 441 1094 Dei,
458 1039 579 1100 quod
596 1048 696 1084 ante
714 1039 970 1098 promiserat
988 1054 1065 1098 per
1079 1040 1317 1099 Prophetas
1334 1055 1433 1084 suos
1444 1042 1504 1083 ¹.»

115 1111 314 1153 Fuerunt
345 1110 463 1153 enim
491 1118 534 1153 et
568 1110 798 1169 Prophetae
821 1125 911 1154 non
934 1109 1090 1169 ipsius,
1117 1110 1161 1153 in
1191 1110 1351 1170 quibus
1379 1111 1510 1156 etiam

49 1175 54 1179 ⁵
115 1179 258 1240 aliqua
282 1179 567 1223 inveniuntur
593 1196 693 1240 quae
714 1179 769 1224 de
789 1180 963 1224 Christo
982 1179 1129 1224 audita
1152 1180 1427 1236 cecinerunt,
1454 1181 1511 1224 si-

114 1259 189 1294 cut
212 1250 342 1294 etiam
373 1251 428 1294 de
455 1250 622 1308 Sibylla
643 1249 803 1294 dicitur
826 1270 834 1295 :
859 1249 981 1310 quod
1003 1266 1092 1294 non
1111 1249 1240 1295 facile
1261 1250 1505 1305 crederem,

114 1321 194 1364 nisi
216 1320 339 1381 quod
369 1324 598 1380 poetarum
627 1321 807 1381 quidam
837 1321 883 1364 in
907 1336 1086 1365 romana
1117 1320 1266 1380 lingua
1293 1321 1510 1366 nobilissi-

113 1405 211 1435 mus
226 1425 237 1445 ,
263 1400 498 1451 antequam
521 1391 686 1434 diceret
708 1405 756 1433 ea
777 1389 832 1433 de
849 1390 1129 1434 innovatione
1145 1391 1318 1447 saeculi,
1348 1407 1447 1452 quae
1463 1392 1509 1435 in

111 1460 284 1504 Domini
302 1460 440 1504 nostri
463 1462 568 1504 Jesu
584 1459 746 1504 Christi
768 1474 953 1518 regnum
971 1460 1072 1505 satis
1093 1461 1323 1506 concinere
1345 1471 1388 1507 et
1404 1478 1509 1507 con-

114 1531 262 1576 venire
286 1530 541 1586 videantur,
567 1531 804 1590 praeposuit
826 1545 996 1575 versum
1015 1565 1026 1585 ‚
1051 1531 1198 1576 dicens
1218 1551 1226 1576 :

314 1627 429 1659 Ultima
453 1627 565 1659 cummi
579 1626 648 1667 jam
670 1626 759 1659 venit
776 1626 922 1658 carminis
944 1631 1019 1658 aetas
1034 1633 1060 1658 ².

113 1708 340 1752 Cumaeum
364 1714 510 1750 autem
540 1720 716 1750 carmen
741 1703 1007 1762 Sibyllinum
1040 1720 1128 1748 esse
1144 1740 1154 1759 ,
1180 1720 1309 1750 nemo
1331 1704 1507 1750 dubita—

110 1778 234 1822 verit.
264 1777 409 1822 Sciens
432 1791 535 1835 ergo
555 1774 789 1836 Apostolus
814 1790 865 1819 ea
886 1774 932 1818 in
954 1774 1073 1819 libris
1095 1777 1302 1820 Gentium
1323 1777 1506 1821 inveniri

111 1847 357 1893 testimonia
379 1847 574 1892 veritatis
590 1882 600 1901 ,
637 1861 737 1907 quae
771 1846 902 1890 etiam
924 1845 969 1889 in
990 1845 1174 1890 Actibus
1196 1847 1507 1906 Apostolorum

109 1917 291 1979 loquens
312 1918 649 1963 Atheniensibus
669 1916 1020 1961 manifestissime
1045 1916 1233 1961 ostendit
1250 1919 1288 1973 ³,
1322 1933 1410 1962 non
1433 1934 1506 1963 so·-

110 1988 203 2034 lum
225 1991 311 2046 ait,
341 2009 361 2032 «
383 2005 459 2048 per
482 1990 720 2048 Prophetas
744 2003 859 2042 suos,
882 2006 900 2028 »
920 2002 975 2030 ne
992 1988 1089 2047 quis
1108 2003 1129 2031 a
1150 1989 1507 2050 pseudoprophe-

110 2062 163 2106 tis
184 2076 262 2121 per
284 2059 491 2122 quasdam
523 2061 716 2104 veritatis
738 2058 1027 2104 consessiones
1054 2059 1098 2102 in
1130 2057 1320 2118 aliquam
1354 2060 1506 2120 impie-

112 2141 246 2177 tatem
285 2131 565 2175 seducerctur
587 2151 598 2187 3
643 2129 717 2173 sed
765 2128 935 2173 addidit
970 2129 1097 2172 etiam
1136 2148 1156 2170 «
1192 2130 1237 2173 in
1277 2130 1506 2190 Scripturis

115 2220 136 2244 »
171 2203 326 2247 sanetis
347 2222 355 2247 :
378 2220 398 2244 »
421 2201 571 2247 volens
592 2201 744 2261 utique
768 2199 996 2245 ostendere
1023 2199 1185 2244 litteras
1208 2202 1413 2245 Gentium
1430 2217 1505 2246 su-

113 2274 367 2333 perstitiosae
392 2271 650 2317 idololatriae
680 2272 949 2332 plenissimas
967 2307 977 2324 ‚
1007 2286 1093 2315 non
1117 2271 1215 2315 ideo
1233 2282 1400 2317 sanctas
1423 2273 1504 2317 ha-

110 2343 202 2390 beri
225 2354 425 2406 oportere
443 2380 453 2399 ,
475 2346 578 2405 quia
604 2345 647 2389 in
668 2344 728 2388 eis
750 2342 916 2404 aliquid
935 2343 1056 2403 quod
1081 2341 1134 2386 ad
1158 2343 1380 2389 Christum
1403 2360 1504 2404 per-

113 2415 223 2461 tinet
245 2416 480 2462 invenitur.

174 2488 250 2531 IV.
275 2488 333 2531 Et
357 2501 410 2530 ne
443 2485 674 2546 quisquam
702 2483 831 2529 etiam
858 2483 1095 2542 Prophetas
1129 2483 1296 2544 aliquos
1318 2493 1505 2529 remotos

165 2603 173 2620 ¹
192 2599 281 2631 Rom.
301 2608 324 2640 1,
344 2605 374 2630 2.
401 2612 441 2620 —·
462 2602 474 2620 ²
496 2597 577 2638 Vin-g.
599 2594 706 2637 Eclog.
725 2604 772 2629 ιν.
786 2610 826 2617 -
856 2592 867 2618 ³
887 2596 959 2626 Act.
982 2602 1058 2634 xvii,
1073 2592 1126 2626 28.
