1867 3320
0 1346 3 1368 l

0 1369 2 1382 ι

14 2317 20 2462 ἱ

17 2472 23 2595 ἐ

20 2600 25 2712 ἶ

23 2725 29 2867 ἶ

14 2872 30 2968 ,1

301 277 622 306 rnorosinomzs
654 275 707 304 Ex
739 274 937 305 EPIsTOLA
969 275 1024 304 An
1056 277 1267 309 nomm-os.
1418 269 1468 308 31

95 343 256 387 tionem
279 342 560 396 voluerimus,
585 356 676 385 non
692 341 852 386 sufficit
872 341 1073 386 voluntas
1095 352 1240 387 nostra
1261 352 1304 387 et
1325 359 1474 389 cursus

94 422 239 458 noster
253 447 264 466 ,
292 413 371 456 nisi
395 415 507 456 Deus
529 420 572 456 et
593 412 702 455 vires
725 412 1000 456 currentibus
1020 413 1234 471 praebeat,
1260 422 1303 457 et
1321 415 1477 473 perdu-

95 492 164 527 cat
183 498 272 543 quo
294 492 419 528 vocat
438 485 468 526 ¹.
501 480 780 527 Manifestum
810 490 873 526 est
897 496 998 540 ergo
1016 497 1105 526 non
1128 481 1311 527 volentis
1334 498 1476 543 neque

94 552 305 597 currentis
325 587 337 607 ,
362 552 438 596 sed
473 552 714 596 miserentis
748 551 824 596 Dei
851 566 942 596 esse
961 587 972 607 ,
997 551 1117 612 quod
1139 551 1306 596 bonum
1326 568 1479 612 opera—

95 636 194 666 mur
215 640 224 666 :
250 636 503 681 quanquam
525 621 586 665 ibi
611 621 665 664 sit
684 621 814 665 etiam
838 620 1038 666 voluntas
1072 630 1240 677 nostra,
1270 637 1370 682 quae
1391 622 1481 667 sola

95 692 204 737 nihil
227 702 382 752 posset.
417 692 543 737 Unde
570 692 765 752 sequitur
786 692 916 737 etiam
937 692 992 736 de
1013 692 1247 738 Pharaonis
1268 692 1481 753 supplicio

96 763 390 808 testimonium
408 798 419 818 ,
438 777 540 807 cum
562 763 621 806 ait
642 763 863 823 Scriptura
884 762 939 807 de
967 763 1192 808 Pharaone
1214 783 1223 808 :
1254 782 1274 805 «
1294 764 1406 817 Quia
1427 762 1482 808 ad

99 851 120 875 »
154 833 237 878 hoc
258 842 302 877 te
319 833 517 887 excitavi,
541 841 592 876 ut
611 833 836 877 ostendam
854 833 902 877 in
924 841 967 877 te
987 834 1227 892 potentiam
1245 849 1386 878 meam
1403 868 1414 888 ,
1440 842 1483 878 et

99 921 120 944 »
154 911 205 947 ut
219 903 503 947 annuntietur
523 917 686 946 nomen
702 917 851 946 meum
871 902 917 946 in
939 903 1139 948 universa
1159 912 1273 948 terra
1287 907 1350 946 ².»
1365 903 1484 948 Sicut

97 973 211 1017 enim
234 973 417 1031 legimus
438 972 485 1016 in
502 971 654 1017 Exodo
672 991 680 1016 :
712 991 731 1014 «
755 972 1035 1018 Obduratum
1054 983 1118 1018 est
1136 988 1210 1018 cor
1227 973 1480 1028 Pharaonis,

100 1060 120 1084 »
155 1051 205 1087 ut
222 1052 310 1086 tam
331 1041 605 1087 evidentibus
627 1041 757 1100 signis
774 1057 864 1087 non
885 1052 1135 1088 moveretur
1150 1045 1210 1086 ³.»
1233 1043 1363 1097 Quod
1381 1058 1484 1102 ergo

97 1122 202 1157 tunc
232 1113 399 1157 Pharao
432 1128 522 1157 non
555 1113 888 1172 obtemperabat
924 1114 1151 1173 praeceptis
1189 1114 1267 1158 Dei
1285 1149 1296 1168 ,
1315 1114 1403 1173 jam
1429 1113 1484 1157 de

98 1182 308 1241 supplicio
330 1182 546 1226 veniebat.
559 1185 657 1227 Non
675 1191 820 1226 autem
836 1184 1067 1244 quisquam
1082 1193 1225 1243 potest
1245 1183 1388 1227 dicere
1410 1183 1484 1228 ob-

98 1252 372 1296 durationem
394 1251 511 1296 illam
535 1251 676 1297 cordis
700 1253 917 1297 immerito
937 1253 1139 1298 accidisse
1162 1254 1393 1309 Pharaoni,
1409 1252 1485 1297 sed

93 1321 256 1381 judicio
291 1321 368 1365 Dei
401 1322 682 1366 retribuentis
715 1322 1011 1368 incredulitati
1045 1325 1136 1384 ejus
1169 1324 1362 1368 debitam
1387 1339 1486 1383 poe-

98 1407 214 1436 nam.
235 1394 333 1436 Non
350 1406 452 1449 ergo
468 1392 552 1436 hoc
573 1391 636 1434 illi
657 1391 915 1450 imputatur,
933 1392 1054 1452 quod
1075 1402 1180 1438 tunc
1203 1409 1294 1438 non
1317 1393 1485 1437 obtem-

98 1470 289 1521 peraret,
306 1460 660 1520 quandoquidem
683 1460 900 1506 obdurato
921 1462 1052 1507 corde
1073 1463 1376 1523 obtemperare
1395 1478 1485 1508 non

99 1539 268 1590 poterat
286 1550 296 1587 3
321 1531 396 1574 sed
417 1531 518 1590 quia
540 1530 722 1589 dignum
746 1546 790 1575 se
811 1531 999 1590 praebuit
1014 1567 1024 1586 ,
1052 1532 1123 1577 cui
1146 1549 1220 1578 cor
1240 1534 1484 1578 obdurare·

100 1609 172 1646 tur
193 1601 335 1660 priore
356 1600 627 1645 infidelitate.
652 1600 772 1645 Sicut
789 1602 904 1645 enim
921 1602 966 1645 in
994 1602 1042 1645 iis
1059 1618 1168 1663 quos
1190 1603 1321 1662 elegit
1346 1607 1482 1659 Deus,

100 1686 190 1715 non
212 1686 357 1730 opera,
383 1670 458 1714 sed
480 1670 586 1714 fides
609 1671 787 1715 inchoat
809 1671 1036 1728 meritum,
1061 1681 1110 1716 ut
1133 1688 1210 1732 per
1232 1689 1392 1717 munus
1409 1673 1486 1718 Dei

100 1741 212 1785 bene
235 1750 470 1800 operentur
486 1742 500 1766 ⁴
524 1759 532 1785 :
558 1741 616 1784 sic
638 1741 682 1783 in
711 1740 777 1784 his
801 1756 911 1801 quos
944 1740 1153 1797 damnat,
1184 1742 1415 1787 infidelitas
1444 1752 1487 1787 et

101 1812 295 1870 impietas
334 1811 511 1855 inchoat
538 1826 681 1870 poenae
712 1811 938 1866 meritum,
969 1821 1020 1855 ut
1051 1827 1128 1871 per
1149 1813 1285 1872 ipsam
1310 1829 1487 1873 poenam

103 1881 231 1926 etiam
254 1880 364 1925 male
387 1890 621 1941 operentur
643 1900 651 1925 :
673 1880 785 1925 sicut
807 1890 850 1925 et
873 1882 1068 1941 superius
1090 1882 1204 1926 idem
1223 1882 1328 1927 dicit
1349 1887 1488 1943 Apos-

104 1952 247 1996 tolus:
277 1971 294 1992 «
321 1954 378 1996 Et
410 1952 616 2012 quoniam
650 1967 740 1996 non
778 1952 1073 2011 probaverunt
1105 1956 1244 1997 Deum
1266 1954 1310 1998 in
1333 1954 1487 1998 notitia

107 2040 128 2065 »
162 2022 344 2077 habere,
368 2022 553 2066 tradidit'
575 2020 670 2066 illos
695 2026 806 2066 Deus
825 2022 869 2066 in
893 2022 1127 2082 reprobum
1151 2038 1324 2067 sensum
1346 2033 1395 2068 ut
1420 2022 1485 2068 fa-

107 2109 128 2135 »
163 2093 280 2137 ciant
299 2107 398 2151 quae
428 2107 515 2137 non
538 2092 851 2137 conveniunt⁵.
881 2112 900 2134 »
926 2098 1197 2154 Quapropter
1225 2095 1281 2138 ita
1304 2094 1489 2139 conclu-

105 2162 169 2207 dit
190 2162 423 2221 Apostolus
449 2181 457 2207 ;
494 2181 514 2204 «
540 2165 655 2221 Ergo
684 2163 754 2206 cui
778 2162 872 2208 vult
895 2164 1141 2219 miseretur,
1167 2174 1210 2210 et
1238 2180 1369 2226 quem
1394 2164 1488 2210 vult

109 2249 129 2274 »
164 2231 396 2277 obduratss.
418 2250 437 2274 »
463 2233 598 2292 Cujus
621 2232 734 2276 enim
754 2233 993 2289 miseretur,
1016 2234 1118 2278 facit
1139 2249 1237 2279 eum
1258 2235 1370 2278 bene
1387 2250 1487 2295 ope·

107 2303 189 2347 rari
209 2322 218 2348 :
244 2311 288 2347 et
311 2317 441 2362 quem
464 2302 680 2358 obdurat,
706 2303 910 2364 relinquit
940 2320 1039 2349 eum
1068 2314 1115 2349 ut
1138 2305 1248 2349 male
1265 2315 1483 2366 operetur.

110 2372 193 2420 Sed
210 2382 253 2418 et
274 2372 345 2417 illa
367 2372 658 2418 misericordia
680 2375 941 2434 praecedenti
964 2375 1116 2421 merito
1139 2375 1239 2421 fidei
1264 2377 1484 2431 tribuitur,

158 2489 166 2507 ¹
190 2494 203 2517 1
236 2486 380 2517 ltetract.
402 2493 494 2524 xxiii,
514 2495 544 2515 n.
579 2484 608 2516 3.
627 2500 667 2506 -
689 2490 700 2507 ²
720 2487 810 2517 Rom.
829 2496 871 2525 ix,
895 2495 946 2527 17,
965 2489 995 2516 vt
1017 2486 1115 2518 Exod.
1143 2497 1189 2526 u,
1221 2487 1268 2519 ι6.
1291 2503 1332 2511 --
1356 2486 1369 2510 3
1386 2486 1488 2520 Esou.

111 2550 144 2582 x,
162 2550 190 2573 ι.
208 2556 249 2563 -
269 2538 286 2569 (ο
309 2550 321 2572 ι
344 2542 487 2572 Retinet.
510 2550 598 2582 xxiii,
617 2551 647 2574 u.
671 2540 701 2573 3.
733 2557 761 2564 -
776 2538 790 2564 ⁵
815 2543 904 2575 Itoni.
924 2553 949 2582 ι,
965 2541 1018 2574 28.
1036 2558 1075 2565 —
1090 2540 1165 2577 0121.
1183 2554 1228 2585 ix,
1249 2547 1299 2576 ιδ.
