1924 3309
476 263 560 304 386
902 272 935 300 s.
971 268 1202 300 Aueus’nm
1232 269 1413 298 Emscom

479 358 500 383 n
535 338 718 384 Domine
732 370 744 392 ‚
759 345 803 381 et
825 351 877 381 ex
896 336 991 396 lege
1008 346 1083 380 tua
1104 336 1301 379 docueris
1318 349 1434 379 eum.
1459 351 1478 375 »
1500 333 1615 387 Quid
1634 333 1858 393 sequitur?

475 412 573 455 Huc
594 422 734 468 usque
761 408 1030 453 cantavimus
1057 425 1066 451 ι
1095 424 1116 448 «
1143 408 1200 449 Et
1231 420 1281 448 ex
1302 405 1396 463 lege
1418 414 1492 466 tua
1518 404 1716 449 docueris
1737 418 1854 447 eum.

476 497 498 523 »
534 482 593 526 Ut
611 477 781 538 mitiges
797 494 897 523 eum
920 494 944 522 a
967 477 1121 521 diebus
1135 476 1357 534 malignis,
1383 475 1522 520 donec
1540 476 1732 520 fodiatur
1754 490 1858 535 pec-

478 569 499 593 »
533 549 670 596 catori
702 547 871 595 fovea1.
902 566 921 590 υ
950 551 1046 607 Ipse
1074 555 1137 591 est
1168 546 1234 591 vir
1254 545 1332 605 qui.
1374 545 1570 589 eruditur
1592 562 1616 590 a
1644 546 1857 600 Domino,

474 623 565 681 ipse
582 630 646 666 est
661 621 817 681 qui'ex
840 619 936 678 lege
965 618 1041 662 Dei
1063 617 1188 662 discit
1210 633 1234 661 a
1256 617 1440 661 Domino
1455 651 1466 671 ,
1500 616 1577 675 qui
1598 617 1820 676 mitigatur
1837 631 1861 660 a

474 692 627 737 diebus
656 689 876 748 malignis,
912 687 1053 732 donec
1078 687 1272 732 fodiatur
1299 687 1518 747 peccatori
1538 686 1680 732 fovea.
1701 687 1862 731 Audite

475 761 584 823 quid
605 763 674 806 sit.
698 758 878 817 Maligni
901 757 992 802 dles
1025 767 1140 802 sunt.
1172 757 1398 817 Numquid
1432 757 1582 813 isthic,
1609 772 1659 801 ex
1688 773 1777 817 quo
1808 757 1864 801 de

475 830 678 877 Paradiso
697 828 877 889 projecti
899 842 1049 872 sumus
1064 862 1076 882 ‚
1096 827 1305 886 malignos
1323 826 1414 872 dies
1432 828 1631 886 agimus?
1651 830 1709 872 Et
1725 828 1864 887 majo-

474 917 540 947 res
562 901 698 946 nostri
724 899 992 960 planxerunt
1013 899 1104 942 dies
1124 914 1224 943 suos
1239 933 1250 954 ‚
1271 907 1315 942 et
1335 898 1403 943 avi
1425 913 1575 943 eorum
1604 897 1864 957 planxerunt

477 973 568 1018 dies
588 986 703 1016 suos.
721 969 861 1016 Nullis
880 969 1132 1014 hominibus
1149 968 1244 1013 dies
1257 969 1533 1029 placuerunt,
1553 983 1663 1029 quos
1679 966 1865 1013 vivendo

477 1051 675 1102 egerunt.
695 1041 779 1086 Sed
794 1040 973 1100 posteris
990 1039 1164 1099 placent
1177 1040 1267 1084 dies
1285 1041 1500 1099 majorum
1520 1059 1528 1084 z
1548 1048 1591 1084 et
1607 1039 1691 1084 illis
1706 1040 1865 1083 iterum
1911 1039 1914 1042 ’

475 1111 539 1156 illi
553 1111 643 1155 dies
665 1110 895 1170 placebant
911 1144 922 1166 ‚
947 1125 1057 1169 quos
1075 1110 1155 1169 ipsi
1177 1125 1266 1154 non
1287 1111 1534 1154 sentiebant
1548 1145 1560 1166 ,
1585 1119 1628 1154 et
1651 1110 1750 1154 ideo
1771 1108 1866 1168 pla-

478 1181 652 1226 cebant.
674 1179 804 1233 Quod
819 1180 935 1224 enim
951 1194 1138 1237 praesens
1155 1190 1234 1235 est,
1258 1195 1401 1224 acrem
1416 1180 1551 1224 habet
1566 1195 1754 1224 sensum.
1769 1181 1868 1224 Non

479 1252 602 1307 dico,
628 1250 806 1311 propius
840 1249 1124 1309 admovetur3
1148 1250 1225 1295 sed
1245 1266 1319 1295 cor
1336 1253 1477 1309 tangit
1504 1250 1713 1310 quotidie.
1735 1249 1867 1294 Omni

482 1337 597 1367 anno
618 1321 878 1381 plerumque
910 1319 1093 1364 dicimus
1114 1319 1293 1380 quando
1322 1320 1459 1379 frigus
1482 1321 1712 1376 sentimus,
1741 1322 1867 1365 Nun-

482 1408 616 1454 quam
638 1391 743 1437 fecit
766 1390 851 1436 tale
872 1391 1010 1450 frigus
1032 1411 1041 1436 :
1065 1395 1300 1452 Nunquam
1319 1390 1422 1436 fecit
1444 1390 1550 1436 tales
1572 1401 1715 1436 aestus.
1744 1393 1868 1436 Sem-

484 1479 559 1523 per
596 1462 699 1507 facit
720 1462 811 1521 ipsc
832 1462 910 1521 qui
926 1461 1045 1506 iacit.
1067 1461 1152 1507 Sed
1179 1481 1198 1504 «
1220 1463 1373 1507 beatus
1394 1462 1460 1507 vir
1480 1477 1611 1522 quem
1630 1471 1677 1506 tu
1701 1460 1869 1505 erudie-

484 1551 505 1575 »
541 1533 620 1588 ris,
646 1533 828 1577 Domine
855 1551 864 1576 2
890 1540 942 1575 ut
959 1532 1129 1590 mitiges
1151 1546 1253 1576 eum
1270 1549 1294 1577 a
1317 1531 1473 1576 diebus
1491 1531 1711 1590 malignis,
1729 1530 1870 1576 donec
1923 1545 1924 1570 t

484 1623 505 1646 »
541 1602 734 1648 fodiatur
750 1601 970 1662 peccatori
993 1601 1136 1647 fovea.
1160 1620 1181 1644 »

544 1676 621 1718 IV.
645 1673 824 1732 Maligni
846 1672 952 1717 dies.
974 1672 1199 1733 Numquid
1211 1672 1281 1716 isti
1301 1671 1393 1717 dies
1412 1672 1591 1731 maligni
1612 1681 1737 1728 sunt,
1760 1686 1871 1732 quos

486 1744 621 1803 agitat
632 1743 820 1788 circulus
839 1742 940 1785 solis
957 1744 975 1784 i>
996 1743 1183 1786 Faciunt
1204 1742 1415 1799 malignos
1428 1743 1519 1786 dies
1533 1742 1711 1801 maligni
1725 1743 1870 1787 homi-

486 1900 583 1929 rum
602 1884 735 1942 gemit
748 1883 942 1942 paucitas
958 1880 1272 1925 frumentoumt
1290 1884 1560 1925 Revocemus
1578 1881 1633 1926 ad
1650 1883 1763 1941 ipsos
1778 1884 1873 1942 jus-

487 1965 567 2000 tos.
593 1954 773 2013 Maligni
802 1962 904 1997 sunt
924 1952 1010 2008 illi,
1034 1961 1078 1996 et
1098 1951 1264 1995 faciunt
1286 1951 1497 2009 malignos
1514 1952 1605 1997 dies
1626 1971 1635 1997 :
1661 1951 1769 2013 quid
1791 1953 1868 2013 ips'

481 2027 609 2087 justi,
645 2039 792 2070 nonne
825 2025 872 2068 in
903 2023 1056 2068 diebus
1085 2022 1282 2082 malignis
1314 2031 1418 2066 sunt
1446 2032 1490 2068 et
1521 2022 1638 2083 apud
1659 2039 1704 2068 se
1730 2025 1868 2084 ipsos,

489 2169 646 2211 munt?
663 2168 719 2210 Et
739 2165 856 2225 apud
875 2180 918 2209 se
935 2165 1069 2224 ipsos,
1089 2165 1284 2224 inquam,
1303 2163 1481 2224 quando
1501 2174 1618 2221 sunt,
1643 2165 1854 2210 attendan

485 2252 529 2282 se
545 2271 556 2293 ‚
587 2234 853 2280 descendant
875 2234 920 2278 in
936 2249 1001 2290 se,
1038 2235 1150 2278 bene
1172 2249 1216 2278 se
1237 2233 1541 2294 considerent3
1581 2235 1840 2281 inveniunti

487 2308 533 2351 in
555 2322 599 2351 se
633 2306 724 2351 dies
760 2305 987 2364 malignos.
1017 2304 1187 2349 Bellum
1221 2303 1400 2360 nolunt,
1431 2320 1582 2364 pacem
1614 2305 1769 2351 volunt
1797 2324 1805 2350 :
1830 2321 1853 2350 e

490 2379 587 2439 quis
609 2379 730 2422 non?
752 2380 809 2421 Et
829 2391 930 2422 cum
947 2391 1096 2421 omnes
1118 2375 1283 2420 bellum
1304 2376 1443 2420 nolint
1456 2410 1468 2432 ‚
1488 2386 1532 2421 et
1550 2392 1699 2422 omnes
1721 2391 1826 2436 pace

489 2449 626 2494 velint
644 2483 654 2503 ,
680 2457 854 2492 revocat
875 2448 930 2492 ad
951 2462 994 2492 se
1015 2446 1163 2492 oculos
1185 2455 1228 2490 et
1249 2447 1324 2506 qui
1344 2449 1459 2506 juste
1478 2447 1606 2502 vivit,
1642 2456 1685 2492 et
1705 2447 1826 2491 bellu

490 2521 535 2563 in
565 2534 610 2564 se
632 2518 811 2563 invenit.
848 2520 1004 2571 Quaere
1026 2533 1050 2562 a
1071 2531 1140 2561 me
1162 2516 1283 2576 quod
1300 2516 1480 2561 bellum.
1510 2535 1530 2561 «
1555 2519 1710 2563 Beatus
1740 2518 1844 2563 hom

536 2610 545 2626 ¹
567 2603 646 2636 Psal.
670 2613 760 2641 xcui,
784 2603 833 2635 13.
