1867 3320
325 252 463 280 sssuno
495 254 602 293 XLV,
639 257 692 282 uz
728 258 869 284 vEnffls
902 261 1039 299 isaiffi,
1074 264 1174 290 mn.
1355 255 1435 293 :249

74 317 207 372 rium,
245 317 444 362 nondum
477 334 575 364 caro
604 322 879 381 coinquinata
903 334 977 368 est.
1006 328 1085 371 Sed
1108 330 1213 388 quid
1238 333 1406 389 prodest
1424 368 1433 381 ,

70 389 171 448 quia
208 403 308 433 caro
345 389 510 434 munda
550 400 612 434 est
652 400 695 435 ct
732 392 948 438 habitator
986 399 1120 441 carnis
1164 400 1437 445 immundus?

71 458 151 502 Ille
185 459 262 519 qui
299 458 412 504 forte
462 460 650 506 mundus
698 471 759 506 est
801 463 844 507 in
874 480 1029 520 carne,
1070 467 1309 514 adulterum
1339 487 1438 516 eum

70 530 184 574 Deus
223 538 340 575 tenet
376 531 422 574 in
464 531 610 586 corde,
663 533 773 577 sicut
817 535 1022 580 Dominus
1062 537 1162 582 dicit
1202 559 1209 583 ;
1248 559 1268 581 «
1302 545 1438 585 Amen

72 618 93 642 >›
129 600 228 646 dico
271 601 420 656 vobis,
464 603 541 662 qui
577 603 731 647 viderit
773 604 997 650 mulierem
1042 608 1096 652 ad
1137 611 1439 669 concupiscen-

73 688 94 712 »
130 669 229 715 dam
263 687 380 727 eam,
406 673 497 733 jam
536 674 776 719 moechatus
813 685 874 719 est
915 691 1007 720 eam
1041 677 1085 720 in
1118 679 1246 722 corde
1276 685 1390 724 suo¹.
1419 702 1437 721 »

71 744 157 785 Ista
179 750 241 786 est
262 742 562 803 coinquinatio
584 744 771 803 spiritus.
798 747 982 798 Quando
1005 758 1148 792 autem
1182 749 1229 793 fit
1258 750 1442 808 perfecta

70 813 387 857 sanctificatio?
409 813 595 867 Quando
614 824 675 859 cst
697 825 739 859 et
762 817 900 860 carnis
921 827 963 861 et
986 819 1170 878 spiritus.
1200 822 1307 864 Sunt
1329 821 1441 864 enim

69 883 292 938 homines,
319 884 395 943 qui
418 893 661 943 temperant
682 901 726 930 se
748 902 770 930 a
793 886 937 939 factis,
963 898 1004 932 et
1022 905 1109 932 non
1134 899 1371 948 temperant
1402 907 1444 934 sc

70 970 94 998 a
116 953 449 1011 cogitationibus
479 955 599 1000 malis
622 975 630 1000 :
655 956 822 1001 faciunt
844 959 1170 1002 mundationem
1206 962 1340 1004 carnis
1359 996 1368 1012 ‚
1404 972 1446 1004 ct

70 1039 161 1068 non
205 1024 371 1068 faciunt
400 1025 728 1069 mundationem
763 1028 948 1084 spiritus.
989 1029 1108 1071 Tales
1136 1030 1232 1072 ideo
1262 1046 1346 1073 non
1385 1031 1448 1074 sa·-

70 1096 212 1149 ciunt,
240 1096 341 1155 quia
365 1096 521 1140 timent
538 1096 746 1140 homines.
774 1097 928 1140 Libido
950 1099 1086 1153 ardet,
1114 1099 1240 1143 timor
1259 1113 1441 1144 revocat.

70 1165 186 1218 Quid
205 1166 360 1209 times?
384 1166 575 1211 Inveniri
598 1175 641 1210 et
657 1166 878 1223 damnari3
910 1168 1092 1211 inveniri
1117 1178 1158 1211 ct
1181 1170 1442 1228 expompari.

70 1238 186 1294 Ergo
219 1236 548 1295 incoinquinata
584 1235 755 1279 videtur
790 1252 913 1290 caro,
945 1238 1019 1281 sed
1048 1254 1134 1282 non
1167 1250 1229 1282 cst
1259 1239 1444 1297 puiset-ta

0 1340 4 1343 .
69 1307 375 1351 sanctificatio:
394 1307 497 1366 quia
519 1306 627 1366 quid
649 1308 752 1351 dicit
772 1307 1031 1366 Apostolus?
1053 1328 1072 1350 «
1093 1310 1352 1352 Mundeinus
1373 1326 1446 1353 nos

73 1395 94 1418 »
129 1378 184 1421 ab
219 1379 338 1421 omni
371 1377 726 1436 coinquinatione
753 1378 891 1421 carnis
922 1387 964 1421 et
990 1379 1189 1437 spiritus:
1222 1399 1238 1420 υ
1265 1390 1312 1422 ut
1335 1396 1446 1438 quo-

72 1446 205 1492 modo
228 1456 270 1491 te
303 1457 513 1507 temperas
536 1463 560 1491 a
581 1447 704 1492 malis
732 1447 853 1492 factis
872 1483 883 1502 ,
908 1449 966 1492 sic
990 1458 1029 1492 te
1057 1458 1263 1507 temperes
1285 1465 1305 1492 a
1336 1450 1445 1493 mala

70 1517 297 1562 voluntate
312 1553 322 1573 ,
348 1534 372 1562 a
397 1517 518 1562 malis
541 1518 892 1577 cogitationibus.
913 1522 950 1562 A
976 1518 1088 1562 malo
1113 1519 1227 1563 sacto
1249 1521 1442 1573 contine,

72 1599 115 1634 et
147 1589 333 1634 mundas
357 1599 400 1634 te
428 1606 452 1634 a
473 1590 827 1649 coinquinatione
849 1591 986 1634 carnis
1009 1610 1016 1634 :
1050 1608 1072 1634 a
1096 1590 1204 1634 mala
1229 1591 1447 1636 voluntate

72 1661 240 1706 abstine
264 1670 330 1715 te,
355 1670 398 1705 et
422 1662 606 1706 mundas
628 1671 670 1706 te
689 1678 711 1705 a
733 1662 1084 1720 coinquinatione
1106 1663 1288 1721 spiritus.

132 1734 210 1776 IX.
232 1734 288 1776 Et
309 1732 509 1792 sequitur
535 1750 543 1776 :
573 1751 593 1773 «
621 1732 897 1775 Perficientes
921 1732 1298 1776 sanctificationem
1331 1734 1372 1775 in
1401 1734 1451 1776 ti-

75 1819 95 1843 »
130 1816 251 1845 more
274 1802 364 1845 Dei.
396 1820 416 1842 »
438 1801 671 1860 Magnifice
695 1799 882 1853 addidit,
914 1819 934 1842 «
954 1801 997 1844 in
1019 1801 1169 1845 timore
1189 1802 1275 1844 Dei.
1296 1821 1313 1842 υ
1342 1805 1448 1845 Ecce

72 1873 173 1932 quia
207 1888 296 1916 non
329 1872 497 1932 perficit
532 1872 665 1916 homo
688 1871 1092 1924 sanctificationem,
1119 1872 1196 1914 nisi
1234 1873 1278 1915 in
1301 1873 1449 1915 timore

77 1943 165 1986 Dei.
193 1945 301 1996 Quae
329 1951 393 1986 est
415 1940 606 2001 perfecta
627 1941 938 1986 sanctificatio?
963 1941 1248 1984 Sanctilicatio
1281 1951 1321 1984 ct
1350 1958 1446 1984 cor-

72 2015 187 2073 poris
209 2023 253 2057 et
273 2013 463 2072 spiritus.
500 2013 543 2058 Si
565 2013 620 2057 sit
641 2012 830 2071 corporis
850 2047 860 2064 ‚
892 2021 932 2054 ct
955 2011 1125 2070 spiritus
1147 2026 1234 2053 non
1255 2012 1306 2054 sit
1325 2046 1334 2061 ,
1369 2013 1446 2054 iin-

72 2082 263 2144 persecta
286 2093 362 2127 est.
389 2087 496 2130 Nam
518 2082 628 2127 illud
647 2098 731 2126 non
753 2091 890 2141 potest
912 2098 999 2124 t‘Ssc
1017 2081 1186 2139 spii-itus
1206 2082 1443 2124 sanctitica-

72 2155 133 2198 tio
149 2189 160 2208 ,
185 2163 227 2198 ct
255 2154 446 2213 corporis
470 2168 558 2197 non
581 2169 684 2196 essc.
713 2155 812 2196 Esse
834 2151 1044 2209 corporis,
1071 2160 1111 2193 ct
1135 2166 1219 2193 nou
1249 2168 1334 2192 essi·
1359 2153 1442 2209 >pi-

73 2226 205 2280 ritus,
242 2234 386 2285 potest
418 2244 427 2270 :
453 2240 542 2268 csse
570 2224 770 2283 spiritus,
804 2233 845 2266 ct
878 2238 963 2266 nou
998 2237 1085 2265 csse
1116 2223 1323 2279 commis,
1359 2239 1443 2266 non

72 2305 230 2356 potest.
257 2296 343 2348 Qui
361 2295 478 2339 enim
495 2304 560 2338 cst
578 2293 766 2338 mundus
788 2293 937 2352 spiritu
959 2327 968 2346 ,
990 2292 1153 2350 operari
1177 2292 1331 2348 flagitia
1357 2307 1442 2335 non

72 2374 230 2426 potest.
255 2364 378 2410 Unde
399 2365 513 2410 hoe?
537 2383 555 2405 α
575 2366 637 2407 Ex
659 2364 788 2408 corde
810 2363 921 2407 enim
947 2361 1200 2421 procedunt,
1227 2363 1282 2404 ait
1309 2363 1446 2404 nomi-

76 2455 96 2479 »
134 2451 243 2492 nus,
278 2435 513 2491 adulteria,
549 2433 779 2479 homicidia
792 2438 822 2477 ².
854 2452 872 2473 υ
902 2436 1038 2477 llonio
1060 2432 1172 2475 enim
1201 2448 1286 2475 nou
1310 2442 1445 2490 potest

74 2515 323 2566 perpetrare
359 2521 434 2566 per
458 2505 651 2549 membra
672 2539 683 2560 ,
708 2503 824 2564 quod
849 2518 933 2548 non
957 2502 1034 2547 sibi
1060 2503 1100 2545 in
1125 2501 1252 2546 corde
1274 2503 1440 2545 diu-m.

123 2596 129 2612 ¹
150 2591 263 2625 Mattb.
281 2603 314 2632 v,
330 2592 384 2625 ¹18.
408 2608 446 2614 —
468 2599 479 2613 ¹
497 2592 541 2623 ld.
566 2601 616 2627 xv,
637 2601 685 2632 ¹9·
