1924 3309
1889 70 1892 89 J

1889 95 1892 123 J

1890 166 1893 194 J

1890 218 1893 242 J

491 273 574 312 236
914 284 948 314 s.
983 284 1214 314 Aueusnm
1246 286 1426 315 131>13001²1
1891 256 1894 347 J

491 366 563 395 rax
589 369 597 395 z
623 359 666 395 et
687 352 869 396 excussit
891 351 1086 396 laetitiam
1109 352 1221 395 male
1239 354 1593 411 praesumentium
1609 387 1620 407 ‚
1641 361 1685 395 et
1702 351 1894 398 induxitz'

490 422 688 466 timorem
725 421 986 466 dolentium.
1013 420 1291 466 Gaudeamus
1325 422 1380 466 ad
1413 421 1753 466 misericordiam
1784 425 1872 468 Do-

492 491 598 534 mini
620 511 628 535 :
654 490 729 535 sed
748 492 974 535 timeamus
991 490 1269 550 adjudicium
1289 493 1476 539 Domini.
1500 492 1664 547 Parcit,
1689 491 1796 536 dum
1812 501 1873 537 ta-

490 570 572 605 cet.
602 564 751 616 Τερεῑ,
773 562 847 606 sed
872 578 956 606 non
982 576 1150 620 semper
1172 562 1346 605 tacebit.
1374 561 1488 606 Audi
1510 562 1616 606 dum
1651 578 1740 607 non
1762 559 1896 615 tacetJ

490 634 536 676 in
557 633 720 688 verbo,
757 649 811 677 ne
833 649 922 678 non
945 633 1023 677 tibi
1059 641 1184 677 vacet
1219 632 1367 677 audire
1389 632 1495 676 dum
1532 649 1621 678 non
1643 634 1803 679 tacebit
1829 621 1897 694 inJ

485 703 701 763 judicio
670 706 682 729 1
1893 698 1897 778 J

552 776 608 817 II.
636 774 769 818 Modo
787 774 902 817 enim
921 774 1023 818 licet
1044 774 1124 818 tibi
1140 789 1314 818 causam
1332 783 1451 818 tuam
1471 788 1746 834 componere.
1763 777 1875 819 Ante
1893 779 1897 838 J

490 844 695 888 ultimum
714 844 927 904 judicium
948 845 1023 888 Dei
1042 846 1105 889 tui
1123 861 1336 904 compone
1352 861 1525 889 causam
1542 855 1678 890 tuam.
1698 847 1796 891 Non
1814 854 1876 891 est
1891 841 1898 926 J

491 915 609 959 unde
629 931 889 975 pr‚aesumas
914 932 1014 960 eum
1036 916 1109 961 ille
1127 918 1320 971 venerit,
1342 932 1422 961 ηερ
1443 916 1572 962 falsos
1590 927 1717 961 testes
1735 915 1897 962 addu-
1894 931 1898 1003 J

492 1001 586 1039 ces,
613 986 773 1046 quibus
796 986 867 1029 ille
885 985 1090 1041 fallatur,
1118 1002 1196 1031 ηερ
1219 996 1453 1046 patronum
1476 986 1761 1032 fraudulentis
1793 987 1898 1039 cir-J

493 1056 874 1101 cumventionibus
896 1066 938 1101 et
954 1056 1160 1115 linguosis
1180 1058 1344 1102 artibus
1362 1058 1604 1113 adhibebis,
1624 1073 1704 1102 nec
1719 1034 1898 1143 ambiesJ

493 1127 641 1186 aliquo
664 1129 824 1182 modo
858 1137 907 1171 ut
938 1127 1131 1187 JudiCem
1154 1131 1288 1187 possis
1310 1143 1602 1188 corrumpeie.
1633 1127 1750 1181 Quid
1779 1130 1898 1206 ergoJ

494 1197 580 1254 agis
598 1197 715 1256 apud
735 1197 863 1241 talem
888 1198 1110 1257 Judicem‚
1132 1214 1265 1258 quem
1288 1214 1368 1242 ηερ
1385 1198 1558 1253 fallere,
1586 1213 1667 1242 ηερ
1689 1213 1899 1245 cori-:um-

493 1282 597 1325 pere
632 1268 825 1326 poteiis‘?
846 1270 904 1311 Et
927 1276 1071 1311 tamen
1110 1277 1173 1312 est
1207 1269 1327 1328 quod
1368 1283 1480 1326 agas.
1510 1234 1631 1312 Time
1654 1268 1768 1311 enim
1792 1256 1899 1327 ipse}

493 1338 572 1381 erit
586 1337 721 1397 judex
743 1353 883 1381 causae
907 1347 1018 1393 tuae,
1047 1340 1122 1398 qui
1141 1339 1272 1383 modo
1293 1339 1411 1382 testis
1433 1347 1497 1382 est
1526 1339 1626 1382 vitae
1649 1347 1751 1382 tuae.
1779 1337 1899 1396 Cla-J

493 1408 704 1451 mavimus
721 1443 732 1456 ,
758 1419 801 1452 et
816 1407 1088 1452 laudavimus
1111 1428 1119 1453 ;
1145 1424 1459 1468 componamus
1476 1423 1650 1453 causam
1667 1417 1875 1453 nostram.
1895 1407 1899 1468 J

492 1478 577 1531 Qui
597 1478 714 1521 testis
748 1487 810 1522 est
841 1494 1023 1537 operum
1056 1487 1325 1534 nostrorum,
1350 1479 1441 1538 ipse
1462 1480 1580 1524 testis
1617 1488 1681 1523 est
1720 1475 1899 1523 vocum?

493 1549 671 1592 istarum
694 1568 703 1593 ε
720 1564 809 1593 ηοη
831 1549 916 1593 sint
933 1550 1097 1604 inanes,
1116 1558 1426 1594 convertantur
1440 1550 1494 1594 ad
1513 1550 1737 1609 gemitum.
1759 1552 1876 1594 Tem·
1896 1540 1900 1598 J

493 1634 575 1678 pus
598 1629 663 1664 est
683 1618 979 1664 concordandi
1004 1635 1105 1664 cum
1129 1620 1373 1664 adversario
1386 1629 1462 1664 tuo
1485 1620 1587 1664 cito.
1608 1622 1711 1664 Tam
1730 1619 1899 1678 longa-¹

495 1689 623 1733 nimis
658 1698 723 1734 est
745 1692 860 1734 Deus
881 1688 1072 1734 videndo
1102 1690 1252 1749 iniqua
1275 1698 1319 1733 et
1357 1705 1446 1733 non
1469 1689 1694 1749 puniendo
1712 1725 1723 1745 ‚
1748 1699 1797 1733 ut
1821 1693 1900 1737 ta-J

494 1774 597 1802 men
631 1760 720 1804 cito
754 1760 805 1802 sit
840 1758 1038 1803 futurum
1061 1759 1292 1819 judicium.
1327 1762 1449 1804 More
1485 1761 1649 1820 quippe
1681 1761 1900 1804 humanaeJ

494 1830 594 1874 vitae
613 1829 828 1888 prolixum
852 1839 930 1882 est,
952 1829 1072 1888 quod
1090 1833 1177 1873 Deo
1196 1830 1326 1872 breve
1348 1839 1425 1872 est.
1452 1830 1536 1874 Sed
1559 1840 1601 1873 et
1622 1831 1702 1888 ipsi
1722 1829 1878 1875 saeculo
1896 1847 1900 1880 4

494 1909 537 1943 et
558 1901 752 1944 humano
775 1899 920 1958 generi
950 1899 1070 1958 quod
1087 1898 1214 1956 longe
1230 1897 1404 1943 videtur
1422 1934 1432 1953 ‚
1463 1898 1570 1958 quid
1602 1900 1878 1944 consolatur?
1898 1907 1899 1910 ’

493 1969 719 2029 Numquid
739 1970 773 2013 si
796 1970 926 2014 totius
949 1969 1115 2027 generis
1138 1970 1318 2013 humani
1342 1969 1520 2013 ultimus
1544 1971 1634 2014 dies
1651 1970 1779 2029 longe
1797 1980 1873 2026 est,
1896 1974 1900 2033 J

494 2041 837 2100 uniuscujusque
859 2040 948 2083 dies
949 2006 1146 2084 nummus
1164 2039 1291 2098 longe
1311 2042 1404 2084 est?
1426 2044 1520 2085 Hoc
1533 2040 1647 2097 dico,
1668 2057 1719 2085 ex
1738 2043 1899 2090 Adam
1897 2070 1900 2110 J

495 2111 623 2156 multi
641 2112 743 2155 anni
774 2109 938 2155 evoluti
960 2123 1087 2165 sunt,
1114 2110 1240 2154 multi
1265 2111 1367 2154 anni
1402 2112 1649 2166 fluxerunt,
1682 2122 1725 2157 et
1753 2112 1872 2157 dein·
1897 2102 1900 2192 J

495 2198 593 2240 ceps
617 2182 778 2237 ssuent3
801 2196 890 2225 non
911 2146 1088 2240 quideni
1112 2190 1198 2224 tam
1224 2181 1371 2235 multi,
1398 2181 1473 2225 sed
1495 2191 1640 2226 tamen
1673 2198 1812 2243 usque
1834 2184 1899 2227 in

496 2254 629 2296 finem
661 2251 805 2296 saeculi
833 2251 1081 2296 transibunt
1113 2252 1236 2306 anni,
1277 2252 1387 2296 sieut
1422 2262 1464 2296 et
1487 2252 1549 2296 illi
1582 2253 1845 2298 transierunt
1865 2229 1900 2300 :J

496 2322 677 2380 longum
700 2322 871 2365 videtur
893 2322 1011 2380 quod
1044 2331 1198 2376 restat,
1224 2324 1509 2382 (quanquam
1542 2339 1630 2368 non
1666 2325 1747 2368 erit
1782 2319 1900 2390 tan-J

498 2402 591 2436 tum
608 2428 618 2446 ,
651 2402 865 2451 quantum
901 2401 1163 2436 transactum
1195 2402 1258 2436 est
1285 2412 1292 2436 :
1319 2398 1331 2448 )
1355 2403 1396 2436 et
1424 2403 1570 2438 tamen
1592 2410 1642 2437 ex
1665 2404 1876 2440 transacto
1898 2412 1899 2433 1

498 2463 720 2522 prseterito
750 2472 944 2521 tempore
961 2498 971 2517 ‚
1007 2462 1243 2521 sperandus
1264 2471 1326 2506 est
1348 2463 1502 2523 reliqui
1540 2466 1743 2523 temporis
1766 2465 1872 2509 finis.
1897 2474 1899 2504 J

501 2534 603 2576 Fuit
637 2542 742 2577 tunc
763 2533 940 2592 quidam
965 2532 1055 2578 dies
1084 2534 1158 2593 qui
1197 2532 1413 2577 diceretur
1442 2535 1698 2585 hodiernus,
1733 2552 1780 2579 ox
1805 2535 1874 2579 illo

552 2623 558 2636 ¹
580 2617 649 2647 lsai.
678 2627 750 2657 xm,
774 2617 822 2657 14.
