1867 3320
341 299 479 327 ammo
511 300 625 338 xvir,
660 301 703 328 m
737 299 902 330 PSALMo
934 303 1060 343 xmx,
1098 296 1138 332 3.
1348 302 1429 340 319

49 363 189 408 lentos
209 362 396 407 limitum
418 363 656 420 invasores,
681 366 878 410 videmus
906 367 1262 422 calumniatores,
1292 383 1334 418 et
1363 385 1429 420 ta-

51 447 152 477 men
171 441 371 492 potentes
385 468 396 489 ,
421 433 576 478 divites
592 468 603 489 ,
636 434 780 480 felices
801 437 847 480 in
868 436 950 481 hac
975 446 1100 482 terra.
1136 440 1177 483 Si
1198 455 1296 485 vere
1318 446 1429 488 Deus

47 503 126 548 ista
147 503 317 549 videret
338 538 349 559 ,
365 504 399 547 si
419 504 500 549 ista
522 515 718 562 curaret,
742 517 938 566 parceret
957 508 1046 552 eis?
1067 509 1248 554 Addunt
1269 521 1311 556 et
1329 514 1426 569 hoc,

48 572 169 632 quod
190 575 310 634 pejus
331 581 420 630 est,
455 576 554 620 Non
576 574 747 632 placent
767 577 848 621 nisi
877 577 995 622 mali.
1020 578 1255 637 Contingat
1288 591 1431 626 autem

47 652 97 688 ut
119 643 250 688 faciat
270 643 383 689 bene
406 642 561 704 aliquis
578 680 589 701 ,
615 655 659 690 et
679 655 883 706 sequatur
904 647 1020 692 forte
1053 647 1198 707 aliqua
1220 652 1400 695 tentatio
1417 685 1429 706 ,

45 713 256 759 continuo
276 714 332 761 ad
353 730 533 759 manum
548 715 681 760 habet
699 751 711 772 ,
731 719 829 763 Non
845 717 1019 777 expedit
1037 717 1150 763 bene
1170 717 1312 764 facere
1331 721 1432 780 :qui

44 781 196 829 fecerit
217 785 351 840 bene,
376 785 487 829 nihil
507 784 571 829 illi
593 785 783 845 prodest.
806 790 964 832 Parum
988 796 1052 832 est
1070 788 1150 832 tibi
1171 788 1292 848 quod
1320 789 1431 834 male

44 854 108 900 vis
128 854 271 900 facere
288 890 300 911 ,
320 864 364 900 et
380 856 492 901 bene
519 855 778 901 facientibus
807 857 1059 902 maledicis?
1084 877 1104 901 «
1137 861 1240 904 Haec
1262 859 1428 916 fecisti,

49 944 69 968 »
103 926 267 986 inquit,
306 936 350 971 et
382 928 511 972 tacui.
535 928 783 987 Suspicatus
816 944 860 985 es
881 929 1157 989 iniquitatem
1174 964 1186 984 ,
1215 930 1336 990 quod
1357 946 1431 975 ero

48 1012 68 1036 »
104 995 183 1039 tihi
202 995 367 1041 similis.
398 1015 418 1039 »
444 997 563 1051 Quid
585 1007 671 1054 est,
698 1017 719 1041 «
743 997 865 1058 quod
881 1013 956 1043 ero
973 999 1052 1042 tibi
1073 999 1250 1043 similis?
1274 1018 1294 1041 »
1320 1001 1431 1053 Quia

44 1066 103 1110 sic
119 1067 225 1111 mihi
240 1067 383 1127 placet
405 1068 571 1113 malum
585 1104 596 1125 ,
626 1070 848 1130 quomodo
867 1070 946 1114 tibi
968 1088 977 1115 z
997 1070 1082 1115 hoc
1109 1085 1154 1114 es
1171 1071 1427 1130 suspicatus.

44 1138 138 1181 Hoc
161 1136 305 1182 dixisti
322 1138 368 1183 in
388 1138 519 1184 corde
541 1149 618 1185 tuo
645 1158 654 1184 :
680 1140 757 1185 sed
777 1155 858 1199 ego
881 1139 1051 1195 audivi,
1084 1140 1263 1200 quando
1285 1140 1429 1185 dixisti

43 1206 90 1251 in
106 1208 344 1254 cordetuo.
364 1209 495 1262 Quod
511 1211 632 1269 pejus
646 1219 725 1266 est,
746 1210 790 1253 in
806 1210 900 1255 haec
916 1210 1047 1255 verba
1065 1209 1425 1269 progrediuntur,

43 1286 94 1322 ut
110 1292 191 1322 nec
208 1279 349 1323 audiri
368 1279 566 1324 timeant.

102 1349 155 1391 V.
181 1350 296 1407 Ergo
330 1367 350 1391 «
376 1349 626 1408 Suspicatus
647 1363 690 1392 es
712 1349 859 1408 inique
876 1382 887 1403 ,
913 1347 1033 1408 quod
1061 1363 1134 1392 ero
1157 1348 1234 1392 tibi
1257 1347 1421 1392 similis.

45 1435 66 1458 »
100 1418 294 1477 Arguam
315 1427 358 1462 te
378 1437 387 1462 :
416 1437 436 1460 »
462 1418 683 1479 quomodo
705 1434 794 1463 non
815 1426 957 1478 putas,
977 1426 1020 1462 et
1037 1416 1214 1477 quando
1238 1433 1326 1462 non
1342 1433 1427 1476 pu-

42 1496 105 1532 tas
120 1523 131 1543 ,
155 1507 176 1531 «
201 1504 381 1548 arguam
419 1498 476 1533 te.
508 1508 526 1530 »
557 1489 671 1534 Sileo
698 1505 799 1534 cum
821 1489 925 1533 facis
948 1507 957 1533 ι
982 1488 1056 1533 sed
1079 1504 1168 1533 non
1192 1488 1295 1533 sileo
1323 1503 1424 1532 cum

0 1576 8 1624 f
36 1557 201 1618 judico.
227 1577 247 1601 «
269 1561 462 1618 Arguam
484 1567 542 1602 te.
568 1577 588 1600 »
610 1558 727 1612 Quid
749 1559 828 1603 tibi
844 1557 998 1603 faciam
1019 1593 1030 1613 ,
1050 1558 1227 1619 quando
1249 1573 1424 1617 arguam

0 1628 1 1651 ¹
42 1630 114 1673 te?
143 1647 164 1671 α
189 1632 386 1674 Statuam
409 1638 451 1674 te
468 1638 568 1674 ante
587 1629 740 1674 faciem
762 1639 896 1674 tuam.
922 1648 941 1670 »
964 1630 1099 1674 Modo
1117 1630 1232 1674 enirn
1247 1628 1424 1688 quando

41 1698 152 1743 male
173 1699 302 1754 facis,
329 1708 455 1758 putas
476 1699 580 1758 quia
602 1698 744 1742 bonus
765 1715 810 1743 es
828 1734 838 1751 ,
863 1700 965 1756 quia
993 1714 1082 1742 non
1102 1699 1164 1742 vis
1187 1707 1229 1742 te
1258 1698 1419 1741 videre.

41 1769 160 1814 Alios
183 1769 486 1829 reprehendis,
511 1778 555 1813 te
577 1783 667 1813 non
702 1768 903 1828 respicis3
935 1767 1038 1812 alios
1073 1783 1245 1812 accusas
1260 1804 1275 1822 ,
1306 1768 1360 1812 de
1382 1777 1424 1812 te

42 1854 132 1883 non
153 1840 336 1897 cogitas3
361 1838 466 1884 alios
496 1840 622 1898 ponis
644 1847 743 1883 ante
771 1838 920 1883 oculos
956 1847 1079 1893 tuos,
1107 1847 1149 1882 te
1181 1838 1305 1897 ponis
1327 1846 1424 1896 post

40 1908 220 1955 dorsum
242 1919 383 1955 tuum.
404 1912 497 1968 Ego
519 1909 698 1970 quando
727 1918 768 1953 te
797 1923 933 1967 arguo
948 1942 959 1962 ,
979 1917 1129 1952 contra
1148 1907 1259 1952 facio
1281 1926 1289 1951 :
1317 1907 1423 1952 tollo

42 1989 87 2025 te
107 1996 131 2024 a
151 1980 279 2027 dorso
296 1991 396 2038 tuo,
421 1991 464 2026 et
482 1995 599 2041 pono
618 1991 658 2025 te
676 1989 775 2025 ante
797 1979 945 2025 oculos
962 1988 1073 2024 tuos.
1100 1978 1272 2022 Videbis
1291 1987 1352 2032 te,
1377 1988 1421 2022 et

43 2049 221 2111 planges
245 2061 317 2110 te,
357 2062 401 2097 et
422 2067 510 2097 non
533 2052 613 2095 erit
639 2052 728 2111 jam
766 2059 870 2094 tunc
892 2049 1113 2110 quomodo
1145 2050 1329 2107 corrigas
1362 2057 1416 2092 te.

43 2122 296 2167 Contemnis
317 2137 420 2181 ergo
442 2130 613 2181 tempus
640 2119 966 2175 misericordiae,
991 2121 1133 2165 veniet
1165 2129 1332 2178 tempus
1351 2120 1424 2178 ju-

44 2192 145 2237 dicii
168 2212 178 2238 :
198 2193 300 2254 quia
323 2202 371 2237 tu
393 2194 439 2237 in
470 2192 648 2237 ecclesia
678 2192 784 2236 mihi
807 2193 984 2236 cantasti
1007 2210 1014 2234 :
1043 2210 1062 2233 «
1088 2190 1423 2235 Misericordiam

48 2281 70 2306 »
104 2273 148 2308 et
177 2263 393 2324 judicium
425 2263 610 2308 cantabo
641 2264 751 2318 tibi,
777 2263 1002 2308 Domine'.
1027 2280 1046 2302 »
1078 2263 1139 2305 Ex
1175 2276 1248 2305 ore
1278 2270 1424 2305 nostro

46 2335 151 2390 exit,
176 2344 219 2380 et
240 2336 406 2396 ubique
427 2334 617 2379 ecclesiae
639 2344 902 2393 concrepant
924 2334 1094 2378 Christo
1112 2350 1120 2376 z
1142 2350 1162 2373 «
1180 2332 1423 2375 Misericor-

49 2423 70 2446 »
103 2404 218 2450 diam
241 2415 284 2450 et
303 2404 513 2466 judicium
547 2405 734 2450 cantabo
757 2404 860 2458 tibi,
888 2403 1081 2447 Domine.
1112 2420 1132 2443 »
1155 2404 1341 2460 Tempus
1362 2409 1424 2444 est

46 2477 375 2532 misericordiae,
397 2486 445 2522 ut
466 2477 734 2536 corrigamur
759 2495 767 2520 :
793 2474 987 2519 nondum
1017 2473 1136 2517 venit
1164 2481 1331 2531 tempus
1347 2473 1424 2529 ju-

48 2548 164 2595 dicii.
192 2553 327 2595 Locus
361 2558 446 2604 est,
477 2547 663 2608 spatium
689 2556 751 2592 est
781 2567 789 2591 z
816 2550 1103 2606 peccavimus,
1139 2543 1421 2602 corrigamur.

96 2640 105 2658 ¹
126 2634 205 2667 Psal.
227 2646 256 2677 c,
281 2646 306 2667 ι.
