1924 3309
443 259 496 299 50
881 265 914 294 s.
951 265 1180 295 Aucus-nm
1212 266 1393 293 Emscom

442 353 463 376 »
497 334 694 379 Christus
729 340 792 376 est
820 333 864 375 in
893 331 1067 375 dextera
1098 330 1176 375 Dei
1206 331 1399 374 sedens1.
1430 346 1449 369 »
1476 330 1621 371 Potest
1646 322 1826 383 quidem

440 405 569 451 etiam
587 405 646 448 sic
663 419 751 447 esse
774 402 881 448 ordo
902 403 1138 447 verborum
1156 436 1167 456 ‚
1186 410 1236 445 ut
1252 416 1341 445 non
1365 398 1454 443 ad«
1473 397 1680 457 Spiritum
1703 410 1828 440 sanc-

400 508 407 515 .
441 493 463 518 »
497 475 744 520 tificationis
770 493 790 516 »
825 474 1114 533 adjungamus
1131 471 1251 530 quod
1281 471 1337 515 ait
1356 505 1366 524 ‚
1392 489 1411 511 «
1438 484 1489 512 ex
1515 466 1827 511 resurrectione

442 563 464 588 »
498 555 772 590 mortuorum
794 563 803 589 z
825 543 938 587 »sed
955 543 1009 586 ad
1024 541 1070 585 id
1082 540 1203 601 quod
1220 541 1326 595 ait‚«
1345 539 1675 599 praedestinatus
1697 545 1787 581 est:
1805 554 1825 577 »

440 625 490 660 ut
511 616 620 661 ordo
637 615 713 670 sit,
738 614 845 675 «qui
867 612 1200 673 praedestinatus
1221 619 1286 655 est
1307 625 1358 653 ex
1375 607 1689 653 resurrectione
1709 621 1830 650 mor-

443 705 463 729 »
498 697 677 732 tuorum
699 704 708 730 2
737 703 757 726 »
779 684 850 729 cui
872 682 1014 728 ordini
1033 681 1288 741 interposita
1310 680 1396 724 sint
1412 680 1530 734 haec,
1560 697 1580 720 «
1601 677 1736 721 Filius
1752 675 1831 721 Dei

442 775 463 798 »
498 757 543 800 in
559 757 720 801 virtute
743 753 982 799 secundum
1012 752 1219 811 Spiritum
1241 749 1608 795 sanctificationis.
1633 765 1654 789 »
1681 749 1738 791 Et
1759 746 1830 791 ni-

440 828 599 871 mirum
618 827 696 870 iste
713 825 821 870 ordo
841 825 999 868 certior
1020 831 1063 867 et
1084 822 1237 866 melior
1259 820 1448 874 videtur,
1468 829 1518 863 ut
1535 820 1589 863 sit
1610 817 1725 862 filius
1743 820 1831 862 Da-

439 896 513 941 vid
530 897 575 940 in
591 896 844 940 infirmitate
861 893 1103 939 secundum
1132 907 1306 936 carnem
1324 927 1334 947 ‚
1359 890 1495 934 Filius
1519 898 1665 933 autem
1689 887 1767 932 Dei
1785 887 1832 931 in

442 968 602 1012 virtute
635 967 876 1011 secundum
915 965 1123 1024 Sp'ritum
1149 962 1518 1008 sanctificationis.
1544 979 1563 1021 ς(
1588 963 1747 1004 Factus
1769 967 1834 1002 est

445 1055 465 1078 >›
501 1052 601 1094 ergo
625 1052 674 1080 ex
697 1037 858 1080 semine
876 1034 1014 1079 David
1033 1070 1043 1089 ,
1066 1052 1085 1075 »
1108 1033 1154 1077 id
1172 1042 1237 1077 est
1257 1068 1268 1088 ‚
1294 1033 1409 1076 fitius
1433 1030 1569 1075 David
1591 1046 1642 1074 ex
1658 1028 1833 1073 mortali

442 1123 622 1166 corpore
634 1142 644 1161 ⁷
663 1116 841 1166 propter
856 1105 977 1165 quod
1000 1114 1043 1148 et
1064 1114 1263 1148 mortuus
1279 1112 1357 1147 est.
1374 1122 1394 1144 «
1417 1101 1753 1146 Prfcdestinatus
1769 1106 1833 1143 est

446 1195 465 1218 »
502 1187 647 1221 autem
670 1176 806 1220 Filius
829 1175 933 1230 Dei,
964 1193 983 1215 »
1005 1184 1047 1218 et
1069 1175 1279 1219 Dominus
1300 1173 1435 1232 ipsius·
1453 1170 1614 1226 David,
1639 1189 1659 1212 «
1685 1186 1735 1213 ex
1762 1184 1834 1213 re-

445 1265 465 1288 »
502 1247 768 1291 surrectione
799 1254 1090 1289 mortuorum.
1115 1263 1135 1286 »
1159 1247 1211 1287 In
1245 1252 1462 1303 quantum
1498 1241 1613 1285 enim
1636 1249 1834 1284 mortuus

443 1325 523 1369 est,
550 1316 604 1359 ad
623 1316 668 1359 id
691 1315 881 1374 pertinet
903 1313 1024 1374 quod
1045 1324 1105 1357 est
1126 1313 1240 1357 filius
1263 1311 1401 1356 David
1422 1330 1430 1356 :
1456 1311 1502 1355 in
1525 1319 1740 1370 quantum
1762 1325 1836 1353 au-

441 1393 529 1427 tem
564 1384 796 1427 resurrexit
829 1399 852 1427 a
885 1383 1092 1436 mortuis,
1128 1381 1183 1425 ad
1204 1382 1249 1425 id
1271 1381 1393 1441 quod
1416 1390 1480 1425 est
1502 1380 1637 1423 Filius
1665 1380 1766 1433 Dei,
1792 1387 1837 1423 et

439 1454 649 1498 Dominus
678 1453 813 1512 ipsius
836 1452 974 1495 David
994 1486 1005 1505 ‚
1038 1451 1150 1494 sicut
1173 1450 1276 1494 alibi
1295 1450 1413 1494 idem
1431 1448 1666 1508 Apostolus
1688 1448 1796 1492 dicit
1822 1466 1832 1493 ε

447 1543 468 1566 «.
501 1527 610 1569 Nam
635 1532 678 1567 et
695 1523 727 1566 si
750 1531 948 1566 mortuus
966 1529 1029 1564 est
1047 1535 1098 1564 ex
1114 1520 1381 1575 infirmitate,
1395 1519 1468 1564 sed
1488 1519 1596 1564 vivit
1612 1520 1657 1562 in
1675 1520 1835 1564 virtute

447 1613 468 1635 »
506 1594 616 1637 Dei2
644 1612 652 1637 :
685 1612 704 1634 »
731 1600 781 1636 ut
814 1591 1039 1634 infirmitas
1081 1590 1298 1650 pertineat
1326 1590 1381 1635 ad
1412 1589 1547 1634 David
1569 1625 1579 1645 ,
1616 1590 1704 1635 vita
1734 1604 1836 1635 vero

446 1658 607 1708 aeterua
636 1662 691 1706 ad
723 1662 928 1706 virtutem
960 1660 1050 1704 Dei.
1083 1660 1277 1720 Ideoque
1298 1660 1343 1704 in
1365 1661 1430 1704 his
1454 1660 1555 1719 ipsis
1576 1660 1718 1704 verbis
1745 1663 1835 1705 Do-

447 1735 615 1777 minum
638 1747 765 1775 suum
784 1731 982 1789 designat
999 1745 1099 1773 eum
1118 1730 1257 1774 David
1272 1765 1283 1785 ,
1307 1730 1454 1774 dicens
1476 1749 1484 1774 ε
1514 1750 1532 1772 «
1558 1730 1669 1774 Dixit
1688 1730 1836 1775 Domi-

451 1822 470 1845 »
507 1818 588 1846 nus
611 1801 797 1846 Domino
819 1815 942 1854 me0‚
970 1799 1069 1843 sede
1092 1799 1146 1843 ad
1169 1799 1393 1844 dexteram
1415 1816 1574 1856 meam,
1595 1800 1735 1846 donec
1757 1817 1837 1861 po-

451 1892 471 1915 »
508 1887 607 1916 nam
624 1872 818 1915 inimicos
840 1879 937 1914 tuos
955 1870 1036 1913 sub
1053 1870 1238 1929 pedibus
1259 1871 1344 1915 tuis
1357 1873 1388 1915 ³.
1400 1890 1419 1912 »
1432 1874 1497 1915 Ex
1511 1887 1562 1915 eo
1583 1872 1698 1916 enim
1716 1870 1838 1932 quod

449 1943 677 1988 resurrexit
699 1958 722 1986 a
744 1941 925 1985 mortuis
942 1974 952 1993 ‚
980 1940 1100 1984 sedet
1133 1942 1189 1985 ad
1217 1941 1437 1986 dexteram
1462 1943 1614 1986 Patris.
1642 1944 1841 1988 Praedes-

449 2015 636 2059 tinatum
669 2029 771 2072 ergo
790 2029 840 2056 cx
862 2012 1174 2056 resurrectione
1201 2022 1501 2067 mortuorum,
1527 2022 1577 2056 ut
1593 2013 1763 2058 sederet
1780 2013 1838 2058 ad

450 2084 670 2128 dexteram
711 2083 868 2136 Patris,
903 2080 1053 2126 videns
1085 2083 1130 2124 in
1155 2083 1317 2140 Spiritu
1350 2081 1483 2127 David
1501 2117 1512 2137 ‚
1539 2098 1629 2128 non
1656 2080 1837 2128 auderet

452 2155 595 2198 dicere
618 2152 757 2196 filium
770 2166 920 2206 suum,
950 2151 1025 2194 sed
1049 2151 1282 2196 Dominum
1299 2167 1442 2196 suum.
1470 2151 1595 2196 Unde
1613 2161 1657 2196 et
1679 2168 1836 2197 conse-

452 2233 637 2283 quenter
668 2220 899 2282 Apostolus
934 2221 1004 2265 hie
1031 2221 1225 2281 adjunxit
1256 2241 1268 2268 ε
1297 2241 1318 2265 «
1342 2225 1445 2267 Jesu
1473 2223 1633 2267 Christi
1666 2223 1839 2268 Domini

457 2311 477 2334 n
515 2294 677 2347 nostri,
715 2311 734 2333 η
759 2301 907 2351 postea
929 2306 1061 2351 quam
1088 2291 1221 2348 dixit,
1251 2311 1272 2335 «
1297 2309 1348 2337 ex
1378 2279 1692 2339 resurrectione
1718 2309 1839 2338 mor-

457 2382 476 2404 »
513 2373 688 2407 tuorum
713 2382 721 2406 :
756 2381 776 2404 )›
803 2372 1008 2422 tanquam
1030 2362 1269 2407 admonens
1292 2363 1413 2408 unde
1434 2363 1558 2409 illum
1587 2364 1725 2409 David
1749 2368 1838 2410 Do-

454 2433 620 2477 minum
653 2448 779 2477 suum
817 2433 961 2492 potius
989 2448 1122 2492 quam
1152 2432 1293 2477 filium
1316 2449 1405 2479 esse
1442 2443 1622 2480 testatus
1645 2434 1714 2479 sit.
1741 2436 1840 2481 Non

454 2513 599 2547 autem
615 2504 672 2547 ait
689 2518 789 2547 eum
817 2522 837 2545 «
859 2504 1217 2562 praedestinatum
1236 2522 1256 2547 »
1282 2520 1305 2549 a
1333 2506 1539 2563 mortuis,
1559 2505 1633 2552 sed
1655 2524 1675 2549 «
1696 2521 1749 2551 ex
1765 2500 1840 2550 're-

502 2596 507 2611 ¹
531 2590 650 2621 (juloss.
672 2600 722 2630 ιιι,
746 2601 771 2621 ι.
798 2606 839 2611 -
860 2596 872 2611 2
893 2599 911 2622 2
930 2592 1001 2623 Cor.
1023 2600 1091 2631 xm,
1109 2589 1141 2631 4.
1168 2606 1208 2614 -
1229 2588 1243 2615 3
1261 2590 1342 2625 Psal.
1360 2602 1424 2635 cni,
1443 2604 1472 2627 1.
