1867 3320
415 309 553 337 snaMo
585 307 722 342 xxxu,
758 309 803 335 m
834 304 1036 334 »summu
1069 307 1210 334 cxmn.
1420 295 1502 334 443

133 392 231 424 suas
247 374 474 428 bestiariis,
495 372 710 417 esuriente
727 371 899 417 Christo
915 371 960 414 in
974 371 1249 429 pauperibus.
1269 370 1383 423 Quid
1398 386 1505 430 opus

132 447 329 508 estplura
341 444 500 498 dicere,
518 441 695 486 fratres?
705 445 790 486 Vos
801 442 881 501 ipsi
899 441 1084 500 cogitate
1096 455 1193 498 quae
1207 456 1283 484 nos
1297 450 1500 496 tacemus,

132 526 296 580 quanta
313 516 425 559 mala
444 512 606 557 faciant
626 512 822 555 homines
842 511 896 554 de
918 508 1144 569 superfluis
1167 510 1307 563 rebus,
1333 510 1505 568 quando

133 589 216 633 illis
233 586 438 631 acciderit
451 591 688 643 proventus
701 580 887 624 illarum.
904 583 1059 624 Nonne
1075 578 1226 622 melius
1241 587 1317 631 est,
1335 580 1506 638 quando

134 658 231 703 talis
251 665 316 700 est
336 656 468 699 homo
482 688 492 708 ,
518 661 569 696 ut
590 652 723 710 possit
745 651 804 694 sic
825 650 889 693 uti
911 649 1032 707 copia
1053 663 1193 691 rerum
1212 650 1505 705 praesentium,

133 737 184 773 ut
201 726 369 771 auferat
385 724 449 768 illi
470 737 564 766 eam
583 724 697 765 Deus
713 755 723 775 ,
747 735 835 763 non
857 718 919 763 illi
938 735 1031 763 eam
1054 718 1151 762 det?
1167 720 1319 762 Nonne
1335 726 1438 761 tunc
1451 727 1510 762 est

136 794 457 842 misericordia?

192 868 315 911 XXI.
341 867 397 909 Et
419 863 534 907 dicet
560 880 569 905 ε
595 863 710 904 Bene
733 859 839 913 feci,
865 867 908 902 et
929 857 1036 902 nihil
1061 857 1250 900 alienum
1273 856 1444 911 abstuli,
1471 866 1512 901 et

136 952 227 981 non
247 950 317 979 me
339 931 549 977 exaudisti
571 949 580 974 ε
603 945 653 972 ex
676 945 726 973 eo
751 928 871 988 quod
888 928 1026 971 habeo
1049 926 1104 970 do
1127 928 1284 984 egenti,
1307 941 1394 969 non
1410 926 1512 970 tollo

135 1006 264 1051 alicui
290 1023 299 1049 ι
327 1020 351 1048 a
372 1012 414 1047 te
436 1010 560 1062 peto,
590 1008 640 1043 tu
663 999 733 1042 da.
769 997 900 1050 Quasi
925 1012 1027 1040 vero
1049 996 1120 1039 det
1146 995 1222 1038 tibi
1243 995 1409 1048 villam,
1435 995 1514 1038 nisi

135 1077 244 1123 alius
265 1073 419 1135 perdat
438 1072 603 1117 villam.
633 1071 675 1114 Si
688 1069 856 1113 dicatur
878 1068 958 1112 tibi
978 1085 987 1111 :
1012 1067 1183 1109 Vendas
1202 1065 1345 1109 villam
1366 1074 1483 1108 tuam
1505 1084 1511 1108 :

136 1157 345 1206 tanquam
374 1142 658 1187 maledictum
687 1138 972 1190 exhorrescis,
1017 1135 1215 1195 injuriam
1252 1135 1330 1178 tibi
1362 1134 1516 1178 factam

135 1226 263 1277 putas
288 1237 299 1273 3
324 1214 479 1259 odium
503 1226 644 1257 servas
672 1211 716 1254 in
737 1218 927 1269 pectore,
955 1207 1055 1266 quia
1078 1207 1159 1249 hoc
1186 1205 1340 1248 audisti
1364 1205 1417 1248 ab
1438 1206 1515 1248 ho-

135 1287 271 1341 mine,
304 1294 354 1329 ut
389 1282 599 1328 venderes
616 1279 763 1325 villam
789 1297 797 1322 z
823 1277 944 1337 quasi
965 1291 1105 1319 emere
1134 1275 1279 1333 possis,
1311 1275 1387 1317 nisi
1410 1274 1516 1317 alius

68 1401 71 1404 Δ
137 1356 313 1403 vendat.
337 1359 491 1414 Itaque
504 1351 625 1412 quod
647 1350 774 1394 valde
791 1348 911 1407 cupis
932 1362 1088 1399 emere,
1109 1355 1151 1389 et
1168 1354 1287 1404 optas
1305 1360 1458 1397 emere,
1485 1345 1517 1387 si

136 1426 303 1472 malum
316 1435 380 1469 est
393 1423 598 1476 vendere,
616 1420 687 1465 alii
701 1419 865 1462 malum
883 1417 1053 1477 quaeris.
1074 1419 1239 1459 Bonum
1259 1415 1518 1458 estinvenirc

139 1497 371 1543 saccellum
402 1494 640 1539 solidorum
664 1492 709 1534 in
731 1490 799 1534 via
828 1508 836 1533 z
862 1488 982 1549 quod
1004 1502 1102 1531 cum
1125 1486 1334 1529 inveneris
1350 1520 1359 1538 ,
1385 1484 1487 1528 dicis
1505 1520 1515 1538 ,

139 1572 255 1614 Deus
277 1567 384 1611 mihi
401 1565 522 1610 dedit
548 1580 558 1607 :
585 1562 705 1623 quasi
729 1561 860 1620 possis
884 1559 1091 1607 invenire,
1126 1557 1203 1600 nisi
1223 1555 1328 1598 alius
1351 1554 1513 1614 perdat.

140 1641 285 1692 Quare
307 1652 411 1694 ergo
428 1651 516 1679 non
529 1641 651 1692 optas
668 1631 841 1675 illorum
864 1630 1161 1672 thesaurorum
1183 1626 1308 1677 bona,
1335 1640 1430 1683 quse
1454 1633 1518 1666 te-

140 1723 239 1753 cum
259 1721 408 1751 omnes
430 1706 521 1749 sine
535 1703 732 1761 angustia
755 1700 926 1743 valcant
948 1697 1188 1755 possidere?
1213 1693 1430 1737 Desideras
1444 1709 1519 1736 au-

141 1793 256 1832 rum,
297 1774 489 1819 desidera
522 1772 751 1833 justitiam.
792 1769 962 1813 Habere
991 1781 1140 1809 aurum
1165 1780 1248 1807 non
1268 1773 1403 1822 potes,
1442 1764 1519 1805 nisi

142 1847 251 1892 alius
280 1846 450 1889 amittat
479 1842 721 1902 :justitiam
759 1839 888 1883 ambo
921 1834 1283 1894 complectimini,
1324 1842 1365 1876 ct
1397 1832 1521 1875 ambo

145 1915 406 1961 dilatamini.

202 1988 347 2031 XXII.
363 1982 608 2028 Redeamus
622 1994 723 2037 ergo
736 1977 790 2022 ad
804 1976 1039 2028 Psalmnm,
1052 1984 1100 2018 ut
1114 1971 1319 2029 intelligat
1332 1973 1361 2012 C
1371 1971 1522 2012 haritas

143 2058 295 2101 Vestra
317 2069 388 2098 eos
407 2066 495 2096 esse
513 2050 788 2108 alienigenas,
809 2046 884 2106 qui
918 2054 1053 2089 totam
1077 2042 1322 2086 felicitatem
1343 2054 1428 2082 non
1447 2054 1523 2096 pu-

143 2120 239 2170 tant
256 2124 335 2167 nisi
349 2129 621 2182 praesentem.
644 2117 727 2163 Sed
743 2117 923 2173 dignum
941 2123 981 2157 te
989 2113 1153 2173 judicas
1175 2111 1242 2154 cui
1258 2119 1299 2152 et
1315 2110 1389 2151 ista
1415 2111 1523 2150 Deus

146 2196 220 2240 det
242 2214 250 2240 z
276 2208 422 2254 quaere
444 2188 668 2251 quomodo
691 2188 840 2232 utaris.
865 2186 1009 2230 Sinon
1032 2182 1164 2234 dedit,
1191 2180 1292 2224 scias
1308 2179 1407 2237 quia
1426 2192 1523 2235 pro-

147 2267 241 2310 dest
270 2265 351 2309 tibi
385 2263 488 2322 quia
519 2277 608 2305 non
638 2259 714 2303 dat
737 2267 859 2318 pater
889 2257 1038 2299 bonus.
1075 2253 1180 2304 Quia
1220 2261 1261 2292 ct
1293 2249 1402 2291 lilius
1426 2257 1523 2290 tuus

147 2337 324 2397 quando
349 2334 516 2393 plorat,
543 2341 591 2374 ut
611 2330 686 2374 des
707 2329 769 2372 illi
793 2328 1026 2371 formosum
1051 2320 1273 2365 cultellum
1300 2318 1524 2361 manubrio

149 2408 358 2453 deaurato
376 2426 386 2461 3
401 2413 614 2463 quantum
631 2401 724 2444 vult
742 2400 896 2459 ploret,
914 2411 999 2439 non
1017 2394 1075 2436 illi
1096 2393 1170 2435 das
1189 2391 1302 2434 undo
1327 2389 1520 2431 laedatur.

154 2497 175 2521 «
211 2477 408 2529 Domine,
435 2474 568 2517 libera
597 2487 664 2514 mc
685 2470 738 2514 de
761 2484 889 2512 manu
910 2466 1091 2508 liliorum
1119 2461 1371 2509 alienia-um,
1413 2472 1524 2514 quo-

155 2566 175 2589 »
212 2562 306 2591 rum
317 2561 361 2590 os
376 2545 570 2589 locutum
588 2550 651 2585 cst
669 2540 919 2589 vanitatem,
944 2544 985 2577 et
1003 2534 1174 2576 dextera
1194 2544 1339 2572 vorum
1354 2526 1525 2570 dom-ra
