1867 3320
317 334 522 362 EPISTOLAE
556 332 610 360 An
642 330 828 361 GALATAS
861 332 1093 360 Exposnw.
1320 326 1399 365 145

31 398 258 444 Seminatio
275 398 318 441 in
336 399 488 457 spiritu
511 407 574 441 est
589 432 599 451 ,
625 412 674 440 ex
694 397 780 441 fide
802 411 899 440 cum
916 397 1125 440 charitate
1142 399 1299 442 servire
1312 401 1402 457 jus-

30 469 130 513 tiiiae
144 503 154 523 ,
175 477 216 512 et
238 483 325 511 non
348 466 557 511 obaudire
570 466 789 511 desideriis
808 467 988 522 peccati,
1005 468 1202 526 quamvis
1220 467 1274 511 de
1289 483 1405 513 mor-

29 538 102 583 tali
135 553 261 581 carne
294 537 591 581 existentibus.
620 537 766 580 Messis
795 545 940 579 autem
971 535 1070 579 vitae
1098 545 1271 580 aeternae
1304 553 1405 582 cum

29 607 195 652 inimica
213 607 443 651 novissima
460 606 706 650 destruetur
718 620 833 649 mors
845 615 888 648 et
900 605 1206 650 absorbebitur
1223 607 1404 651 mortale

31 694 52 721 a
70 678 171 732 vitii,
192 685 235 720 et
252 675 532 733 corruptibile
548 677 630 719 hoc
648 674 802 718 induet
819 675 1189 734 incorruptionem
1206 679 1236 719 ¹.
1255 679 1307 719 In
1325 678 1406 721 hoc

30 761 128 804 ergo
154 745 278 789 tertio
301 745 437 803 gradu
458 780 468 798 ,
494 760 583 803 quo
607 745 686 787 sub
710 744 845 802 gratia
878 759 1026 788 sumus
1044 779 1054 798 ,
1079 746 1340 790 seminamus
1362 747 1407 790 in

29 813 243 872 lacrymis,
265 829 366 858 cum
384 814 571 857 existunt
588 812 794 856 desideria
814 813 870 856 de
891 812 1066 856 animali
1088 828 1290 873 corpore,
1308 816 1406 875 qui-

0 889 2 921 l
31 885 109 929 bus
133 900 221 929 non
243 884 553 928 consentiendo
578 884 818 936 renitimur,
845 892 893 926 ut
914 883 959 925 in
983 884 1140 941 gaudio
1164 895 1399 939 metamus,

0 967 4 995 ι.
30 970 129 999 cum
152 955 278 998 etiam
303 952 536 997 reformato
559 968 759 1011 corpore,
801 969 850 996 ex
881 952 1001 998 nulla
1033 964 1155 1012 parte
1194 956 1406 1011 hominis,

1 1014 6 1070 l
31 1024 117 1068 ulla
141 1039 218 1067 nos
253 1023 499 1067 sollicitabit
521 1022 715 1066 molestia
738 1022 932 1066 ullumve
965 1025 1212 1070 tentationis
1240 1027 1411 1085 pericu-

3 1086 8 1151 ξ
31 1092 135 1137 lum.
162 1096 271 1137 Nam
293 1093 422 1136 etiam
443 1092 583 1150 ipsum
618 1091 802 1135 animale
834 1108 990 1151 corpus
1013 1093 1248 1153 deputatur
1278 1098 1322 1140 in
1344 1112 1410 1141 se-

7 1204 9 1215 ,
32 1164 159 1207 mine.
178 1154 431 1207 ‘Seminatur
452 1162 567 1205 enim
589 1178 746 1221 corpus
771 1162 957 1206 animale
973 1198 984 1218 ,
1011 1165 1068 1208 ait
1089 1165 1172 1209 alio
1189 1166 1315 1211 Ιοοο2
1337 1187 1344 1211 :
1364 1177 1412 1212 ut

7 1221 13 1297 ᾗ
33 1234 86 1277 ad
108 1247 286 1276 messem
309 1233 524 1291 pertineat
545 1232 666 1291 quod
689 1233 884 1291 adjunxit
904 1267 914 1286 ,
940 1243 1088 1291 surget
1109 1251 1265 1294 corpus
1288 1237 1412 1295 spiri-

10 1327 14 1361 i
35 1302 130 1347 tale.
158 1304 268 1346 Huic
313 1317 414 1361 ergo
453 1302 677 1346 sententiae
713 1303 928 1362 Propheta
964 1305 1177 1360 concinit,
1218 1306 1365 1351 dicens
1399 1326 1407 1351 :

11 1370 15 1422 ζ
36 1393 56 1415 «
89 1374 174 1426 Qui
190 1373 372 1418 seminat
389 1373 435 1416 in
455 1372 677 1430 laerymiS,
704 1374 748 1416 in
771 1372 931 1431 gaudio
948 1375 1122 1419 metetss.
1151 1393 1172 1416 »
1197 1379 1313 1421 Bene
1335 1393 1412 1421 au·

13 1434 119 1500 item
151 1444 388 1498 seminare,
424 1443 469 1487 id
502 1453 590 1498 est,
616 1444 729 1487 bene
751 1445 947 1502 operari,
973 1443 1141 1489 facilius
1162 1456 1249 1501 est,
1281 1463 1411 1507 quam

17 1514 76 1558 in
98 1528 148 1558 eo
170 1528 454 1572 perseverare.
483 1515 514 1555 F
521 1522 668 1556 luctus
686 1513 800 1556 enim
825 1512 933 1557 solet
955 1513 1149 1558 laborem
1166 1516 1410 1561 consolaii:

15 1534 176 1630 lmessis
199 1592 342 1627 autem
366 1592 511 1628 nostra
532 1583 577 1625 in
600 1584 685 1626 fin<
707 1584 1002 1641 promittitur·
1028 1594 1070 1628 et
1091 1585 1188 1630 ideo
1211 1602 1412 1644 perseve-

18 1640 169 1735 llrantia
191 1668 299 1711 opus
321 1661 397 1696 est.
422 1652 507 1704 Qui
529 1652 643 1695 enim
669 1656 1004 1711 perseveraverit
1026 1655 1226 1714 usquein
1250 1657 1410 1711 finem,

20 1706 102 1768 lhic
126 1722 266 1765 salvus
283 1724 406 1765 erit⁴.
424 1725 480 1765 Et
496 1722 664 1780 Pioph(
670 1730 710 1765 ta
727 1721 912 1766 clamat:
934 1741 952 1763 ι(
977 1724 1145 1767 Sustine
1162 1725 1412 1781 Dominum,

22 1771 58 1835 l»
92 1791 271 1835 viriliter
296 1807 401 1848 age,
437 1801 481 1834 et
502 1790 773 1835 confortetur
794 1806 868 1835 cor
892 1800 1043 1846 tuum,
1076 1802 1117 1835 et
1139 1794 1302 1838 sustine
1325 1797 1414 1838 Do-

40 1879 59 1902 »
88 1862 257 1905 minum
276 1864 304 1904 ⁵.
336 1880 354 1901 »
381 1861 509 1913 Quod
533 1876 650 1904 nune
668 1861 898 1916 Apostolus
921 1863 979 1906 ait
1002 1882 1009 1905 :
1035 1881 1053 1902 «
1076 1864 1245 1907 Bonum
1269 1874 1414 1908 autem

6 1908 59 1991 ‚lpi
96 1931 297 1975 iacientes
316 1966 326 1985 ,
352 1932 514 1989 inquit,
536 1946 624 1973 non
646 1930 914 1973 infirmemur
941 1950 949 1973 ε
974 1933 1149 1990 proprio
1167 1934 1280 1976 enim
1306 1944 1416 1978 tem-

0 2021 10 2036 υ
28 1994 62 2059 ᾗ»
96 2017 198 2061 pore
222 2011 431 2045 metemus
455 2000 755 2057 infatigabiles.
785 2003 936 2059 ltaque
959 2000 1062 2044 dum
1088 2010 1259 2060 tempus
1282 2004 1416 2047 liabe-

0 2111 2 2118 ,
30 2062 63 2132 l»
98 2087 216 2126 mus,
243 2086 472 2130 operemur
496 2071 656 2114 bonum
682 2069 736 2113 ad
759 2085 908 2113 omnes
929 2106 938 2124 ,
972 2072 1153 2114 maxime
1185 2081 1329 2116 autem
1363 2074 1418 2117 ad

0 2162 5 2187 i
33 2133 66 2182 ι»
99 2142 353 2186 domesticos
371 2140 668 2192 lidei⁰.»(„)uos
680 2154 779 2182 eum
799 2140 1066 2184 credendum
1081 2151 1160 2195 est,
1180 2143 1256 2185 nisi
1271 2143 1419 2186 Chris-

47 2211 180 2256 tianos
221 2212 487 2270 significare.
474 2214 491 2240 ²
520 2209 736 2253 Omnibus
778 2210 893 2253 enim
934 2211 1024 2268 pari
1067 2210 1296 2255 dilectione
1337 2214 1419 2257 vita

1 2317 7 2327 ,,
37 2289 203 2332 ιωιοιηει
224 2281 413 2341 optanda
436 2289 533 2325 est:
559 2279 634 2323 scd
657 2295 745 2324 non
768 2280 970 2323 omnibus
993 2281 1143 2323 cadem
1158 2293 1337 2339 possunt
1355 2299 1424 2327 ex-

0 2333 185 2399 lhiberi
209 2352 450 2397 dilectionis
469 2351 625 2395 ollicia.

0 2429 11 2470 i-
40 2422 47 2511 ἰ
111 2425 244 2467 LXII:
265 2422 427 2467 Deinde
448 2436 549 2465 cum
579 2420 819 2474 docuisset,
855 2436 982 2480 opera
1016 2421 1104 2479 ipsa
1145 2424 1292 2480 Legis,
1329 2441 1427 2483 (pize

10 2523 11 2532 η
42 2502 152 2547 ,sunt
172 2492 360 2538 salubria
378 2501 421 2536 ct
443 2492 496 2536 ad
515 2491 652 2536 bonos
685 2506 825 2535 mores
852 2491 1067 2549 pertinent
1087 2526 1098 2545 ,
1123 2491 1354 2538 dilectione
1378 2496 1427 2537 li*

45 2555 49 2574 l

45 2580 49 2605 ¹
103 2596 110 2613 ¹
133 2602 142 2622 ι
170 2592 240 2622 Cor.
264 2601 317 2631 xv,
338 2590 390 2622 26.
414 2606 454 2612 —
478 2595 490 2610 ²
506 2589 584 2621 lbid.
607 2588 660 2630 44.
682 2605 722 2610 -
743 2586 755 2611 3
775 2588 852 2622 l'sal.
873 2598 964 2628 cxxv,
984 2587 1014 2619 5.
1031 2587 1099 2616 —4
1123 2590 1243 2622 Manli.
1262 2602 1293 2632 x,
1312 2602 1365 2624 Ἡ.
1387 2609 1426 2615 -

47 2613 73 2687 l⁵
89 2646 167 2680 Psal.
185 2657 271 2686 xxvi,
291 2646 341 2688 ¹4·
359 2662 399 2670 —·
417 2643 432 2668 ὗ
449 2645 551 2678 Galat.
573 2656 606 2685 v,
624 2656 658 2686 9,
682 2655 730 2677 io.

211 2711 362 2741 cxxw.
1194 2700 1243 2737 10

50 2745 56 2846 l

54 2852 59 2954 l

57 2977 61 3023 1

58 3026 66 3165 ’ἰ

38 3170 72 3320 ,ἱ
