1924 3309
388 243 469 282 438
819 254 852 280 s.
889 252 1118 299 Apsus-rim
1153 256 1332 283 muscom

385 320 599 363 frumenta
617 354 627 373 ‚
653 328 695 362 et
718 318 881 364 fiebant
907 321 1033 364 servi.
1063 320 1280 376 Timemus
1307 337 1384 366 nos
1406 323 1498 366 fieri
1521 324 1663 368 servi?
1691 326 1768 370 Vae

384 391 529 436 nobis.
551 390 587 435 si
611 405 702 434 non
723 391 880 435 erimus
902 390 1018 435 illius
1041 391 1192 435 servi&
1220 392 1335 445 Quid
1356 394 1482 438 nobis
1503 393 1680 454 prodest
1700 411 1769 441 re-

377 461 527 508 cusare
549 460 678 506 talem
694 462 957 506 Dominum?
974 464 1030 506 Et
1050 462 1130 506 sub
1146 461 1323 508 diabolo
1340 463 1517 521 erimus,
1539 476 1582 511 et
1605 465 1768 512 famem

378 533 592 593 patiemur
607 567 618 585 ‚
645 540 687 575 et
709 541 966 591 potestatem
993 531 1082 575 veri
1105 532 1279 576 Domini
1296 548 1387 577 non
1406 533 1682 594 effugiemus.
1708 539 1769 581 Te

377 605 517 663 ipsum
542 602 619 647 da.
644 610 687 645 et
704 617 799 646 eme.
820 601 901 645 tibi
923 599 1150 646 sindonem
1167 636 1179 655 ‚
1199 601 1245 647 id
1266 612 1352 655 est,
1376 603 1566 663 spiritale
1582 606 1768 652 amicto-

376 676 504 720 rium.
534 675 600 719 Sic
623 674 751 717 etiam
770 671 996 733 cujusdam
1018 673 1142 733 panis
1163 675 1352 733 pretium
1369 684 1424 719 tu
1451 676 1542 736 ipse
1564 691 1624 721 es.
1649 678 1769 731 Quid

375 747 488 790 enim
506 745 641 798 PQuia
658 745 734 788 das
748 753 791 788 te
804 743 1036 803 voluptati,
1050 759 1197 788 nonne
1210 760 1291 805 pro
1313 747 1663 806 concupiscentia
1678 763 1770 793 car-

372 817 461 867 nis,
485 825 691 876 tanquam
709 823 758 858 ut
780 829 895 858 emas
915 815 1184 859 meretricem
1199 850 1210 869 ,
1230 824 1272 859 te
1291 816 1435 875 ipsum
1455 816 1531 861 das
1548 820 1768 876 pretium?

371 891 594 941 Quantum
619 895 681 930 est
705 896 753 930 ut
777 889 868 930 Deo
886 895 928 929 te
951 886 1048 940 des,
1073 901 1229 946 panem
1254 887 1406 930 vivum
1425 888 1503 931 tibi
1521 903 1638 932 emas
1653 923 1665 943 ‚
1689 890 1767 949 qui

370 958 425 1002 de
447 958 559 1003 coelo
581 956 827 1009 descendit,
869 956 1025 1001 eodem
1058 957 1150 1016 ipso
1178 957 1319 1016 pretio
1341 957 1464 1017 quod
1496 967 1545 1002 tu
1575 958 1668 1018 ipse
1694 961 1768 1003 es?

372 1030 563 1074 Pretium
577 1029 694 1073 enim
705 1028 942 1072 meretricis
955 1037 1124 1072 tantum
1141 1037 1220 1081 est,
1232 1038 1449 1088 quantum
1461 1028 1586 1089 panis
1595 1030 1763 1076 unius&

374 1120 393 1141 ι)
434 1102 647 1146 Sindones
666 1098 770 1144 fecit
789 1134 800 1154 ‚
826 1108 869 1144 et
890 1098 1103 1143 vendidit.
1132 1117 1153 1139 n

425 1173 548 1214 XXI.
582 1190 602 1211 a
633 1170 853 1215 Cinctoria
892 1178 1037 1213 autem
1071 1170 1373 1214 Chananaei53.
1414 1189 1433 1210 n
1464 1171 1656 1230 Cingaut
1689 1186 1760 1227 se,

366 1253 602 1303 operentur
622 1278 632 1288 .
668 1243 872 1295 veniant,
911 1242 997 1285 sint
1027 1241 1138 1285 servi
1160 1241 1215 1285 de
1237 1241 1370 1286 domo
1391 1241 1476 1285 ista
1501 1260 1510 1285 z
1534 1250 1585 1286 ut
1613 1256 1764 1288 omues

363 1315 527 1360 vestiti.
553 1329 702 1359 omnes
724 1313 834 1373 pasti
848 1313 949 1356 sint.
976 1311 1201 1357 Cinctoria
1226 1312 1343 1355 enim
1375 1310 1500 1366 fecit,
1532 1312 1686 1373 utique
1707 1313 1764 1358 ad

364 1401 472 1446 opus
497 1406 505 1430 ;
533 1399 632 1428 nam
656 1393 699 1427 et
722 1383 814 1442 ipsa
838 1396 948 1441 opus
972 1381 1157 1435 faciens,
1184 1382 1368 1426 accinxit
1389 1381 1560 1427 fortiter
1586 1383 1763 1429 lumbos

366 1474 480 1503 suos.
516 1457 601 1510 Qui
634 1453 1040 1502 sunt,Chananaei?
1061 1454 1226 1497 Vicinae
1250 1463 1398 1512 gentes
1430 1455 1596 1514 populo
1631 1455 1762 1500 Israel

367 1529 636 1587 alienigenae.
661 1547 678 1567 o
704 1526 958 1586 Aliquando
978 1525 1059 1586 qui
1074 1525 1202 1570 eratis
1216 1524 1368 1584 longe,
1393 1526 1498 1571 faeti
1510 1526 1610 1571 estis
1625 1542 1763 1588 prope

365 1620 384 1638 u
407 1601 453 1643 in
467 1599 677 1657 sanguine
692 1597 853 1642 Christi
863 1598 894 1640 ⁴.
905 1614 924 1636 n
940 1596 1022 1650 Qui
1037 1596 1166 1640 eratis
1179 1595 1416 1656 aliqnando
1429 1597 1645 1656 peregrini
1659 1600 1762 1642 Tes-

366 1679 684 1720 tamentorum,
705 1677 748 1711 et
769 1666 1065 1727 promissionis
1086 1681 1208 1726 spem
1230 1682 1320 1710 non
1343 1667 1576 1723 habentes,
1606 1677 1651 1713 et
1670 1669 1761 1713 sine

364 1746 454 1787 Deo
476 1742 521 1785 in
542 1741 627 1784 hoc
656 1739 848 1791 mundo,
874 1754 992 1782 nunc
1018 1748 1163 1782 autem
1197 1738 1310 1782 cives
1333 1749 1583 1784 sanctorum
1605 1749 1650 1785 et
1677 1738 1760 1785 do·-

363 1812 529 1857 mestiei
548 1807 652 1856 Dei.
679 1810 866 1869 acceptis
884 1809 1102 1853 cinctoriis
1131 1809 1370 1868 operamini
1393 1811 1439 1853 in
1457 1810 1591 1855 domo
1613 1810 1758 1856 domi-

362 1885 480 1930 nica.
496 1884 586 1942 jam
610 1881 715 1926 facti
732 1880 958 1925 domestici
982 1880 1057 1923 Dei
1080 1895 1133 1922 ex
1155 1880 1436 1933 Chananaeis‚
1463 1880 1583 1924 unde
1603 1889 1694 1924 erat
1715 1889 1761 1926 et

361 1954 433 1998 illa
456 1952 613 1997 mulier
636 1951 767 1995 modo
796 1951 841 1994 in
861 1949 1100 2008 Evangelio
1133 1949 1326 1993 recitata.
1358 1951 1605 1995 Chauanaea
1633 1961 1726 1996 erat
1742 1987 1754 2008 ‚

366 2025 420 2070 ad
441 2038 634 2068 mensam
656 2021 848 2066 filiorum
873 2019 1078 2065 accedere
1095 2034 1186 2064 non
1209 2019 1425 2075 audebat,
1450 2021 1525 2065 sed
1547 2031 1758 2082 tanquam

365 2097 480 2141 canis
499 2095 632 2139 micas
654 2091 917 2153 requirebat.
937 2090 1048 2134 Vide
1068 2089 1441 2150 quemadmodum
1456 2105 1500 2134 se
1517 2092 1757 2151 praecinxe·
1790 2110 1796 2115 ·

365 2169 419 2212 rit
457 2166 512 2211 ad
536 2179 660 2225 opus
682 2161 1041 2208 Praecinetorium
1073 2162 1187 2220 ejus,
1222 2160 1330 2206 fides
1350 2180 1359 2206 ε
1379 2162 1464 2207 hoc
1491 2162 1643 2208 laudat
1663 2162 1753 2210 ille.

374 2260 394 2281 (ι
429 2240 465 2283 Ο
489 2235 646 2281 mulier
667 2249 823 2292 magna
846 2242 909 2277 est
930 2231 1038 2276 fides
1055 2241 1130 2276 tua
1147 2235 1178 2274 ⁵.
1202 2250 1222 2271 »
1792 2288 1796 2290 μ

424 2311 570 2354 xxu.
593 2309 759 2353 Caetera
774 2304 1013 2349 videamus.
1038 2322 1059 2346 «ι
1079 2301 1355 2348 Fortitudine
1369 2312 1412 2348 et
1427 2303 1584 2349 decore
1600 2304 1753 2350 induta

371 2402 390 2422 x>
427 2383 537 2426 estff.
561 2382 748 2431 Decore‚
775 2396 795 2417 υ
820 2385 1032 2437 tanquam
1055 2375 1184 2433 bysso
1204 2397 1214 2433 ς
1236 2373 1519 2431 fortitudine,
1545 2385 1752 2437 tanquam

365 2467 575 2512 purpura.
612 2448 723 2503 Quia
746 2448 862 2492 enim
896 2444 1044 2501 fortis,
1080 2446 1179 2490 ideo
1200 2446 1246 2489 in
1266 2446 1464 2506 passione
1496 2440 1770 2506 sanguinea(

431 2556 438 2570 ¹
457 2550 536 2580 Gen.
557 2557 632 2578 ur.
653 2562 693 2568 —
714 2551 726 2567 ²
747 2547 839 2576 psov.
864 2555 912 2583 vr,
934 2543 988 2575 26.
1014 2559 1054 2565 —-
1074 2538 1088 2564 3
1104 2543 1153 2574 Id.
1173 2553 1259 2576 xxxi.
1275 2542 1329 2584 24.
1350 2559 1390 2565 -
1409 2542 1424 2571 ὂ
1439 2542 1555 2584 Ephe&
1574 2554 1613 2579 n,
1635 2545 1686 2576 13.
1705 2559 1746 2567 —

369 2604 383 2627 ⁵
403 2604 506 2635 Matt'n
544 2614 598 2635 xvv
617 2602 670 2633 ῦς.
690 2618 727 2624 --
744 2599 757 2617 ς
776 2603 867 2632 va.
890 2610 977 2632 xxxi.
998 2598 1051 2631 25.
