1867 3320
364 306 502 336 sERMo
535 302 662 336 xxm,
697 300 752 327 DE
784 293 930 325 vaunis
961 292 1114 320 psum
1143 290 1254 316 xcrv.
1412 272 1494 311 395

118 382 217 426 Non
235 377 294 420 ait
311 409 323 430 ,
350 371 547 419 Christus
576 369 728 422 Jesus;
753 377 809 406 ne
839 369 890 405 tu
917 365 1094 417 putares
1121 352 1359 398 secundum
1387 350 1498 393 Ver-

119 449 229 495 bum
251 445 418 492 dictum
442 461 451 487 :
477 440 552 484 sed
581 434 775 488 addidit,
806 432 939 475 homo
964 446 974 472 ε
998 424 1212 471 Mediator
1240 420 1317 465 Dei
1350 428 1393 463 et
1419 419 1502 462 ho-

120 520 319 572 minum,
341 515 475 559 homo
504 508 702 555 Christus
736 507 874 548 Jesus.
909 496 1026 553 Quid
1056 503 1120 539 est
1151 491 1390 537 mediator?
1422 491 1503 532 Per

121 604 257 651 quem
290 585 679 644 conjungeremur,
713 589 791 634 per
816 585 949 632 quem
976 562 1350 612 reconciliaremur
1370 577 1380 605 ·.
1403 556 1506 617 quia

122 657 311 721 peccatis
340 651 524 715 propriis
550 645 734 707 separati
754 642 1027 703 jacebamus,
1059 636 1107 679 in
1134 639 1274 676 morte
1313 641 1505 680 eramus,

123 742 301 791 prorsus
338 723 620 785 perieramus.
665 719 765 762 Non
798 720 890 757 erat
930 707 1128 755 Christus
1151 703 1307 754 homo,
1334 695 1510 757 quando

125 808 295 846 creatus
338 803 403 840 est
440 793 575 837 homo
613 808 623 834 ;
659 802 715 832 ne
752 784 913 845 periret
943 781 1077 825 homo
1097 810 1112 832 ,
1157 772 1233 817 ille
1274 768 1414 814 factus
1452 774 1514 810 est

126 871 277 916 homo.

185 939 311 983 VIII.
333 937 439 980 Haec
460 931 583 977 vobis
604 935 756 973 contra
773 920 991 968 novellam
1011 914 1211 961 haeresim
1230 946 1241 967 ,
1256 924 1356 971 quae
1376 914 1517 952 tentat

128 1016 351 1068 assurgere
365 1041 376 1061 ,
403 1018 516 1063 saepe
538 1001 757 1059 disputare
778 993 978 1052 cogimur
1003 1008 1013 1033 ι
1038 987 1141 1047 quia
1161 999 1238 1028 vos
1269 983 1418 1025 firmos
1437 992 1518 1022 vo-

129 1081 276 1126 lumus
293 1091 382 1122 esse
404 1076 449 1118 in
472 1073 589 1117 bono
605 1105 616 1125 ,
636 1069 828 1126 integros
846 1071 991 1107 autem
1010 1075 1034 1103 a
1050 1055 1182 1101 malo.
1201 1055 1306 1097 Haec
1319 1050 1434 1094 enim
1458 1056 1522 1092 est

132 1148 370 1210 disputatio
398 1158 573 1197 eorum,
610 1137 788 1199 quando
822 1134 964 1194 primo
1003 1125 1159 1173 exoriri
1195 1127 1447 1182 coeperunt,
1480 1125 1522 1160 et

133 1230 282 1267 contra
304 1217 482 1276 gratiam
505 1213 727 1271 disputare
742 1242 753 1262 ,
773 1204 964 1250 multum
996 1198 1237 1243 tribuentes
1270 1206 1361 1236 non
1387 1188 1523 1233 liber-

134 1293 214 1338 tati
235 1288 447 1341 hominis,
473 1283 548 1329 sed
574 1277 844 1334 infirmitati,
866 1284 909 1319 et
919 1275 1134 1334 jacentem
1151 1266 1358 1311 miserum
1379 1261 1524 1305 homi-

136 1377 238 1407 nem
261 1358 359 1404 ideo
381 1353 659 1406 extollentes,
683 1364 738 1394 ne
761 1361 896 1392 manu
917 1342 999 1388 sibi
1022 1340 1207 1397 desuper
1229 1340 1427 1394 porrecta
1447 1344 1526 1374 va-

137 1433 226 1477 leat
247 1442 437 1488 surgere.
463 1425 742 1482 Disputantes
765 1431 869 1475 ergo
905 1421 1058 1459 contra
1079 1407 1259 1469 gratiam
1288 1418 1368 1463 pro
1389 1400 1528 1445 libero

141 1500 321 1547 arbitrio
336 1533 347 1550 ,
373 1495 573 1541 fecerunt
595 1489 773 1536 auribus
796 1486 877 1546 piis
909 1493 952 1528 et
974 1477 1196 1527 catholicis
1225 1472 1526 1520 offensionem.

141 1574 384 1630 Coeperunt
405 1564 592 1617 horreri,
617 1566 848 1619 coeperunt
868 1564 918 1600 ut
940 1561 1057 1598 certa
1079 1546 1290 1610 pernicies
1323 1541 1529 1598 devitari3

144 1642 279 1702 coepit
296 1640 350 1684 de
372 1637 456 1682 illis
473 1635 557 1680 dici
577 1668 587 1688 ‚
619 1630 740 1691 quod
773 1636 924 1673 contra
946 1622 1127 1681 gratiam
1157 1617 1431 1675 disputarent
1456 1631 1463 1655 :
1490 1619 1534 1654 et

144 1715 407 1759 invenerunt
429 1707 482 1751 ad
506 1699 784 1748 relevandam
806 1698 932 1740 istam
958 1689 1167 1736 invidiam
1193 1686 1278 1730 tale
1308 1696 1534 1728 commen-

146 1795 257 1829 tum.
280 1784 379 1827 Non
396 1814 407 1833 ‚
431 1776 590 1836 inquit,
614 1780 765 1817 contra
784 1767 963 1826 gratiam
983 1762 1058 1806 Dei
1075 1760 1266 1817 disputo.
1289 1753 1414 1799 Unde
1435 1766 1537 1810 pro-

152 1853 254 1896 basi'
274 1854 340 1892 Eo
365 1849 458 1904 ipso
475 1877 486 1897 ,
516 1842 684 1899 inquit,
709 1854 797 1879 non
834 1843 985 1880 contra
1021 1829 1200 1890 gratiam
1234 1825 1311 1869 Dei
1333 1822 1506 1881 disputo
1524 1855 1535 1875 ,

151 1920 273 1982 quod
308 1917 496 1961 liberum
531 1907 757 1954 arbitrium
791 1899 995 1946 defendo.
1030 1899 1183 1940 Videte
1224 1908 1430 1946 acumen,
1468 1890 1541 1934 sed

152 1994 355 2037 vitreum.
382 1983 514 2038 Quasi
536 1981 654 2025 lucet
675 1975 883 2026 vanitate,
909 1968 983 2014 sed
1007 1965 1220 2023 frangitur
1241 1964 1435 2007 veritate.
1462 1964 1542 2005 At-

154 2061 320 2108 tendite
341 2069 474 2118 quam
498 2053 550 2097 sit
573 2048 694 2110 quasi
718 2053 842 2090 acute
865 2039 1153 2097 excogitatum
1171 2033 1291 2094 quod
1308 2031 1450 2076 dicere
1464 2045 1543 2075 vo-

155 2134 349 2178 luerunt.
376 2129 469 2170 Hoc
501 2124 616 2182 ipso,
652 2117 821 2177 inquit,
852 2112 954 2173 quia
991 2109 1176 2152 liberum
1212 2102 1438 2149 arbitrium
1460 2101 1541 2144 ho-

157 2203 285 2248 minis
308 2196 520 2247 defendo,
552 2201 595 2236 ct
616 2190 714 2234 dico
737 2186 837 2247 quia
861 2183 1048 2227 liberum
1078 2176 1303 2222 arbitrium
1329 2172 1544 2217 sufficiens

160 2283 225 2318 est
238 2280 287 2316 ut
311 2271 451 2330 justus
482 2265 559 2308 sim
577 2298 587 2316 ,
625 2274 714 2304 non
750 2257 840 2300 sinc
860 2253 992 2312 gratia
1016 2249 1091 2294 Dei
1114 2247 1227 2291 dico.
1256 2248 1422 2288 Erectae
1444 2250 1547 2286 sunt

163 2359 285 2390 aures
307 2342 480 2400 piorum
506 2352 514 2377 :
536 2336 624 2393 jam
647 2330 723 2391 qui
746 2329 822 2372 ista
845 2324 989 2377 audit,
1026 2320 1176 2379 incipit
1199 2315 1420 2376 gratulari.
1456 2316 1546 2356 Deo

164 2415 333 2474 gratias.
359 2412 455 2454 Non
478 2407 568 2450 sine
588 2402 663 2447 Dei
696 2399 828 2458 gratia
862 2392 1061 2440 defendit
1085 2391 1269 2434 liberum
1300 2383 1543 2429 arbitrium.

164 2483 367 2531 Estcnim
385 2480 572 2524 liberum
590 2471 833 2521 arbitrium,
854 2464 928 2509 scd
944 2461 1050 2507 nihil
1068 2458 1280 2504 valctsine
1299 2456 1370 2500 Dei
1393 2453 1543 2513 gratia.

168 2558 211 2603 Si
234 2569 334 2612 ergo
349 2551 534 2595 liberum
559 2542 786 2590 arbitrium
807 2553 893 2581 non
916 2536 1005 2578 sinc
1025 2533 1097 2576 Dei
1129 2530 1262 2587 gratia
1284 2524 1544 2572 defendunt,

166 2627 274 2687 quid
293 2622 393 2669 mali
410 2620 563 2666 dicunt
577 2618 593 2659 Ὺ
618 2618 795 2672 Expone
811 2623 911 2666 crgo
927 2605 1067 2653 nobis,
1085 2619 1109 2645 o
1129 2600 1304 2648 doctor,
1326 2610 1458 2656 quam
1482 2595 1547 2638 di-
