1924 3309
401 293 483 332 532
842 303 873 329 s.
910 299 1139 330 A‘ucnsnm
1172 302 1351 330 El‘IscoI’I

396 365 662 426 adjutorium
685 365 934 424 postulavit.
945 384 964 407 «
981 366 1140 420 Credo,
1156 366 1314 425 inquit,
1328 367 1528 411 Domine.
1548 365 1689 419 »Quid
1714 382 1780 411 se-

397 437 637 497 quebatur,
662 436 759 490 nisi,
780 435 985 496 «Adjuva
1003 435 1135 479 fidem
1156 450 1297 479 meam
1314 437 1355 479 ¹?
1383 455 1401 477 »
1426 439 1524 481 Non
1545 437 1629 480 hoc
1650 435 1779 491 dixit,

398 507 565 562 Credo,
602 508 807 565 Domine,
840 506 967 551 video
988 506 1059 549 hic
1093 505 1259 565 aliquid
1292 506 1411 550 unde
1443 523 1533 551 non
1568 507 1777 564 mentior,

399 577 710 631 credo,verum
724 576 821 622 dico
840 597 848 621 :
870 575 946 621 sed
966 575 1094 620 video
1105 576 1178 621 hic
1201 576 1332 621 etiam
1354 577 1499 621 nescio
1522 577 1643 637 quid,
1665 576 1785 637 quod

398 648 506 692 mihi
535 647 772 707 displiceat.
810 650 930 692 Stare
963 646 1063 692 volo
1091 666 1100 692 ε
1126 648 1203 691 sed
1231 647 1374 692 adhuc
1404 657 1528 692 nuto.
1562 650 1685 692 Stans
1717 648 1786 693 lo-

398 734 531 778 quor,
558 734 644 763 non
669 717 828 772 cecidi,
860 718 962 777 quia
997 718 1129 762 credo
1156 737 1164 763 :
1193 719 1269 762 sed
1298 727 1443 762 tamen
1467 716 1610 762 adhuc
1639 727 1747 762 nuto
1775 738 1783 762 :

402 809 423 831 «
458 789 627 848 Adjuva
643 788 995 832 incredulitatem
1016 803 1172 833 meam.
1196 807 1216 830 »
1237 791 1370 848 Ergo,
1387 789 1638 844 charissimi,
1654 799 1697 833 et
1714 788 1787 833 ille

399 874 532 918 quem
556 867 706 903 contra
737 873 807 901 me
835 858 1064 913 constitui,
1103 868 1146 902 et
1174 869 1353 919 propter
1391 861 1510 919 cujus
1543 868 1790 904 controver-

400 931 504 975 siam
527 931 640 974 inter
660 944 739 974 nos
761 938 908 973 natam
934 930 1194 989 Prophetam
1213 930 1408 991 judicem
1440 930 1676 991 postulavi,
1701 947 1790 975 non

397 1000 508 1046 nihil
530 1000 637 1044 dicit
659 1001 786 1044 etiam
811 1001 917 1060 ipse,
943 1016 1044 1045 cum
1067 1000 1171 1045 dicit
1191 1021 1199 1046 ε
1234 1001 1497 1059 Intelligam,
1523 1011 1574 1046 ut
1595 1001 1786 1046 credam.

399 1075 510 1117 Nam
531 1071 684 1130 utique
707 1070 838 1114 modo
870 1070 991 1130 quod
1012 1070 1191 1130 loquor,
1219 1071 1273 1115 ad
1295 1072 1378 1116 hoc
1408 1071 1566 1131 loquor
1581 1108 1591 1127 ,
1617 1081 1667 1116 ut
1695 1088 1790 1116 cre-

400 1142 508 1186 dant
529 1142 605 1200 qui
621 1140 819 1184 nondum
842 1140 1028 1184 credunt
1047 1161 1055 1185 z
1077 1150 1120 1184 et
1137 1150 1284 1185 tamen
1302 1143 1383 1185 nisi
1406 1143 1526 1202 quod
1544 1142 1702 1202 loquor
1723 1143 1791 1186 in—

399 1212 616 1268 telligant,
632 1210 807 1254 credere
825 1226 915 1254 non
933 1212 1130 1269 possunt.
1148 1214 1264 1270 Ergo
1281 1228 1330 1255 ex
1344 1213 1487 1272 aliqua
1503 1222 1623 1272 parte
1639 1229 1792 1257 verum

401 1292 464 1328 est
483 1281 603 1342 quod
636 1282 709 1325 ille
737 1281 863 1333 dicit,
902 1281 1172 1340 Intelligam,
1215 1292 1265 1326 ut
1298 1282 1471 1327 credam
1503 1303 1511 1328 :
1538 1294 1581 1328 et
1611 1299 1690 1341 ego
1717 1285 1794 1344 qui

399 1355 514 1408 dico,
532 1354 642 1397 sicut
655 1352 760 1396 dicit
775 1352 989 1411 Propheta
1009 1371 1018 1396 :
1040 1355 1131 1396 Imo
1145 1353 1290 1407 crede,
1310 1363 1360 1397 ut
1375 1353 1590 1412 intelligas
1612 1374 1620 1400 z
1643 1370 1794 1398 verum

400 1425 606 1478 dicimus,
627 1423 957 1468 concordemus.
983 1426 1099 1482 Ergo
1121 1423 1338 1483 intellige,
1366 1434 1417 1469 ut
1438 1425 1587 1469 credas
1614 1445 1624 1470 :
1644 1427 1790 1481 crede,

402 1506 452 1541 ut
473 1495 702 1554 intelligas.
728 1494 921 1538 Breviter
943 1494 1042 1538 dico
1060 1494 1283 1554 quomodo
1306 1505 1547 1556 utrumque
1574 1497 1664 1540 sine
1686 1513 1794 1541 con-

402 1566 608 1611 troversia
628 1564 903 1623 accipiamus.
926 1564 1142 1622 Intellige,
1164 1573 1214 1608 ut
1229 1565 1382 1609 credas
1395 1601 1405 1621 ,
1422 1567 1605 1610 verbum
1621 1582 1793 1626 meum,

405 1637 555 1691 crede,
583 1646 633 1681 ut
654 1634 888 1693 intelligas,
913 1635 1096 1679 verbum
1122 1637 1210 1679 Dei.

459 1825 467 1843 ¹
487 1821 591 1854 Marc.
614 1829 658 1858 ix,
683 1817 724 1850 23
