1924 3309
444 252 526 292 362
870 258 905 289 s.
939 258 1170 289 Aucusnm
1201 259 1384 287 Emscom

444 343 544 374 cum
566 335 743 387 propter
765 335 943 386 peccata
975 334 1120 369 nostra
1141 322 1250 367 nihil
1271 335 1474 366 essemus.
1499 323 1608 367 Nam
1632 323 1724 382 ipse
1741 323 1822 368 ali-

441 399 549 462 quid
569 413 776 457 magnum
798 397 923 452 fecit,
948 411 1049 441 cum
1070 394 1293 439 hominem
1315 392 1371 438 ad
1391 393 1624 452 imaginem
1641 404 1684 439 et
1700 394 1825 440 'simi-

440 471 673 516 litudinem
695 484 818 514 suam
840 468 1016 513 creavit.
1040 465 1122 511 Sed
1141 465 1243 525 quia
1265 481 1343 510 nos
1362 464 1473 509 nihil
1493 465 1586 509 fieri
1606 465 1824 511 voluimus

440 539 662 603 peccando
681 574 692 594 ,
717 548 761 584 et
790 537 1013 583 traduce-m
1043 534 1316 580 mortalitatis
1336 535 1391 579 de
1412 536 1666 595 parentibus
1693 535 1825 580 duxi-

440 627 563 667 mus,
589 621 633 655 et
667 625 803 655 massa
841 607 1006 668 peccati
1023 642 1035 662 ,
1065 621 1202 650 massa
1229 605 1305 649 irae
1332 604 1436 650 facti
1457 620 1606 650 sumus
1627 625 1636 651 ε
1661 606 1826 666 placuit

443 692 588 727 tamen
627 680 689 724 illi
722 695 799 740 per
822 677 1161 722 misericordiam
1194 692 1319 721 suam
1343 675 1573 721 redimeret
1601 691 1680 721 nos
1704 686 1828 722 tanto

441 752 582 813 pretio
601 770 609 796 :
636 750 757 795 dedit
778 749 902 794 nobis
919 749 1176 808 sanguinem
1195 747 1320 792 Unici
1342 748 1408 792 sui
1428 748 1685 792 innocenter
1705 749 1825 804 nati,

442 824 697 868 innocenter
711 820 908 873 viventis,
926 820 1183 864 innocenter
1200 820 1380 864 mortui.
1400 819 1486 872 Qui
1500 834 1578 864 nos
1600 828 1724 864 tanto
1737 834 1830 879 pre·

442 894 503 938 tio
521 892 719 946 redemit,
736 906 824 935 non
841 890 936 935 vult
954 890 1095 950 perire
1111 905 1220 950 quos
1235 890 1355 934 emit.
1372 892 1469 935 Non
1490 890 1596 934 emit
1614 906 1724 950 quos
1735 905 1830 950 per-

443 964 517 1008 dat
534 984 542 1008 ;
558 963 632 1007 sed
644 963 749 1006 emit
760 977 870 1022 quos
882 958 1085 1006 vivificet.
1105 962 1148 1006 Si
1163 970 1340 1021 peccata
1353 970 1498 1005 nostra
1510 970 1716 1020 superant
1732 977 1827 1016 nos,

443 1033 631 1094 pretium
666 1047 792 1076 suum
828 1047 918 1076 non
952 1031 1195 1075 contemnit
1236 1034 1364 1075 Deus.
1400 1031 1594 1076 Pretium
1621 1046 1831 1090 magnum

444 1106 580 1150 dedit.
591 1107 678 1149 Nec
696 1113 841 1148 tamen
857 1103 982 1147 nobis
999 1112 1169 1147 tantum
1182 1102 1237 1146 dc
1255 1102 1386 1162 ipsius
1401 1101 1693 1147 misericordia
1711 1101 1833 1146 blan-

443 1175 615 1218 diamur
631 1208 642 1229 ,
668 1175 702 1217 si
719 1190 808 1218 non
834 1172 1044 1217 fuerimus
1066 1175 1210 1218 conati
1225 1174 1436 1217 'adversus
1460 1183 1637 1233 peccata
1655 1183 1799 1218 nostra
1819 1194 1831 1231 3

443 1259 523 1288 nec
547 1245 581 1287 si
610 1243 753 1302 aliqua
776 1244 961 1287 maxime
994 1243 1195 1302 capitalia
1229 1243 1486 1299 fecerimus,
1525 1258 1746 1302 speremus
1776 1244 1835 1288 ita

444 1314 638 1358 futuram
657 1327 747 1357 esse
767 1313 1105 1357 misericordiam
1124 1348 1135 1368 ,
1159 1323 1209 1357 ut
1231 1314 1270 1356 ei
1300 1314 1589 1372 conjungatur
1609 1313 1830 1374 iniquitas.

443 1384 668 1444 Numquid
686 1385 802 1428 enim
825 1393 868 1428 et
889 1399 962 1428 eos
983 1385 1059 1444 qui
1081 1383 1190 1428 nihil
1219 1394 1403 1443 egerunt
1419 1419 1431 1434 ,
1462 1384 1834 1445 quemadmodum

445 1455 627 1500 correcti
648 1455 844 1499 viverent
862 1490 872 1510 ,
909 1454 985 1498 sed
1007 1455 1051 1498 in
1080 1454 1317 1513 pertinacia
1341 1464 1385 1498 et
1402 1453 1562 1498 duritia
1584 1455 1716 1498 animi
1737 1469 1836 1514 per-

445 1534 726 1580 manserunt,
752 1534 1066 1570 accusaverunt
1094 1525 1224 1569 etiam
1247 1528 1387 1569 Deum
1422 1523 1702 1570 defendendo
1733 1540 1836 1584 pec-
1881 1563 1883 1565 .

446 1607 539 1642 cata
557 1612 650 1651 sua,
668 1596 730 1639 ibi
745 1596 1060 1640 constituturus
1076 1605 1155 1650 est,
1172 1595 1248 1639 ubi
1267 1595 1494 1640 constituit
1508 1604 1678 1640 sanctos
1693 1598 1835 1654 Apos-

446 1667 581 1722 tolos,
609 1667 872 1725 Prophetas,
899 1666 1190 1720 PatriarchaS,
1217 1675 1260 1709 et
1280 1664 1432 1709 fideles
1454 1681 1553 1710 suos
1576 1666 1689 1709 bene
1710 1664 1766 1710 de
1793 1681 1837 1709 se

447 1738 623 1781 meritos
640 1771 651 1791 ,
677 1736 759 1779 sibi
782 1736 1039 1789 servientes,
1066 1734 1339 1779 ambulantes
1358 1736 1402 1778 in
1420 1735 1638 1789 castitate,
1663 1735 1837 1780 modes-

449 1808 530 1862 tia,
551 1805 818 1859 humilitate,
844 1804 1139 1861 eleemosynas
1162 1804 1366 1848 facientes
1383 1839 1394 1859 ,
1416 1805 1687 1864 ignoscentes
1716 1805 1836 1864 quod

449 1894 472 1922 a
509 1892 731 1937 quoquam
759 1876 950 1935 perpessi
979 1877 1112 1919 sunt?
1142 1874 1252 1919 Talis
1274 1884 1337 1919 est
1359 1875 1476 1918 enim
1498 1876 1564 1919 via
1587 1877 1804 1935 justorum
1821 1911 1832 1931 ,

450 1948 544 1992 talis
568 1956 632 1990 est
653 1947 721 1990 via
744 1955 991 1991 sanctorum
1011 1946 1252 1990 tenentium
1275 1948 1416 1989 Deum
1448 1955 1616 2005 patrem
1633 1981 1644 2001 ‚
1678 1955 1835 1990 tenen-

450 2018 560 2062 tium
584 2016 820 2062 Ecclesiam
843 2026 1048 2072 matrem,
1081 2032 1162 2060 nec
1191 2015 1316 2060 illum
1339 2026 1588 2075 parentem,
1612 2032 1692 2061 nec
1709 2017 1836 2061 istam

450 2087 721 2133 offendentes
740 2123 750 2143 ,
776 2086 852 2131 sed
873 2088 920 2130 in
941 2102 1088 2132 amore
1109 2087 1337 2147 utriusque
1361 2087 1549 2146 parentis
1567 2087 1774 2143 viventes,
1792 2097 1835 2131 et

451 2159 505 2203 ad
533 2158 833 2202 haereditatem
856 2166 1063 2201 aeternam
1088 2166 1367 2217 properantes
1383 2193 1397 2212 ,
1430 2173 1520 2202 non
1541 2158 1644 2202 laeso
1684 2167 1830 2217 patre,

451 2244 539 2273 non
574 2227 674 2272 laesa
691 2237 828 2272 matre
847 2263 858 2283 ,
884 2227 1012 2272 datur
1030 2227 1268 2288 unicuique
1286 2228 1516 2272 haereditas
1539 2231 1566 2271 ¹.

509 2300 566 2341 X.
590 2298 699 2351 Quia
730 2297 820 2342 duo
840 2306 1040 2357 parentes
1062 2313 1139 2342 nos
1165 2308 1412 2355 genuerunt
1433 2297 1487 2342 ad
1509 2307 1694 2343 mortem
1710 2332 1721 2353 ,
1744 2298 1835 2342 duo

452 2377 651 2429 parentes
679 2384 755 2413 nos
780 2378 1024 2427 genuerunt
1047 2369 1101 2412 ad
1132 2370 1279 2413 vitam.
1316 2372 1521 2413 Parentes
1555 2369 1631 2429 qui
1659 2384 1737 2413 nos
1758 2383 1834 2427 ge-

453 2446 646 2482 nuerunt
675 2436 729 2482 ad
751 2448 936 2483 mortem
952 2474 962 2494 ,
987 2438 1124 2484 Adam
1149 2448 1213 2483 est
1240 2447 1283 2482 et
1304 2441 1394 2483 Eva
1411 2461 1422 2497 3
1442 2448 1641 2499 parentes
1662 2439 1738 2499 qui
1760 2454 1838 2483 nos

456 2517 702 2567 genuerunt
727 2509 783 2553 ad
807 2510 938 2554 vitam
958 2545 969 2565 ,
1006 2509 1200 2555 Christus
1222 2519 1285 2555 est
1318 2519 1359 2554 et
1392 2510 1599 2556 Ecclesia.
1627 2513 1684 2555 Et
1716 2519 1861 2569 pater·

504 2600 513 2615 ¹
540 2593 646 2625 Florus
665 2594 704 2627 ad
722 2596 813 2628 Rom.
835 2606 897 2629 vni.
