1924 3309
443 238 523 275 130
862 251 896 276 s.
931 249 1161 276 Auens'rmi
1198 250 1375 277 zmscom

434 313 606 356 ritatem
634 312 839 364 daturus,
863 328 951 373 qua
978 312 1068 358 sola
1099 317 1187 357 Lex
1208 314 1378 373 impleri
1402 323 1556 373 potest.
1592 313 1823 357 Plenitudo

433 382 550 426 enim
572 382 696 440 Legis
716 417 727 437 ‚
752 383 964 427 charitas1
994 403 1003 428 :
1029 392 1078 427 ut
1100 383 1307 442 quoniam
1327 383 1433 428 fides
1466 384 1671 443 impetrat
1687 383 1823 442 Spiri-

429 453 563 496 ritum
585 461 785 496 sanctum
802 487 813 508 ‚
836 463 1066 512 perquem
1087 453 1271 496 charitas
1293 454 1367 497 Dei
1389 453 1547 497 diffusa
1573 462 1635 496 est
1657 453 1703 496 in
1728 468 1825 497 cor-

429 522 557 566 dibus
577 522 852 581 operantium
886 521 1126 582 justitiam,
1152 523 1275 567 nullo
1296 523 1428 567 modo
1466 524 1694 583 quisquam
1725 532 1826 567 ante

427 593 610 652 gratiam
639 591 743 636 fidei
773 591 828 636 de
859 592 982 636 bonis
1019 592 1225 651 operibus
1267 593 1476 650 glorietur
1490 596 1522 636 ².
1553 597 1826 651 Quapropter

428 664 529 708 istos
544 665 760 723 jactantes
783 677 828 706 se
847 662 900 705 de
923 662 1129 721 operibus
1153 663 1278 720 Legis
1298 664 1356 706 ita
1392 662 1551 706 refellit
1572 661 1822 721 Apostolus,

425 734 538 777 dum
559 732 751 778 ostendit
768 747 898 791 opera
916 741 1086 776 vetusta
1109 742 1481 777 sacramentorum
1505 734 1680 777 umbras
1702 732 1825 777 fntu-

434 819 583 848 rorum
619 803 902 862 fuisse,quas
933 803 1024 862 jam
1060 802 1253 846 adventu
1279 803 1450 847 Domini
1481 803 1620 848 libero
1659 801 1825 846 haeredi

425 874 683 918 necessarias
716 888 805 917 non
841 888 931 916 esse
977 875 1267 918 monstravit:
1293 889 1423 933 opera
1457 889 1560 918 vero
1597 872 1653 917 ad
1688 874 1828 917 bonos

425 960 566 989 mores
589 943 851 1003 pertinentia
874 958 963 987 non
984 943 1157 1002 impleri
1180 943 1260 988 nisi
1296 943 1553 998 dilectione,
1582 959 1658 1003 per
1691 958 1827 1003 quam

427 1015 538 1059 fides
557 1023 777 1074 operatur.
804 1014 926 1058 Unde
949 1013 983 1058 si
1013 1030 1145 1073 opera
1170 1015 1293 1073 Legis
1328 1014 1535 1075 quaedam
1571 1024 1669 1074 post
1695 1014 1828 1058 fidem

428 1085 672 1146 superflua,
707 1084 913 1145 quaedam
940 1094 1040 1128 ante
1064 1085 1195 1128 fidem
1219 1084 1339 1129 nulla
1363 1086 1488 1128 sunt3
1509 1105 1520 1141 3
1544 1086 1662 1130 Vivat
1684 1085 1829 1144 justus

428 1171 483 1200 ex
506 1155 593 1200 fide
609 1191 620 1211 ‚
646 1165 695 1200 ut
716 1164 759 1199 et
783 1170 892 1198 onus
920 1170 1047 1212 grave
1070 1155 1287 1199 servitutis
1317 1155 1512 1214 abjiciat,
1538 1154 1625 1198 levi
1658 1154 1828 1198 sarcina

434 1227 594 1271 Christi
625 1234 852 1284 vegetatus
870 1259 881 1279 ,
907 1234 949 1268 et
967 1224 1147 1284 justitiae
1176 1234 1311 1269 metas
1337 1241 1427 1269 non
1457 1224 1799 1283 transgrediatur
1815 1259 1826 1280 ,

428 1295 517 1340 leni
529 1297 638 1356 jugo
661 1294 885 1339 charitatis
909 1294 1259 1353 obtemperans&

484 1367 618 1410 XLV:
641 1365 786 1419 Quaeri
804 1374 950 1408 autem
977 1374 1143 1423 potest,
1171 1380 1249 1408 cur
1275 1365 1511 1424 Apostolus
1530 1365 1662 1409 ethic
1696 1364 1831 1409 solam

432 1436 792 1481 commemoravit
824 1435 1008 1494 proximi
1041 1435 1352 1490 dilectionem,
1391 1452 1477 1494 qua
1523 1439 1681 1493 Legem
1725 1435 1834 1480 dixit

433 1507 633 1568 impleri3
658 1516 701 1550 et
724 1505 777 1550 ad
800 1508 1020 1549 Romanos
1041 1520 1143 1548 cum
1170 1505 1214 1549 in
1238 1505 1394 1549 eadem
1419 1507 1662 1566 quaestione
1689 1521 1833 1550 versa-

439 1589 559 1623 retur
579 1598 588 1623 z
614 1598 634 1621 «
656 1577 741 1631 Qui
756 1577 873 1620 enim
896 1575 1037 1634 diligit
1055 1576 1237 1619 alterum
1256 1611 1267 1631 ‚
1292 1577 1457 1636 inquit,
1479 1580 1642 1636 Legem
1675 1577 1833 1636 imple-

447 1669 466 1692 »
502 1648 636 1709 plevit
661 1668 670 1693 :
696 1662 820 1702 nam,
843 1649 938 1691 Non
958 1645 1244 1699 adulterabis,
1266 1649 1364 1691 Non
1383 1648 1667 1691 homicidium
1686 1645 1830 1702 facies,

448 1739 468 1763 »
503 1724 602 1766 Non
636 1718 872 1772 furaberis,
897 1720 994 1762 Non
1023 1718 1325 1776 concupisces,
1351 1727 1394 1761 et
1427 1719 1459 1762 si
1482 1718 1601 1777 quod
1625 1728 1688 1762 est
1717 1717 1836 1762 aliud

451 1810 472 1834 »
508 1789 763 1834 mandatum
779 1823 790 1843 ,
815 1789 859 1831 in
881 1787 963 1831 hoc
984 1802 1182 1830 sermone
1204 1787 1530 1846 recapitulatur,
1553 1788 1711 1847 Diliges
1731 1804 1836 1847 pro-

453 1881 473 1905 »
509 1862 670 1905 ximum
695 1869 821 1903 tuum
846 1868 1053 1916 tanquam
1077 1865 1119 1899 te
1145 1857 1303 1915 ipsum.
1333 1857 1512 1901 Dilectio
1535 1858 1717 1916 proximi
1749 1874 1838 1903 ma-

455 1950 476 1974 »
510 1932 603 1975 lum
626 1945 715 1974 non
737 1928 985 1987 operatur-⁵.
1022 1944 1042 1967 »
1070 1925 1302 1970 Plenitudo
1335 1936 1480 1970 autem
1513 1928 1637 1986 Legis
1655 1962 1666 1982 ‚
1691 1929 1836 1972 chari-

452 2013 531 2047 tas.
555 2004 666 2047 Cum
685 2015 788 2058 ergo
811 1997 982 2042 nonnisi
1003 1996 1048 2040 in
1064 1995 1237 2040 duobus
1256 1997 1481 2056 praeceptis
1498 1996 1743 2042 dilectionis
1761 1999 1837 2042 Dei

456 2084 499 2118 et
526 2071 710 2132 proximi
732 2067 923 2130 perfecta
944 2068 997 2111 sit
1033 2067 1241 2122 charitas,
1264 2083 1341 2111 cur
1363 2067 1598 2125 Apostolus
1630 2077 1673 2111 et
1694 2068 1739 2112 in
1757 2069 1839 2114 hac

456 2154 499 2190 et
520 2144 565 2188 in
586 2142 658 2187 illa
682 2139 873 2201 Epistola
892 2138 1026 2182 solam
1059 2137 1244 2196 proximi
1266 2137 1543 2181 dilectionem
1574 2154 1840 2184 commemo-

456 2224 549 2272 rat3
572 2214 651 2257 nisi
675 2212 777 2273 quia
799 2210 853 2255 de
875 2208 1107 2254 dilectione
1131 2207 1206 2251 Dei
1224 2217 1405 2266 possunt
1428 2208 1600 2252 mentiri
1623 2209 1835 2266 homines,

456 2286 557 2347 quia
579 2284 758 2328 rariores
780 2280 1039 2325 tentationes
1057 2293 1151 2322 eam
1179 2279 1394 2337 probant,
1419 2279 1464 2321 in
1497 2277 1730 2324 dilectione
1757 2297 1838 2324 au·

461 2369 544 2402 tem
567 2353 749 2415 proximi
770 2351 939 2397 facilius
960 2349 1281 2395 convincuntur
1302 2365 1396 2392 eam
1414 2365 1502 2393 non
1524 2350 1706 2405 habere,
1731 2351 1838 2395 dum

459 2427 606 2487 inique
628 2440 725 2469 cuni
746 2421 998 2467 hominibus
1020 2420 1189 2479 agunt?
1211 2421 1491 2479 Consequens
1513 2429 1576 2464 est
1597 2429 1764 2476 autem,
1789 2430 1838 2465 ut

506 2530 513 2545 ¹
538 2526 626 2555 Rom.
647 2531 716 2560 xm,
741 2529 788 2550 ιο.
808 2533 847 2540 --
868 2524 880 2539 2
899 2517 945 2549 Id.
967 2526 999 2556 v,
1018 2519 1050 2548 5.
1070 2531 1111 2538 --
1133 2513 1146 2537 3
1164 2512 1268 2547 Galat.
1285 2526 1318 2556 v,
1336 2514 1370 2546 6.
1391 2514 1453 2545 -4
1472 2515 1592 2549 nabao.
1616 2527 1651 2558 u,
1671 2520 1705 2548 et
1722 2515 1836 2550 Matth.

455 2590 500 2619 ιιι,
521 2578 575 2610 30,
595 2593 633 2600 -ω
651 2574 665 2600 5
685 2578 775 2607 Rom.
797 2584 865 2614 xm,
887 2576 920 2614 8,
943 2574 1007 2604 etc.
