1867 3320
306 275 444 301 sEmvro
477 275 615 313 xuu,
651 276 704 302 DE
737 275 882 305 VERBIS
914 277 1057 317 ISAlAE,
1094 282 1168 307 vn.
1338 272 1415 309 531

50 346 316 382 mementote
328 353 428 382 eum
440 337 618 383 dixisse:
632 338 878 384 «Habemus
891 342 1111 386 certiorem
1126 345 1425 403 propheticum

46 426 66 449 »
83 423 341 453 sermonem.
351 412 439 452 »Da
451 409 558 452 mihi
570 425 672 468 ergo
687 409 740 453 ad
754 409 870 454 illam
883 415 1212 458 controversiam
1221 415 1414 475 judicem

43 480 322 539 Prophetam.
348 480 466 532 Quid
486 481 598 524 inter
621 496 699 525 nos
720 481 959 538 agebatur?
981 486 1045 527 Tu
1066 485 1235 530 dicebas
1254 507 1264 531 ;
1284 488 1419 532 Intel-

40 547 192 607 ligam,
226 558 277 593 ut
304 548 505 607 credam,
537 565 618 609 ego
647 550 876 597 dicebam:
905 554 961 596 Ut
991 553 1224 613 intelligas,
1267 557 1410 602 crede.

42 622 152 666 Nata
175 629 238 665 est
256 620 568 677 controversia,
592 622 815 667 veniamus
833 622 886 668 ad
899 624 1090 683 judicem
1103 661 1114 680 ,
1134 626 1299 684 judicet
1316 631 1422 673 Pro-

43 690 200 750 pheta,
225 691 314 735 imo
330 707 433 736 vero
457 695 568 736 Deus
592 691 758 751 judicet
780 708 854 752 per
882 695 1157 754 Prophetam.
1183 697 1324 741 Ambo
1356 708 1423 742 ta-

44 776 233 806 ceamus.
254 761 371 816 Quid
392 764 522 808 ambo
543 763 800 820 dixerimus,
829 765 1025 810 auditum
1056 777 1132 811 est.
1161 768 1421 828 Intelligam,

21 828 215 892 'inquiS,
242 842 293 877 ut
323 834 527 879 credam:
553 834 716 890 Crede,
751 836 951 896 inquam,
981 846 1031 880 ut
1058 836 1284 896 intelligas.
1316 842 1423 884 Res-

42 903 236 963 pondeat
256 905 472 964 Propheta
491 925 500 950 :
521 925 540 948 «
562 906 651 952 Nisi
672 906 961 961 credideritis,
987 923 1075 952 non
1091 909 1375 968 intelligetis¹.
1400 929 1422 952 »

102 976 225 1018 VIII.
245 976 408 1019 Putatis
422 985 583 1031 autem,
601 976 852 1031 charissimi,
870 976 978 1020 nihil
991 977 1133 1022 dicere
1156 979 1284 1023 etiam
1298 979 1424 1023 illum

44 1044 120 1103 qui
139 1043 245 1089 dicit
266 1060 275 1086 τ
303 1045 549 1102 Intelligam
565 1080 576 1100 ,
600 1055 650 1089 ut
671 1047 877 1090 credam?
900 1046 1017 1098 Quid
1040 1048 1156 1091 enim
1187 1064 1305 1093 nunc
1338 1051 1430 1106 agi-

44 1129 141 1159 mus
156 1150 167 1170 ,
192 1115 274 1159 nisi
290 1125 339 1159 ut
358 1115 563 1171 credant,
590 1131 679 1160 non
699 1116 776 1176 qui
798 1132 886 1160 non
911 1116 1097 1162 credunt
1113 1153 1123 1172 ,
1149 1118 1224 1162 sed
1252 1120 1328 1178 qui
1349 1118 1430 1163 ad-

46 1185 133 1230 huc
154 1201 309 1245 parum
331 1184 517 1230 credunt
532 1188 549 1227 ’.Ρ
566 1187 675 1231 Nam
697 1185 731 1230 si
752 1185 874 1230 nullo
895 1185 1026 1231 modo
1043 1187 1341 1243 credidissent,
1361 1188 1431 1233 hic

44 1271 136 1301 non
153 1266 308 1302 essent.
332 1257 461 1301 Fides
483 1272 556 1301 eos
574 1256 784 1312 adduxit,
807 1266 857 1300 ut
880 1256 1080 1315 audiant3
1104 1258 1209 1303 fides
1233 1275 1303 1303 eos
1324 1258 1430 1304 fecit

45 1337 282 1387 praesentes
302 1327 438 1373 verbo
456 1327 556 1373 Dei:
575 1326 651 1371 sed
672 1327 764 1386 ipsa
785 1325 907 1382 fides,
925 1343 1023 1387 quae
1041 1328 1311 1387 germinavit,
1336 1329 1434 1372 irri-

46 1399 188 1457 ganda
206 1409 292 1456 est,
333 1398 568 1444 nutrienda
602 1408 688 1454 est,
727 1398 972 1443 roboranda
994 1410 1068 1442 est.
1103 1402 1194 1444 Hoc
1222 1410 1285 1444 est
1311 1398 1432 1460 quod

45 1470 227 1528 agimus.
257 1472 409 1528 «Ego,
434 1469 596 1530 inquit,
618 1470 811 1529 plantavi
827 1490 838 1526 3
854 1468 1010 1528 Apollo
1023 1470 1177 1528 rigavit
1197 1489 1206 1515 z
1227 1470 1302 1514 sed
1321 1473 1432 1514 Deus

49 1560 70 1584 »
104 1542 425 1586 incrementum
455 1541 591 1586 dedit.
626 1544 779 1600 Itaque
811 1556 954 1600 neque
975 1541 1051 1600 qui
1071 1540 1238 1600 plantat
1269 1550 1332 1586 est
1359 1540 1433 1585 ali-

50 1631 71 1655 »
106 1613 230 1674 quid,
248 1629 392 1674 neque
407 1614 484 1673 qui
498 1613 631 1672 rigat;
648 1612 723 1656 sed
736 1612 810 1671 qui
824 1612 1140 1656 incrementum
1152 1612 1224 1656 dat
1241 1615 1391 1656 Deus2.
1407 1629 1427 1653 ›»

48 1684 291 1744 Loquendo
306 1718 318 1738 ,
352 1683 568 1727 hortando
586 1718 596 1738 ,
618 1681 817 1726 docendo
832 1716 844 1736 ,
866 1680 1090 1725 suadendo
1118 1681 1308 1739 plantare
1332 1697 1430 1740 pos-

48 1770 195 1799 sumus
218 1763 261 1798 et
278 1754 418 1813 rigare
433 1788 444 1808 ,
480 1769 570 1797 non
597 1762 743 1796 autem
764 1752 1080 1794 incrementum
1103 1750 1218 1794 dare.
1247 1754 1431 1796 Noverat

51 1833 197 1870 au'tem
215 1824 288 1869 ille
309 1840 412 1869 cum
428 1839 516 1885 quo
538 1822 801 1883 loquebatur
817 1856 828 1876 ‚
853 1820 929 1880 qui
951 1819 1052 1864 fidei
1070 1837 1157 1864 suae
1175 1822 1431 1878 germinanti

54 1904 98 1940 et
119 1895 264 1940 adhuc
279 1904 461 1949 tenerae,
485 1903 529 1938 et
559 1892 703 1937 adhuc
733 1892 916 1935 infirmae
934 1925 945 1944 ,
981 1899 1023 1933 et
1046 1905 1097 1934 ex
1131 1906 1283 1948 magna
1302 1901 1432 1950 ⁴parte

53 1965 286 2021 titubanti,
313 1980 402 2010 non
424 1974 569 2008 tamen
591 1961 724 2006 nullae
747 1960 874 2014 fidei,
897 1959 973 2004 scd
995 1958 1120 2002 alicui
1144 1959 1241 2003 fidei
1260 1961 1432 2019 adjuto-

54 2052 144 2081 rem
166 2037 340 2091 orabat,
364 2036 434 2080 cni
456 2035 630 2079 dicebat
653 2053 662 2078 ;
692 2052 712 2075 «
733 2031 890 2086 Credo,
917 2030 1098 2075 Domine
1117 2031 1149 2073 ³.
1178 2048 1197 2071 »

114 2109 192 2151 IX.
209 2105 342 2152 Modo
359 2121 460 2150 cum
476 2103 758 2161 Evangelium
774 2102 1004 2159 legeretur,
1033 2099 1208 2144 audistis
1226 2119 1234 2144 :
1250 2119 1268 2141 «
1292 2102 1333 2144 Si
1353 2116 1432 2160 po-

58 2195 78 2218 »
113 2187 177 2224 tes
198 2177 396 2232 credere,
420 2177 480 2221 ait
495 2175 702 2220 Dominus
716 2176 838 2217 Jesus
857 2172 964 2230 patri
988 2170 1107 2229 pueri
1126 2171 1181 2219 ;si
1207 2179 1323 2229 potes
1338 2186 1432 2215 cre-

57 2275 77 2299 »
112 2255 232 2308 dere,
255 2250 402 2296 omnia
426 2244 642 2307 possibilia
669 2253 771 2288 sunt
798 2241 1032 2286 crctlenti⁴.
1058 2258 1075 2280 »
1098 2240 1234 2283 Etille
1262 2241 1433 2285 intuens

53 2325 356 2384 semetipsum,
379 2328 423 2364 et
443 2318 606 2378 positus
637 2324 737 2359 ante
759 2314 1037 2370 semetipsum
1055 2345 1065 2364 ‚
1085 2326 1170 2354 non
1188 2311 1348 2354 habeus
1367 2320 1431 2354 te·-

52 2396 282 2443 merariam
293 2389 605 2438 confidentiam
619 2408 629 2444 3
645 2386 719 2430 scd
734 2386 848 2444 prius
863 2382 1097 2426 discutiens
1112 2382 1431 2435 cmiscicntiain,

54 2468 164 2516 vidit
195 2468 242 2511 in
275 2481 319 2510 se
340 2478 429 2508 esse
467 2461 657 2520 aliquam
696 2457 854 2509 fidem,
896 2454 1003 2498 vidit
1036 2461 1077 2495 ct
1118 2452 1434 2506 titubationem,

55 2549 294 2600 utrumque
323 2533 448 2582 vidit.
474 2534 621 2577 Unum
651 2544 696 2574 se
718 2529 877 2573 habere
899 2525 1115 2570 conlessus
1142 2533 1201 2566 est
1217 2558 1226 2576 ,
1252 2533 1294 2567 et
1315 2523 1435 2567 alteri

104 2626 205 2662 ‘Is-'1⁵12
224 2636 285 2668 vn,
301 2634 334 2667 9·
356 2637 398 2647 ....
421 2627 434 2645 ²
459 2630 470 2654 1
492 2621 568 2655 Cor,
587 2629 633 2660 m,
650 2618 685 2658 6,
706 2626 738 2659 7,
756 2632 796 2639 —
818 2613 830 2637 3
849 2616 948 2646 Matre.
971 2623 1017 2652 ιι,
1032 2611 1086 2644 23.
1109 2626 1149 2633 —
1168 2609 1182 2634 *5
1204 2609 1284 2642 lbid.
1309 2619 1361 2642 α’).

1207 2666 1271 2704 34.
