1867 3320
0 341 3 375 Ι

0 411 4 441 ι

0 479 6 608 Ι

1 621 6 671 Ι

3 701 9 799 Ι

4 783 10 879 Ι

7 1031 12 1060 Ι

371 267 510 293 sERMO
544 267 617 303 ix,
654 267 707 293 DE
740 266 880 292 DECEM
912 267 1104 293 enormis.
1145 290 1152 297 ,
1346 259 1426 296 257

0 330 1 334 ’
53 347 150 393 quae
177 331 305 375 etiam
338 330 638 375 minutissimis
671 330 818 374 bestiis
853 329 1044 374 interimi
1085 338 1240 389 potest.
1285 333 1351 377 Sic
1387 343 1430 378 et

53 401 219 448 modica
249 410 426 460 peccata
453 421 461 446 ι
488 400 709 446 attenditis
743 401 844 461 quia
879 400 1049 445 modica
1083 409 1213 459 sunt3
1253 413 1426 459 cavete,

51 473 152 533 quia
172 470 296 531 plura
319 480 434 516 sunt.
461 473 602 524 Quam
621 471 905 515 minutissima
927 478 1028 515 sunt
1043 485 1176 529 grana
1193 486 1334 515 arenae
1360 492 1370 517 ;
1396 474 1431 517 si

51 559 189 589 arenae
210 542 392 602 amplius
414 542 460 587 in
474 557 631 588 navem
650 542 865 597 mittatur,
890 541 1046 600 mergit
1064 539 1182 585 illam
1200 550 1250 585 ut
1266 553 1427 601 pereat.

49 616 187 668 Quam
201 613 380 657 minutae
394 621 496 657 sunt
515 621 650 672 guttae
666 611 827 672 pluviae
845 631 854 656 :
871 626 1018 656 nonne
1034 611 1216 655 flumina
1229 611 1429 671 implent⁷

3 682 7 694 “
49 693 91 729 et
107 683 260 729 domos
277 682 516 743 dejiciunt?
531 686 648 742 Ergo
664 683 743 727 ista
768 682 902 727 nolite
923 692 1217 727 contemnere.
1239 683 1323 728 Sed
1341 683 1434 728 dic-

48 754 131 800 turi
150 754 273 808 estis,
298 756 354 797 Et
375 754 472 813 quis
493 761 636 812 potest
659 753 750 796 sine
771 752 892 796 istis?
909 755 971 798 Ne
992 753 1076 797 hoc
1096 752 1274 809 diceres,
1300 757 1318 812 (
1329 755 1431 814 quia

47 839 146 870 vere
168 839 296 868 nemo
317 833 486 884 potest,
501 826 518 882 )
534 827 646 867 Deus
667 822 908 867 misericors
920 822 1073 867 videns
1091 833 1283 869 nostram
1300 824 1433 884 fiagi-

44 894 233 950 litatem,
258 895 401 954 posuit
421 903 571 939 contra
587 892 793 937 remedia.
811 895 919 946 Quae
943 903 1044 937 sunt
1061 894 1278 940 remedia?
1303 895 1432 939 Elee-

43 980 344 1022 mosynarum,
385 979 675 1025 jejuniorum
703 964 983 1009 orationum:
1007 965 1098 1023 ipsa
1119 975 1221 1009 sunt
1252 967 1347 1010 tria.
1379 970 1433 1011 Ut

9 1073 13 1099 :
45 1044 188 1080 autem
210 1049 363 1079 verum
385 1033 499 1079 dicas
521 1034 567 1077 in
590 1021 784 1079 oratione
800 1069 811 1089 ‚
837 1032 1042 1094 perfectae
1074 1034 1308 1094 implendae
1331 1047 1433 1082 sunt

9 1115 13 1162 Ι
44 1103 344 1161 eleemosynae.
371 1105 479 1156 Quae
503 1112 605 1148 sunt
622 1103 828 1163 perfectae
851 1103 1171 1162 eleemosynae?
1199 1107 1254 1150 Ut
1272 1121 1322 1150 ex
1344 1123 1433 1166 quo

10 1169 15 1246 Ι
45 1174 121 1220 tibi
155 1175 372 1230 abundat,
408 1174 482 1219 des
502 1175 542 1218 ei
559 1174 635 1234 qui
666 1190 755 1219 non
778 1175 934 1232 habet·
956 1185 999 1219 et
1016 1191 1116 1220 cum
1143 1184 1181 1220 tc
1204 1176 1326 1221 laedit
1348 1178 1430 1222 ali-

10 1231 15 1307 Ι
45 1245 166 1306 quis,
192 1246 388 1304 ignoscas
410 1245 486 1289 illi.

89 1317 258 1360 XVIII.
274 1314 357 1360 Sed
368 1331 423 1360 ne
434 1315 611 1375 putetis,
623 1313 791 1370 fratres,
805 1316 905 1376 quia
915 1316 1111 1361 iacienda
1124 1327 1227 1363 sunt
1238 1319 1434 1378 quotidie

13 1378 17 1448 Ι
42 1384 268 1440 adulteria,
292 1395 334 1430 et
349 1386 633 1443 eleemosynis
655 1386 919 1445 quotidianis
941 1387 1193 1431 mundanda
1217 1399 1331 1433 sunt.
1364 1389 1432 1434 Ad

41 1455 114 1500 illa
132 1457 296 1515 majora
314 1456 473 1500 scelera
492 1471 580 1499 non
598 1456 821 1500 sufiiciunt
838 1457 1106 1515 quotidianae
1124 1458 1428 1516 eleemosynae,

42 1533 92 1570 ut
109 1540 158 1568 ea
174 1524 403 1569 mundent.
425 1524 559 1569 Aliud
574 1533 638 1568 est
651 1525 727 1569 ubi
744 1535 886 1570 mutes
900 1526 1049 1581 vitam,
1066 1527 1186 1572 aliud
1199 1538 1261 1572 est
1277 1529 1355 1573 ubi
1370 1539 1431 1574 to-

41 1594 148 1639 leres
165 1595 313 1640 vitam.
343 1594 422 1639 Illa
443 1594 653 1639 mutanda
674 1604 737 1639 est
764 1614 772 1638 :
798 1596 831 1638 si
853 1596 1052 1640 moechus
1079 1612 1171 1641 eras
1187 1633 1197 1651 ,
1223 1599 1313 1643 noli
1343 1616 1432 1644 csse

40 1665 234 1709 moechus
260 1666 322 1710 :si
348 1665 586 1710 fornicator
608 1680 720 1720 eras,
743 1665 833 1709 noli
867 1665 1071 1710 fornicari
1098 1686 1106 1710 :
1133 1669 1165 1711 si
1184 1669 1427 1724 homicida,

40 1734 130 1779 noli
148 1750 238 1781 esse
275 1735 493 1780 homicida
520 1751 528 1776 :
551 1735 585 1779 si
604 1735 694 1780 ibas
729 1735 784 1778 ad
808 1736 1166 1781 mathematicum
1199 1748 1241 1782 et
1264 1739 1319 1784 ad
1341 1757 1427 1784 cac-

39 1812 147 1849 teras
165 1813 303 1862 pestes
325 1804 549 1862 sacrilegas
564 1837 575 1858 ,
596 1806 686 1863 jam
709 1804 858 1847 desine
873 1808 903 1846 ¹.
932 1806 1164 1850 Arbitraris
1197 1809 1290 1853 haec
1309 1845 1319 1864 ‚
1348 1812 1427 1855 nisi

39 1873 126 1918 fieri
137 1872 351 1928 desinant,
367 1871 632 1932 quotidianis
647 1871 933 1930 eleemosynis
952 1889 1075 1932 posse
1094 1878 1328 1922 mundari?
1346 1880 1423 1926 llla

41 1941 134 1989 dico
149 1943 401 2004 quotidiana
424 1951 616 2001 peccata,
639 1958 737 2002 quae
755 1951 830 1986 aut
848 1958 922 2001 per
945 1943 1140 2003 linguam
1164 1947 1290 1992 facilc
1305 1966 1425 1995 com-

40 2014 283 2069 mittuntur,
310 2023 359 2058 ut
377 2023 441 2059 cst
463 2013 645 2058 verbum
665 2013 841 2068 durum,
861 2023 936 2058 aut
959 2031 1059 2059 cum
1082 2016 1245 2062 labitur
1268 2020 1422 2081 aliquis

40 2083 83 2129 in
109 2085 239 2129 risum
272 2083 607 2128 immoderatum
626 2119 636 2138 ‚
660 2093 735 2127 aut
766 2084 808 2127 in
831 2084 1082 2144 hujusmodi
1107 2102 1242 2146 nugas
1272 2093 1420 2149 quoti-

39 2153 197 2200 dianas.
226 2158 275 2199 In
295 2155 394 2214 ipsis
415 2155 626 2200 concessis
650 2164 823 2214 peccata
847 2165 962 2199 sunt.
989 2160 1100 2201 (lum
1125 2158 1212 2217 ipsa
1239 2176 1369 2205 uxore
1387 2163 1417 2204 si

40 2226 256 2270 exceditur
274 2226 593 2270 concumbendi
609 2224 762 2269 modus
780 2225 1053 2284 procreandis
1069 2227 1212 2272 liberis
1226 2229 1415 2283 (ln-bitus,

37 2294 120 2354 jam
139 2305 364 2356 peccatum
388 2306 464 2340 est.
489 2294 557 2340 Ad
589 2296 669 2340 hoc
699 2296 859 2340 etenim
892 2297 1066 2340 ducitur
1095 2314 1201 2343 uxor
1223 2319 1230 2344 :
1256 2317 1353 2345 nam
1375 2303 1413 2346 id

39 2364 160 2410 etiam
201 2366 361 2411 tabutae
402 2365 622 2421 indicant,
664 2366 739 2409 ubi
770 2366 998 2419 scribitur,
1036 2367 1286 2414 Liberorum
1315 2388 1415 2431 pro-

96 2480 196 2512 ¹C0d.
226 2483 311 2513 Cass.
332 2491 365 2521 n,
386 2481 442 2512 [ol.
476 2479 534 2522 124
551 2493 556 2511 :
574 2492 591 2508 «
620 2482 650 2512 Si
673 2481 739 2512 ibas
767 2482 805 2511 ειιΙ
829 2491 983 2520 auguri-³¹,
1009 2480 1068 2512 noli
1095 2493 1227 2523 pcrgcw
1242 2511 1249 2524 ,
1281 2498 1415 2519 maxum·

39 2545 105 2569 oum
126 2542 291 2580 peecatum
309 2537 371 2572 hoc
395 2538 519 2580 gravius
546 2537 597 2579 sit,
625 2542 657 2570 ot
687 2538 727 2570 sit
749 2537 850 2570 bestia
876 2548 942 2579 quac
969 2540 1075 2578 guttur
1100 2539 1233 2581 [iungant.
1256 2544 1302 2574 An
1326 2545 1413 2575 uitu-

194 2657 347 2690 CXXIV.
1182 2651 1229 2689 17
