1867 3320
266 321 406 351 semro
437 325 631 363 xxxvui,
667 327 720 352 nn
754 327 899 356 VERBIS
932 330 1236 362 ECCLESIASTICL
1354 330 1426 364 501

68 387 237 432 divitias
258 390 383 432 suas?
412 388 643 434 Essodiunt
668 399 710 434 et
741 392 971 437 obstruunt
999 404 1042 438 et
1063 401 1314 457 cooperiunt
1337 417 1435 447 eas2

68 468 112 503 et
140 473 243 503 cum
277 458 571 503 obstruxerint
604 469 649 504 et
683 463 1012 520 cooperuerint,
1055 469 1265 528 numquid
1292 471 1440 518 vident

68 529 190 590 quod
206 528 404 573 habent?
425 531 513 573 Nec
534 530 625 588 ipse
642 530 762 575 videt
788 551 796 575 ;
817 542 937 591 optat
964 543 1014 577 ut
1046 533 1200 590 lateat,
1236 539 1357 584 timet
1386 557 1440 585 nc

66 608 228 659 pateat.
255 601 360 643 Esse
371 598 467 643 vult
487 599 605 643 dives
627 600 673 643 in
695 602 921 660 opinione,
944 618 1031 648 non
1045 605 1088 648 in
1100 607 1289 651 veritate.
1311 612 1439 662 Quasi

67 669 230 714 sufficit
260 669 420 714 habere
454 670 500 714 in
533 671 816 726 conscientia,
845 674 964 732 quod
996 685 1135 719 servat
1169 677 1213 720 in
1245 681 1382 722 terra?
1402 682 1439 723 Ο

66 749 234 800 quanto
260 741 397 799 major
417 739 497 783 tibi
519 750 561 784 et
582 741 733 785 melior
753 743 1013 787 conscientia
1035 745 1132 799 erit,
1157 746 1189 789 si
1214 749 1441 791 servaveris

0 870 1 873 Ἴ
67 811 113 854 in
132 810 272 855 coelo!
294 811 373 854 Hic
394 825 493 854 cum
512 811 705 856 obrueris
726 812 771 855 in
797 822 930 868 terra,
956 815 1078 859 times
1099 831 1153 859 ne
1174 818 1278 861 sciat
1299 833 1442 862 servus

69 890 169 926 tuus
189 891 233 925 et
257 881 446 934 auferat,
463 890 507 925 et
528 880 664 940 fugiat
678 904 689 939 3
705 883 776 927 hic
797 884 920 928 times
943 900 996 929 ne
1019 885 1185 930 auferat
1208 887 1282 931 tibi
1300 903 1442 932 servus

67 961 197 1008 tuus3
219 951 281 995 ibi
300 967 388 995 non
408 951 554 1006 times,
586 953 685 1011 quia
703 953 815 996 bene
833 954 912 997 tibi
933 966 1072 1000 servat
1095 957 1301 1001 Dominus
1324 968 1437 1002 tuus.

0 1025 3 1031 '
70 1020 156 1066 Sed
173 1022 337 1076 habeo,
373 1021 542 1081 inquis,
570 1037 744 1065 servum
768 1022 966 1078 fidelem,
1002 1026 1075 1083 qui
1106 1035 1148 1068 et
1176 1028 1369 1082 noverit,
1402 1037 1445 1072 ct

0 1125 3 1160 3
67 1107 157 1136 non
179 1092 361 1151 prodat,
387 1100 430 1134 et
462 1106 550 1135 non
574 1090 712 1135 tollat.
747 1093 960 1151 Compara
988 1093 1110 1138 illum
1135 1097 1316 1140 Domino
1351 1107 1440 1142 tuo.

69 1163 112 1207 Si
133 1162 305 1206 fidelem
328 1177 500 1206 servum
518 1162 741 1217 invenisti,
763 1165 971 1208 Dominus
992 1174 1092 1209 tuus
1114 1166 1289 1225 quando
1313 1177 1353 1210 te
1379 1167 1443 1211 fo-

68 1231 210 1277 fouit?
234 1234 324 1277 Etsi
353 1248 442 1277 non
466 1241 607 1292 potest
633 1248 780 1277 servus
807 1243 906 1278 tuus
928 1234 1103 1289 tollere,
1136 1247 1273 1295 potest
1298 1246 1439 1281 tamon

66 1303 248 1363 perdere
280 1323 289 1348 :
316 1303 526 1347 Dominus
549 1312 650 1347 tuus
681 1319 761 1347 ηερ
793 1305 944 1348 tollere
967 1321 1046 1350 nec
1075 1307 1251 1365 perderv
1273 1318 1438 1367 potest,

66 1390 146 1419 ηερ
167 1375 308 1434 perire
333 1375 563 1434 permittit.
596 1377 745 1419 Servat
768 1376 844 1418 tibi
860 1411 869 1428 ‚
903 1386 1047 1419 manet
1077 1378 1177 1431 tibi,
1204 1377 1354 1421 liberat
1378 1391 1437 1432 to,

67 1454 315 1490 manentem
346 1458 390 1489 te
418 1444 546 1502 facit3
577 1460 657 1489 nec
690 1446 841 1504 perdet
865 1454 928 1499 te,
967 1461 1048 1489 ηερ
1084 1446 1234 1505 perdet
1262 1449 1379 1507 quod
1405 1449 1440 1491 ei

65 1515 451 1560 commendaveris.
478 1515 611 1570 Veni,
633 1515 800 1576 inquit,
827 1517 970 1575 accipe
989 1517 1107 1576 quod
1135 1517 1246 1576 apud
1275 1533 1342 1560 mc·
1366 1534 1442 1577 po-

64 1586 200 1630 suisti.
223 1585 363 1630 Absit.
385 1587 482 1631 Non
499 1585 582 1629 hoc
603 1586 679 1630 tibi
701 1585 804 1629 dicit
820 1588 944 1629 Deus.
970 1588 1078 1645 Ego,
1100 1587 1238 1645 inquit
1255 1586 1439 1646 tibi‚qui

64 1667 108 1702 te
129 1656 334 1717 prohibui
365 1655 594 1712 foenerare,
618 1656 856 1700 foeneratus
874 1672 968 1700 sum
994 1673 1015 1700 a
1040 1667 1093 1702 te.
1123 1657 1305 1701 Volebas
1327 1658 1437 1701 enim

64 1727 234 1773 foenore
257 1742 472 1782 crescere,
498 1737 542 1771 et
572 1726 705 1771 dabas
728 1728 892 1771 homini
924 1737 972 1771 ut
996 1728 1073 1770 tibi
1101 1727 1196 1786 plus
1219 1727 1436 1778 reddi-ret,

64 1798 244 1860 quando
268 1799 508 1856 accipiebat
526 1797 718 1856 gaudens
734 1832 745 1853 ‚
766 1806 809 1841 et
823 1796 1001 1857 quando
1024 1797 1229 1840 reddebat
1252 1798 1436 1856 plorans.

62 1872 158 1914 Hoc
180 1868 376 1921 volebas,
393 1876 436 1911 et
453 1881 532 1924 ego
554 1865 862 1925 prohibebam:
889 1867 975 1908 dixi
998 1868 1111 1909 enim
1135 1886 1142 1910 :
1170 1887 1188 1907 «
1214 1868 1294 1919 Qui
1316 1883 1442 1925 pcc-11-

66 1958 88 1981 »
124 1939 239 1983 niam
269 1952 388 1982 suam
413 1952 503 1981 non
525 1935 647 1980 dedit
679 1934 733 1979 ad
759 1938 966 1979 usuram¹.
998 1954 1016 1974 υ
1045 1935 1329 1978 Prohibebam
1357 1946 1397 1977 n»
1419 1954 1439 1980 a

0 2017 1 2021 ’
67 2009 236 2054 foenore
260 2026 270 2052 .·
290 2008 424 2068 jubeo
442 2007 521 2052 tibi
543 2005 713 2060 foenus,
738 2020 807 2049 me
825 2004 1004 2048 foenera.
1035 2007 1125 2048 Hoc
1149 2004 1339 2048 tibidicit
1364 2008 1440 2047 Do-

62 2081 208 2125 minus
228 2089 327 2124 tuus
355 2098 363 2123 z
390 2081 534 2122 Pauca
556 2080 619 2121 vis
643 2076 768 2130 dare,
797 2085 838 2120 et
859 2075 982 2135 plura
1010 2076 1223 2133 accipere;
1248 2075 1441 2134 relinqu«-

65 2152 314 2205 hominem,
339 2150 416 2210 qui
445 2148 632 2208 plangit,
668 2149 845 2208 quando
875 2147 1003 2204 exigis
1027 2166 1034 2190 :
1061 2161 1130 2189 mc
1160 2146 1301 2188 inveni
1321 2181 1330 2193 ,
1365 2148 1437 2205 qui

65 2223 234 2281 gaudeo
251 2257 262 2276 ‚
287 2219 467 2281 quando
490 2219 640 2264 reddo.
664 2221 778 2263 Ecce
802 2218 949 2262 adsum
979 2237 986 2261 ς
1012 2217 1086 2269 da,
1113 2226 1153 2260 et
1171 2231 1313 2265 sum—2
1341 2226 1440 2260 iom-

64 2304 170 2352 pore
186 2291 442 2337 redditionis
465 2289 643 2334 reddam
667 2290 758 2333 tibi.
780 2292 834 2332 Et
855 2287 957 2347 quid
981 2287 1181 2330 reddam?
1204 2289 1337 2329 Pauca
1361 2288 1439 2328 dv-

64 2362 179 2418 disti,
205 2362 332 2422 plura
355 2376 476 2406 sume
496 2380 504 2404 2
530 2369 701 2404 terrena
723 2356 1091 2410 dedisti‚c‹1⁴lestia
1110 2371 1256 2399 sume:
1280 2367 1444 2414 tempo-

66 2431 168 2476 ralia
190 2430 371 2485 dedisti,
395 2440 554 2474 aeterna
575 2444 723 2473 sume:
750 2443 841 2471 mea
861 2426 1036 2478 dedisti,
1059 2427 1278 2484 meipsum
1304 2441 1437 2468 summ

65 2501 181 2557 Quid
211 2503 326 2546 enim
349 2502 531 2554 dedisti,
559 2501 635 2544 nisi
655 2516 703 2543 ex
728 2515 778 2542 co
800 2498 914 2557 quod
930 2513 950 2540 a
976 2512 1043 2540 me
1066 2497 1291 2553 acm-pistis*
1313 2497 1437 2546 Quod

66 2572 236 2617 dederis
259 2588 345 2616 non
372 2572 532 2618 reddo,
560 2572 634 2631 qui
675 2569 789 2613 unde·
818 2569 939 2611 darm
964 2566 1089 2609 dedis*
1117 2584 1156 2623 «μ
1182 2568 1188 2607 i
1230 2578 1267 2606 ¹«-
1303 2567 1325 2622 ii
1358 2583 1373 2590 ’⁴
1399 2583 1434 2604 ιιι

115 2657 224 2688 'psai
251 2668 315 2692 xiv,
347 2669 373 2687 i.
