1924 3309
895 231 929 262 S.
964 234 1195 271 AUGUSTINI
1226 246 1407 280 EPISCOPI

867 333 878 354 ‚
910 303 1005 360 Ipse
1022 305 1124 351 fecit
1145 325 1240 365 nost,
1267 324 1309 360 et
1331 334 1419 364 non
1440 323 1521 381 ipsi
1548 340 1642 373 nos.
1664 332 1844 383 Creatus

460 365 523 400 est
543 359 707 416 primus
723 363 855 413 homo
877 369 921 414 in
939 383 1091 418 natura
1109 379 1197 424 sine
1212 384 1356 444 culpa,
1374 390 1420 434 in
1436 403 1590 441 natura
1607 399 1699 445 sine
1714 404 1839 454 vitio:

455 437 623 474 creatus
640 443 703 477 est
720 447 862 483 rectus
876 475 887 495 ,
908 458 996 486 non
1014 461 1058 489 se
1080 447 1182 493 fecit
1198 464 1380 502 rectum.
1399 464 1514 514 Quid
1529 482 1573 511 se
1588 480 1732 517 autem
1750 476 1840 535 ipse

449 495 602 544 feeerit
617 536 628 556 ‚
651 517 805 551 notum
825 521 914 555 est:
940 514 1098 561 cadens
1120 535 1143 563 a
1164 535 1296 568 manu
1324 528 1445 586 figuli
1468 533 1629 584 fractus
1656 553 1732 587 est.
1752 547 1838 591 Re-

447 568 576 625 gebat
593 573 709 618 enim
732 592 830 621 eum
861 581 949 639 ipse
980 586 1057 643 qui
1089 586 1251 636 fecerat
1264 629 1274 648 ‚
1310 598 1448 645 voluit
1484 604 1679 655 deserere
1701 629 1725 657 a
1747 632 1836 675 quo

444 637 585 685 factus
602 654 708 699 erat,
731 651 923 705 permisit
939 656 1065 705 Deus,
1083 667 1291 721 tanquam
1306 668 1469 728 dicens,
1489 677 1663 725 Deserat
1681 698 1765 740 me,
1790 697 1834 733 et

442 709 636 757 inveniat
649 731 709 771 se,
725 728 767 762 et
787 721 938 767 misera
957 740 1032 770 sua
1048 731 1319 794 probetquia
1342 741 1449 786 nihil
1468 757 1609 803 potest
1629 752 1720 797 sine
1741 771 1825 801 me.

490 783 568 826 III.
586 786 676 828 Hoc
690 789 821 832 modo
835 806 939 850 ergo
951 799 1179 845 ostendere
1192 804 1330 852 voluit
1344 812 1456 856 Deus
1467 815 1633 863 homini
1643 824 1748 881 quid
1758 841 1829 871 va-

432 848 716 898 leatliberum
728 859 955 907 arbitrium
967 866 1058 911 sine
1066 872 1168 917 Deo.
1177 875 1215 918 Ο
1225 877 1386 924 malum
1395 881 1583 932 liberum
1595 891 1823 940 arbitrium

430 920 522 964 sine
536 924 625 967 Deo
643 925 650 967 3
673 928 851 988 Experti
868 948 1016 981 sumus
1035 942 1139 1000 quid
1158 946 1298 993 valeat
1322 951 1413 996 sine
1427 956 1532 1001 Deo.
1558 959 1663 1005 Ideo
1681 965 1822 1010 miseri

428 989 533 1034 iacti
556 1008 721 1051 sumus,
747 1001 847 1058 quia
863 1004 955 1048 sine
973 1010 1060 1053 Deo
1078 1014 1185 1072 quid
1206 1018 1345 1064 valeat
1363 1027 1524 1082 experti
1547 1043 1710 1076 sumus.
1734 1037 1820 1079 Ex·-

1084 1610 1094 1630 ,
1120 1588 1163 1622 et
1188 1578 1383 1630 facturus
1401 1598 1464 1633 est
1484 1606 1528 1635 se
1556 1595 1695 1641 malus
1717 1599 1799 1645 bo—

409 1629 549 1670 num?
570 1631 681 1674 Cum
716 1645 826 1680 esset
855 1638 1017 1698 bonus,
1040 1660 1129 1690 non
1143 1664 1190 1692 se
1211 1658 1396 1701 servavit
1418 1659 1611 1723 bonum3
1631 1676 1674 1710 et
1696 1685 1795 1715 cum

406 1696 460 1740 sit
483 1699 639 1755 malm,
659 1703 781 1759 dicit,
806 1711 937 1755 Facio
961 1729 1030 1758 me
1053 1716 1219 1765 bonum
1234 1725 1253 1766 P
1271 1727 1387 1778 Quid
1404 1728 1506 1776 facis
1531 1736 1694 1794 malus,
1720 1743 1795 1801 qui

404 1767 551 1824 peristi
575 1770 739 1830 bonus,
765 1778 845 1822 nisi
864 1782 1028 1828 reficiat
1047 1795 1089 1830 te
1107 1792 1183 1849 qui
1206 1797 1432 1851 permanet
1449 1801 1619 1848 bonus?

461 1840 538 1881 IV.
574 1858 594 1882 «
615 1844 711 1901 Ipse
743 1861 846 1906 ergo
881 1850 983 1896 iecit
1012 1871 1118 1909 nos,
1153 1871 1196 1901 et
1226 1876 1316 1905 non
1348 1865 1427 1923 ipsi
1454 1885 1547 1914 nos.
1589 1877 1675 1920 Nos
1710 1895 1790 1924 au—

402 1925 421 1948 »
459 1916 546 1952 tem
570 1916 758 1971 populus
777 1918 867 1975 ejus
884 1929 926 1963 et
945 1936 1043 1966 oves
1063 1940 1234 1983 pascuae
1251 1933 1384 1991 ejus¹.
1409 1955 1428 1978 »
1450 1941 1562 1986 Ecce
1581 1944 1685 1992 fecit
1709 1966 1787 1997 nos

397 1978 595 2024 homines
639 1985 854 2043 populum
903 2005 1029 2036 suum
1059 2030 1069 2049 ,
1126 1999 1202 2057 qui
1241 2017 1318 2047 nos
1362 2006 1479 2053 fecit.
1528 2015 1624 2060 Non
1670 2021 1785 2067 enim

397 2049 528 2092 creati
551 2050 748 2098 homines
770 2057 859 2115 jam
883 2062 1070 2120 populus
1099 2070 1192 2127 ejus
1215 2086 1399 2121 eramus.
1429 2080 1604 2140 Videte,
1631 2086 1783 2137 fratres

394 2119 506 2173 mei,
542 2130 584 2164 et
617 2122 672 2166 de
708 2126 839 2184 ipsius
872 2131 1027 2177 Psalmi
1063 2139 1206 2184 verbis
1234 2146 1466 2205 attendite,
1504 2155 1624 2201 unde
1660 2159 1781 2206 dixe-

391 2189 467 2244 rit,
497 2193 593 2249 Ipse
615 2192 717 2239 fecit
740 2213 834 2254 nos,
861 2211 904 2246 et
924 2219 1013 2247 non
1035 2207 1115 2266 ipsi
1133 2225 1224 2256 nos.
1252 2216 1364 2262 Hinc
1382 2218 1513 2279 dixit,
1542 2228 1662 2274 Fecit
1683 2246 1775 2289 nos,

392 2269 434 2303 et
465 2276 554 2305 non
585 2264 664 2322 ipsi
699 2283 803 2325 nos,
841 2282 890 2316 ut
918 2275 1051 2322 simus
1086 2298 1104 2320 «
1133 2285 1319 2342 populus
1346 2290 1435 2349 ejus
1470 2303 1513 2338 et
1542 2312 1642 2343 oves
1680 2317 1776 2361 pas-

384 2348 410 2369 .»
446 2346 540 2374 cuae
561 2335 666 2392 ejus.
704 2356 723 2378 »
753 2343 849 2398 Ipse
867 2343 969 2388 fecit
992 2362 1084 2392 nos.
1112 2353 1220 2397 Nam
1239 2365 1281 2400 et
1306 2361 1467 2418 Pagani
1502 2381 1740 2417 nascuntur
1756 2409 1768 2430 ,

384 2408 427 2443 et
444 2416 592 2447 omnes
610 2405 753 2465 impii,
775 2426 924 2459 omnes
941 2416 1169 2465 adversarii
1188 2427 1392 2473 Ecclesiae
1408 2434 1520 2492 ejus,
1549 2448 1597 2483 ut
1617 2456 1766 2488 nasce-

382 2480 557 2528 rentur,
583 2475 672 2534 ipse
698 2477 801 2526 fecit
825 2499 910 2531 eos.
946 2490 1041 2534 Non
1063 2492 1178 2539 enim
1200 2495 1307 2543 alius
1338 2503 1451 2549 Deus
1478 2510 1639 2555 creavit
1670 2527 1756 2559 eos.
1803 2553 1806 2556 .

434 2563 436 2574 ¹
464 2556 528 2586 P—‘zti
565 2571 647 2597 w'v,
672 2564 685 2591 3¹
