1924 3309
470 237 551 277 134
893 252 926 280 s.
962 247 1192 280 mausum
1224 252 1405 281 Emscom

464 325 634 361 cantur.
660 319 757 363 Non
774 326 942 372 autem,
967 318 1057 378 pati
1090 318 1391 363 adversitatem
1415 318 1579 372 carnis,
1604 316 1680 362 sed
1701 317 1803 364 duci
1823 333 1848 365 a

463 403 593 433 carne
613 422 624 442 ,
645 386 866 433 damnatio
888 398 965 432 est.
996 390 1048 432 Et
1066 389 1187 443 ideo,
1217 408 1236 431 α
1258 388 1387 442 Quod
1403 390 1437 433 si
1465 389 1618 448 spiritu
1635 423 1647 443 ,
1679 388 1844 450 inquit,

467 476 488 500 »
522 456 755 513 ducimini,
780 474 869 503 non
887 459 1031 503 adhuc
1054 459 1152 503 estis
1170 460 1251 503 sub
1270 463 1405 517 Lege,
1426 478 1446 501 »
1468 462 1577 505 Nam
1595 468 1638 504 et
1650 460 1847 519 superius

462 545 552 574 non
575 530 633 573 ait
659 548 668 574 :
697 549 717 571 «
753 529 915 589 Spiritu
948 529 1196 585 ambulate,
1231 539 1274 574 et
1302 530 1674 589 concupiscentias
1710 531 1848 576 carnis

465 618 486 642 »
522 616 610 645 non
639 601 899 657 habueritis,
936 600 1039 654 sed,
1083 616 1138 644 ne
1170 601 1435 659 perfeceritis
1450 604 1481 646 ¹.
1506 619 1526 642 »
1565 602 1737 660 Quippe
1759 617 1850 646 non

461 686 530 715 eas
563 671 743 715 omnino
770 672 952 726 habere,
976 687 1063 715 non
1099 673 1189 730 jam
1227 681 1469 725 certamen,
1495 671 1569 715 sed
1604 672 1849 716 certaminis

460 742 688 801 praemium
713 751 791 795 est,
809 741 842 785 si
857 741 1175 785 obtinuerimus
1190 742 1413 785 victoriam
1432 741 1748 800 perseverando
1765 743 1848 786 sub

462 812 612 868 gratia.
644 812 940 855 Commutatio
962 811 1077 854 enim
1095 811 1286 870 corporis
1308 811 1353 854 in
1376 812 1666 856 immortalem
1685 821 1848 857 statum

461 881 551 926 sola
569 882 706 925 carnis
724 882 1094 941 concupiscentias
1117 898 1205 926 non
1227 883 1422 926 habebit.

520 955 722 996 XLVIII.
751 952 916 997 Deinde
938 953 1090 1013 incipit
1112 969 1242 1012 opera
1263 953 1402 997 carnis
1421 968 1674 997 enumerare
1689 987 1700 1008 ,
1719 963 1768 997 ut
1782 954 1850 998 in-

462 1023 662 1082 telligant
691 1040 757 1079 se,
793 1025 826 1069 si
855 1024 912 1068 ad
946 1025 1215 1084 operandum
1256 1025 1336 1069 ista
1371 1024 1572 1068 desiderii
1606 1023 1850 1070 carnalibus

461 1095 758 1139 consenserint
776 1131 787 1150 ,
813 1105 919 1140 tunc
948 1097 1050 1140 duci
1087 1111 1238 1150 carne,
1264 1111 1353 1140 non
1377 1096 1545 1154 spiritu.
1578 1114 1597 1137 «
1622 1094 1846 1140 Manifesta

465 1182 486 1206 η
523 1175 667 1209 autem
692 1176 811 1221 sunt,
835 1167 1006 1226 inquit,
1039 1183 1169 1226 opera
1204 1166 1364 1221 carnis,
1397 1182 1496 1226 quae
1524 1176 1626 1210 sunt
1660 1165 1849 1210 fornica—

466 1253 486 1276 »
525 1235 681 1290 tiones,
722 1237 1076 1291 immundicitiae,
1112 1238 1331 1281 idolorum
1373 1238 1580 1291 servitus,
1614 1237 1846 1292 veneficia,

466 1323 486 1346 »
522 1305 781 1359 inimicitiae,
817 1308 1139 1362 contentiones,
1182 1308 1495 1362 animositates,
1528 1306 1847 1363 aemulationes,
1896 1303 1898 1308 ¹

467 1394 487 1416 »
523 1375 829 1430 dissensiones,
854 1378 1054 1432 haereses,
1079 1378 1277 1432 invidiae,
1299 1378 1551 1432 ebrietates,
1575 1378 1852 1422 comessatio·
1896 1426 1898 1429 .

468 1463 489 1486 »
525 1461 622 1499 nes,
649 1455 692 1489 et
713 1446 778 1490 his
800 1448 954 1491 similia
971 1483 982 1497 ,
1008 1464 1106 1508 quae
1129 1448 1319 1507 praedico
1341 1449 1463 1492 vobis
1483 1483 1493 1502 ,
1519 1448 1630 1492 sicut
1652 1447 1847 1506 praedixi,

469 1534 489 1558 »
526 1517 732 1576 quoniam
761 1517 836 1576 qui
874 1517 974 1561 talia
1009 1527 1170 1576 agunt,
1209 1533 1390 1576 regnum
1427 1518 1497 1561 Dei
1540 1534 1629 1562 non
1660 1518 1851 1576 posside·

470 1605 490 1629 »
526 1588 639 1631 bunt
654 1591 686 1631 2.
722 1606 741 1628 »
768 1591 917 1646 Agunt
945 1598 1092 1632 autem
1118 1590 1211 1632 haec
1243 1590 1319 1649 qui
1351 1590 1664 1647 cupiditatibus
1696 1605 1849 1633 carna·
1898 1598 1899 1601 ’

466 1658 581 1703 libus
620 1660 940 1703 consentientes
962 1659 1182 1712 facienda,
1209 1676 1298 1703 esse
1321 1661 1586 1715 decernunt,
1613 1660 1779 1704 etiamsi
1797 1660 1851 1706 ad
1897 1663 1901 1671 “

464 1728 737 1788 implendum
762 1728 941 1773 facultas
965 1745 1055 1773 non
1082 1730 1226 1774 datur.
1255 1733 1474 1775 Caeterum
1508 1732 1583 1790 qui
1612 1740 1851 1788 tanguntur

466 1799 715 1859 hujusmodi
730 1800 939 1852 motibus,
957 1810 1000 1844 et
1017 1800 1260 1844 immobiles
1276 1801 1320 1843 in
1338 1802 1499 1859 majore
1516 1801 1726 1844 charitate
1747 1817 1849 1845 con·
1905 1851 1907 1856 ¹

464 1870 640 1923 sistunt,
668 1885 755 1912 non
779 1869 918 1912 solum
954 1885 1041 1913 non
1077 1870 1136 1912 eis
1157 1870 1410 1913 exhibentes
1434 1870 1628 1914 membra
1657 1871 1848 1930 corporis
1902 1878 1907 1915 ζ

463 1940 518 1985 ad
539 1940 649 1984 male
671 1940 940 1999 operandum
959 1976 969 1994 ,
990 1940 1064 1984 sed
1087 1956 1230 2000 neque
1252 1952 1364 1985 nutu
1385 1942 1678 1986 consensionis
1698 1942 1754 1986 ad
1776 1958 1849 1986 ex·-
1898 1941 1907 1974 s

463 2010 704 2055 hibendum
724 2011 1066 2065 consentientes,
1085 2027 1173 2055 non
1195 2012 1288 2055 haec
1312 2021 1460 2068 agunt,
1480 2021 1522 2055 et
1543 2012 1641 2056 ideo
1665 2027 1848 2070 regnum

464 2081 540 2125 Dei
561 2080 862 2140 possidebunt.
889 2083 985 2124 Non
1010 2082 1122 2124 enim
1152 2082 1241 2141 jam
1266 2092 1416 2139 regnat
1436 2092 1661 2140 peccatum
1697 2083 1743 2126 in
1767 2098 1844 2128 eo-

462 2167 559 2196 rum
582 2150 751 2195 mortali
790 2166 991 2210 corpore,
1018 2151 1072 2194 ad
1105 2151 1400 2195 obediendum
1430 2152 1650 2197 desideriis
1682 2155 1774 2213 ejus
1787 2154 1842 2198 3':

460 2222 658 2281 quamvis
680 2222 846 2265 habitet
863 2222 906 2265 in
923 2237 1071 2265 eorum
1088 2221 1257 2265 mortali
1272 2238 1453 2281 corpore
1469 2232 1711 2281 peccatum,
1734 2240 1849 2268 non-

460 2292 565 2336 dum
589 2293 779 2336 extincto
802 2292 970 2351 impetu
999 2292 1324 2336 consuetudinis
1348 2293 1579 2347 naturalis,
1606 2309 1692 2353 qua
1724 2310 1848 2339 mor-⁷

458 2362 600 2405 taliter
622 2363 710 2405 nati
746 2377 894 2406 sumus
911 2397 922 2415 ‚
948 2371 990 2406 et
1009 2362 1195 2421 propriae
1225 2363 1325 2406 vitae
1349 2373 1506 2408 nostrae
1525 2399 1535 2418 ,
1578 2380 1678 2408 cum
1701 2374 1744 2409 et
1766 2381 1842 2411 nos
1878 2418 1881 2421 ¹

453 2432 533 2491 ipsi
552 2431 774 2491 peccando
797 2433 994 2476 auximus
1018 2432 1138 2492 quod
1172 2432 1227 2476 ab
1250 2433 1415 2491 origine
1458 2435 1622 2494 peccati
1662 2435 1841 2480 humani

452 2503 827 2563 damnationisque
850 2503 1139 2548 trahebamus.
1168 2502 1299 2547 Aliud
1320 2514 1404 2559 est,
1425 2506 1541 2550 enim
1558 2541 1569 2562 ,
1604 2521 1695 2551 non
1727 2522 1831 2566 pec·
1894 2527 1897 2549 i

501 2594 510 2610 ¹
532 2587 632 2620 Galat.
653 2598 687 2627 v,
710 2587 759 2620 16,
778 2603 819 2611 —-
835 2588 948 2621 ²1bid.
973 2586 1154 2631 19—21.{—
1176 2586 1189 2613 ³
1208 2591 1299 2623 Rom.
1322 2599 1368 2630 vi,
1387 2598 1438 2622 12.
