1924 3309
438 223 518 261 136
862 235 894 262 s.
932 233 1161 263 Aueus‘rmi
1196 235 1375 263 Eprscom

436 320 455 342 η
494 299 627 354 ribus,
652 298 887 359 plagiariis,
910 301 1207 356 mendacibus,
1231 302 1425 361 peijuris,
1446 310 1488 345 ct
1517 302 1550 344 si
1573 300 1680 360 quid
1702 300 1819 345 aliud
1874 303 1877 350 Ῐ

436 389 456 414 »
492 387 606 415 sanae
629 370 841 415 doctrinae
864 372 1116 416 adversatur
1137 392 1145 416 ε
1164 372 1427 416 subauditur
1442 407 1453 427 ‚
1473 372 1541 416 his
1567 375 1654 415 Lex
1685 373 1822 431 posita

435 460 455 483 »
491 443 593 486 est¹.
618 459 638 482 »
656 444 857 500 Regnant
870 457 974 501 ergo
997 441 1210 501 spiritales
1225 443 1293 487 isti
1311 442 1478 486 fructus
1492 443 1537 486 in
1551 443 1753 498 homine,
1777 444 1822 487 in
1877 453 1880 474 2

430 528 520 573 quo
534 520 712 571 peccata
730 527 819 556 non
835 521 1033 571 regnant.
1052 516 1256 571 Regnant
1271 522 1418 556 autem
1431 513 1512 557 ista
1528 513 1659 566 bona‚
1676 513 1711 557 si
1724 522 1823 557 tan·-
1878 522 1881 530 ⁴

430 592 523 629 tum
548 582 789 638 delectant,
820 592 870 627 ut
892 583 981 642 ipsa
1011 592 1157 627 teneat
1193 584 1388 627 animum
1425 583 1471 626 in
1507 583 1822 629 tentationibus

429 669 485 697 ne
506 653 552 698 in
581 654 746 713 peccati
768 653 1096 697 consensionem
1120 662 1231 697 ruat.
1256 654 1387 707 Quod
1410 653 1524 697 enim
1543 653 1727 713 amplius
1743 670 1823 699 nos
1880 663 1883 682 '-

429 723 640 779 delectat,
666 725 909 768 secundum
938 723 984 768 id
1023 740 1255 784 operemur
1289 740 1461 769 necesse
1496 734 1560 769 est
1594 744 1602 769 ε
1627 733 1678 769 ut
1700 725 1823 770 verbi

433 795 587 854 gratia,
609 796 796 840 occurrit
814 795 954 839 forma
976 796 1178 855 speciosae
1201 795 1411 850 foeminae,
1434 804 1478 839 et
1500 805 1644 840 movet
1665 794 1719 839 ad
1742 795 1821 840 de-

434 865 715 910 lectationem
730 864 1030 910 fornicationis
1052 865 1152 910 :sed
1169 865 1203 909 si
1221 864 1319 925 plus
1337 865 1521 910 delectat
1539 865 1822 925 pulchritudo

427 935 501 979 illa
524 935 676 980 intima
708 945 751 980 et
772 936 937 980 sincera
969 937 1128 996 species
1150 936 1354 980 castitatis
1372 971 1382 989 ,
1420 951 1496 995 per
1519 936 1700 995 gratiam
1723 952 1822 996 quae

428 1015 492 1049 cst
512 1006 558 1049 in
579 1006 666 1050 fide
688 1007 848 1051 Christi
866 1041 876 1061 ‚
902 1006 1144 1050 secundum
1167 1007 1280 1050 hanc
1298 1006 1500 1060 vivimus,
1522 1016 1565 1049 et
1580 1006 1821 1051 secundum

428 1077 542 1120 hanc
568 1091 828 1135 operamur3
869 1086 918 1120 ut
950 1092 1040 1121 non
1077 1086 1286 1135 regnante
1319 1077 1364 1119 in
1390 1077 1516 1120 nobis
1549 1086 1728 1136 peccato
1765 1078 1820 1121 ab

429 1144 729 1190 obediendum
753 1145 974 1190 desideriis
992 1147 1098 1205 ejus,
1120 1145 1195 1189 sed
1211 1146 1595 1205 regnantejustitia
1617 1162 1695 1206 per
1714 1147 1820 1192 cha-

429 1217 598 1260 ritatem
622 1232 721 1260 cum
746 1232 900 1274 magna
922 1216 1211 1261 delectatione
1228 1217 1438 1261 faciamus
1463 1216 1683 1278 quidquid
1704 1218 1750 1261 in
1771 1233 1822 1261 ea

427 1288 518 1330 ‘Deo
537 1286 707 1345 placere
729 1286 1045 1344 cognoscimus.
1072 1286 1203 1339 Quod
1226 1296 1370 1331 autem
1396 1286 1450 1330 de
1481 1287 1678 1331 castitate
1700 1296 1742 1331 et
1768 1286 1822 1332 dc

434 1355 716 1400 fornicatione
739 1356 826 1399 dixi
847 1391 858 1410 ,
882 1357 966 1400 hoc
993 1357 1047 1400 de
1070 1357 1235 1401 caeteris
1258 1356 1440 1415 intelligi
1463 1356 1599 1402 volui.

487 1431 537 1471 L.
564 1430 715 1487 Neque
738 1437 938 1482 moveat,
964 1428 1033 1471 vel
1066 1428 1187 1488 quod
1209 1444 1299 1472 non
1321 1429 1500 1473 omnino
1523 1428 1577 1473 ad
1617 1428 1818 1474 eumdem

430 1512 660 1541 numerum
684 1506 726 1540 et
749 1497 946 1540 ordinem
970 1513 1100 1556 opera
1123 1498 1261 1542 carnis
1295 1498 1339 1541 in
1375 1499 1456 1542 hac
1488 1499 1682 1558 Epistola
1712 1514 1821 1543 enu-

433 1569 612 1612 meravit
628 1603 639 1622 ,
666 1576 798 1627 atque
817 1568 861 1610 in
884 1567 958 1611 illa
982 1568 1038 1611 ad
1062 1568 1312 1612 Corinthios
1339 1588 1347 1612 ;
1372 1568 1441 1612 vel
1464 1571 1586 1628 quod
1614 1569 1821 1628 spiritalia

432 1640 547 1683 bona
569 1637 790 1697 pauciora,
807 1637 1009 1696 pluribus
1032 1638 1279 1683 carnalibus
1296 1639 1409 1683 vitiis
1428 1640 1656 1698 opposuit3
1677 1655 1821 1700 neque

431 1711 487 1752 ita
522 1724 546 1751 6
576 1708 793 1752 contrario
822 1716 871 1751 ut
901 1706 1261 1751 fornicationibus
1296 1709 1491 1764 castitas,
1532 1710 1821 1756 immunditiis

431 1777 646 1823 munditia
662 1813 672 1833 ‚
699 1787 829 1837 atque
846 1778 902 1821 ita
919 1778 1084 1821 caeteris
1102 1789 1257 1822 caetera
1277 1787 1571 1822 occurrerent.
1591 1781 1688 1823 Non
1705 1780 1820 1823 enim

429 1849 513 1892 hoc
535 1848 724 1906 suscepit
748 1857 796 1891 ut
817 1847 994 1890 doceret
1012 1847 1132 1906 quod
1155 1847 1261 1901 sint,
1283 1847 1358 1890 sed
1381 1847 1426 1890 in
1456 1863 1544 1907 quo
1568 1863 1725 1906 genere
1747 1848 1818 1893 illa

428 1935 532 1965 vero
553 1918 795 1977 expetenda
817 1918 924 1972 sint,
949 1932 1049 1961 cum
1074 1918 1211 1961 carnis
1235 1926 1277 1961 et
1313 1917 1487 1976 spiritus
1521 1919 1772 1963 nominibus
1796 1936 1819 1964 a

431 2005 561 2050 poena
579 1989 745 2048 peccati
764 1997 894 2048 atque
916 1996 1094 2047 peccato
1111 1986 1166 2032 ad
1188 1988 1367 2045 gratiam
1387 1989 1558 2032 Domini
1580 1999 1711 2048 atquc
1729 1991 1820 2050 jus-

433 2061 569 2105 titiam
600 2074 678 2104 nos
709 2059 902 2103 converti
925 2067 1124 2118 oportere
1154 2058 1410 2117 praediceret
1443 2078 1450 2102 :
1488 2074 1543 2103 ne
1577 2059 1818 2104 deserendo

431 2132 610 2191 gratiam
637 2129 919 2189 temporalem
939 2165 949 2184 ‚
985 2145 1071 2189 qua
1102 2145 1181 2188 pro
1217 2130 1342 2173 nobis
1375 2131 1586 2175 Dominus
1619 2142 1817 2176 mortuus

430 2212 517 2257 est,
544 2218 631 2246 non
656 2201 954 2261 perveniamus
978 2199 1032 2243 ad
1054 2209 1259 2243 aeternam
1293 2201 1484 2260 quietem
1502 2236 1512 2255 ,
1544 2201 1589 2245 in
1623 2218 1709 2262 qua
1737 2218 1816 2262 pro

431 2272 556 2316 uobis
576 2272 785 2316 Dominus
807 2270 933 2327 vivit3
959 2286 1100 2330 neque
1123 2270 1407 2328 intelligendo
1434 2287 1610 2330 poenam
1643 2282 1814 2333 tempo-

432 2342 564 2386 ralem
598 2343 641 2385 in
675 2357 761 2401 qua
799 2357 875 2385 nos
902 2342 1107 2385 Dominus
1138 2341 1399 2385 mortalitate
1436 2343 1574 2386 carnis
1612 2343 1814 2388 edomare

432 2414 633 2470 dignatus
666 2421 757 2466 est,
790 2413 834 2455 in
869 2427 1043 2471 poenam
1083 2413 1389 2471 sempiternam
1427 2412 1688 2469 incidamus,
1714 2431 1813 2474 quae

434 2482 716 2540 perseveranti
742 2481 967 2528 adversum
988 2483 1221 2527 Dominum
1236 2482 1449 2541 superbiae
1472 2493 1711 2542 praeparata
1730 2494 1808 2529 est.

481 2567 798 2605 ¹‘2'1'i211.1,52‚‹›·c
