1867 3320
276 280 413 305 senno
447 280 580 311 xmu,
619 281 670 306 DE
707 282 846 309 VERBIS
881 284 1019 321 istit,
1056 290 1130 313 wi.
1305 280 1385 319 5-29

27 361 46 383 «
82 341 162 385 Hic
181 350 244 384 est
269 342 402 385 Filius
432 357 552 386 meus
580 344 762 388 dilectus
779 380 789 398 ,
814 346 858 388 in
875 363 961 404 quo
992 350 1097 393 hene
1125 354 1389 412 complacui,

25 429 45 452 n
81 412 224 470 ipsum
248 411 439 456 audite1.
469 431 488 453 »
511 414 640 466 Quod
661 417 967 459 commendans
990 431 1244 466 memoratus
1263 428 1392 482 Apos-

23 482 136 527 tolus
158 483 203 526 in
219 481 412 541 Epistola
434 498 508 526 sua
532 484 638 527 dixit
665 504 674 528 :
704 504 721 525 «
750 489 871 530 Hanc
887 502 1032 531 vocem
1059 506 1132 534 nos
1156 493 1393 539 audivimus

25 570 45 593 »
80 551 136 595 de
165 551 279 596 coelo
309 551 523 607 delatam,
560 569 659 596 cum
698 569 884 599 essemus
920 572 1015 600 cum
1060 559 1132 603 illo
1170 563 1211 604 in
1250 574 1393 608 monte

25 640 46 664 »
79 631 229 667 sancto
245 626 277 665 ².
307 640 326 663 n
349 625 405 666 Et
422 638 523 666 cum
543 623 714 668 dixisset
737 644 745 668 ;
776 645 794 666 «
823 629 942 670 Hanc
963 643 1111 672 vocem
1133 646 1207 674 nos
1228 634 1394 677 audivi-

26 711 47 735 »
80 708 178 737 mus
195 692 250 737 de
271 692 384 737 coelo
407 692 595 737 delatam
621 714 628 738 :
670 714 688 735 »
716 696 937 755 subjunxit
954 709 1083 759 atque
1100 701 1184 744 ait:
1208 721 1227 742 «
1247 705 1302 746 Et
1319 705 1395 747 ha-

24 782 45 805 »
81 764 235 808 bemus
280 763 510 808 certiorem
544 766 845 824 propheticum
886 784 1141 813 sermonem.
1183 790 1201 812 υ
1245 775 1397 818 Sonuit

21 850 106 880 vox
127 834 201 879 illa
221 835 277 879 de
294 834 424 890 coelo,
446 845 489 879 et
510 837 664 880 certior
692 847 753 880 est
776 840 1051 897 propheticus
1073 857 1225 886 sermo.
1253 848 1398 888 Atten-

22 905 135 960 dite,
159 906 422 960 charissimi,
454 906 629 966 adjuvet
659 909 866 953 Dominus
895 919 935 953 et
963 911 1228 957 voluntatem
1259 930 1396 958 meam

22 985 66 1020 et
89 977 433 1036 expectationem
468 987 674 1033 vestram,
719 989 767 1022 ut
803 981 943 1024 dicam
977 982 1095 1040 quod
1127 983 1249 1038 volo,
1285 1000 1397 1044 quo-

22 1045 155 1091 modo
186 1045 303 1091 volo.
334 1047 439 1099 Quis
472 1048 588 1090 enim
614 1052 916 1093 nostrum'non
939 1051 1118 1094 miretur
1134 1052 1274 1097 delata
1296 1070 1400 1098 voce

22 1115 78 1160 de
100 1116 215 1161 coelo
238 1116 466 1160 certiorem
489 1117 792 1175 propheticum
825 1134 1065 1164 sermonem
1100 1122 1153 1165 ab
1191 1125 1397 1182 Apostolo

23 1187 189 1232 dictum
211 1189 333 1231 esse?
354 1188 593 1232 Certiorem
615 1203 716 1232 sane
746 1188 853 1232 dixit
883 1210 889 1234 :
916 1192 1164 1245 certiorem,
1193 1209 1277 1237 non
1304 1211 1395 1238 me-

22 1257 190 1312 liorem,
209 1273 299 1302 non
313 1257 542 1301 veriorem.
566 1260 665 1301 Tam
682 1259 796 1302 enirn
816 1275 939 1304 verus
958 1260 1028 1304 ille
1041 1277 1177 1306 sermo
1193 1263 1245 1306 (le
1268 1265 1396 1319 coelo,

23 1342 154 1388 quam
173 1343 314 1372 sermo
333 1327 634 1386 propheticus,
656 1337 742 1371 tam
762 1329 921 1383 bonus,
946 1339 1029 1374 tam
1049 1332 1177 1375 utilis.
1202 1334 1315 1385 Quid
1337 1346 1398 1378 est

23 1413 140 1456 ergo,
166 1397 423 1452 Certiorem,
450 1398 531 1441 nisi
558 1398 604 1440 in
635 1414 722 1457 quo
750 1400 882 1457 magis
906 1401 1184 1445 confirmetur
1202 1404 1400 1447 auditor?

21 1473 162 1523 Quare
186 1469 299 1514 hoc?
321 1469 539 1521 Quoniam
563 1479 663 1513 sunt
686 1471 880 1514 homines
905 1471 1118 1525 infideles,
1145 1474 1217 1532 qui
1241 1475 1298 1517 sic
1322 1475 1398 1517 de-

20 1541 202 1586 trahunt
234 1539 429 1594 Christo,
466 1549 518 1583 ut
551 1539 698 1584 dicant
724 1555 822 1584 eum
859 1543 1032 1599 magieis
1060 1544 1223 1587 artibus
1251 1545 1398 1588 secisse

20 1626 120 1671 quae
138 1609 255 1655 fecit.
282 1613 466 1654 Possent
486 1625 588 1669 ergo
604 1610 797 1654 infideles
820 1613 947 1654 etiam
971 1627 1118 1655 vocem
1141 1613 1325 1657 delatam
1346 1616 1399 1657 de

20 1679 135 1726 coelo
150 1715 161 1735 ,
184 1695 260 1739 per
282 1681 554 1739 conjecturas
568 1680 796 1733 humanas,
814 1690 855 1724 et
876 1680 1043 1724 illicitas
1061 1684 1322 1726 curiositates
1347 1684 1400 1727 ad

20 1750 209 1810 magicas
232 1759 343 1794 artes
373 1747 547 1793 referre.
588 1749 672 1793 Sed
699 1750 927 1807 Prophetae
959 1759 1056 1793 ante
1090 1751 1263 1795 suerunt
1282 1774 1292 1807 3
1313 1769 1399 1797 non

0 1844 2 1867 ι
22 1822 121 1866 dico
138 1829 239 1865 ante
258 1820 384 1865 istam
405 1835 574 1874 vocem,
597 1818 671 1862 sed
689 1827 787 1862 ante
804 1819 961 1862 Christi
989 1836 1174 1864 carnem.
1200 1822 1402 1866 Nondum

21 1901 114 1936 erat
146 1892 278 1936 homo
300 1890 520 1943 Christus,
549 1889 728 1948 quando
767 1890 880 1934 misit
915 1893 1161 1948 Prophetas.
1203 1894 1403 1952 Quisquis

21 1977 121 2007 eum
144 1961 249 2006 dicit
270 1975 445 2019 magum
468 1959 599 2004 fuisse
629 1979 637 2004 :
664 1960 697 2003 si
721 1974 824 2018 ergo
848 1961 1018 2018 magicis
1041 1961 1202 2004 artibus
1227 1960 1323 2005 feeit
1355 1973 1400 2005 ut

20 2032 238 2078 coleretur
260 2040 304 2075 et
326 2039 552 2084 mortuus,
591 2029 808 2090 numquid
844 2045 991 2088 magus
1025 2039 1138 2079 erat,
1171 2041 1398 2090 antequam

21 2104 299 2148 natus?Ecce
324 2116 460 2161 quare
473 2101 530 2144 ait
548 2100 766 2159 apostolus
780 2104 952 2144 Petrus:
974 2120 991 2140 «
1012 2101 1224 2143 Habemus
1245 2102 1399 2144 certio-

27 2191 46 2215 »
73 2188 161 2217 rem
186 2172 492 2232 propheticum
506 2185 764 2214 sermonem.
784 2189 802 2210 »
824 2173 911 2212 Vox
923 2169 977 2212 de
995 2170 1128 2221 melo,
1147 2187 1229 2228 qua
1255 2170 1399 2213 fidelos

49 2242 371 2299 dmoneantur3
399 2240 678 2300 propheticus
696 2255 862 2293 sermo,
888 2255 974 2298 quo
1011 2239 1199 2282 infideles
1222 2241 1400 2282 eomin-

50 2322 193 2364 antur‚
222 2311 534 2365 Intelleximus,
560 2319 772 2370 quantum
800 2309 901 2352 mihi
924 2309 1114 2359 videtur,
1139 2310 1369 2352 charissimi
1387 2344 1396 2360 ,

57 2398 158 2428 uare
173 2383 330 2427 dixerit
351 2381 570 2442 apostolus
590 2385 738 2425 Petrus
760 2399 768 2424 :
793 2399 810 2420 ι(
830 2379 1044 2422 Habemus
1066 2381 1285 2422 certiorem
1304 2395 1400 2437 pro-

39 2473 49 2497 ›
85 2454 308 2514 pheticum
330 2468 597 2507 sermonem,
629 2470 648 2493 »
677 2461 773 2510 post
796 2465 941 2495 vocem
979 2449 1032 2493 de
1061 2450 1171 2494 culo
1198 2450 1397 2493 delatam.

76 2557 83 2572 ¹
104 2550 226 2583 Matth.
247 2561 326 2590 xvn,
345 2550 376 2582 5.
400 2567 439 2572 —
460 2557 471 2572 ²
503 2560 513 2580 ι
537 2551 620 2580 l'etr.
643 2560 666 2586 ι,
695 2549 743 2579 ¹8.

219 2615 371 2644 cxxw.
1223 2599 1268 2637 πὶ
