1924 3309
407 247 462 287 94
846 255 880 286 s.
916 255 1147 286 Aucus‘nm
1178 259 1361 288 Emscom

403 323 608 369 credente
625 358 636 379 ,
667 322 906 368 habitando
935 323 980 367 in
1003 323 1221 372 ,interlore
1253 324 1433 384 homine
1454 340 1532 385 per
1560 325 1716 381 fidem,
1741 336 1791 371 ut

398 404 548 456 postea
576 409 655 454 per
689 394 877 455 speciem
899 394 1079 455 impleat
1113 411 1240 450 eum,
1264 411 1364 441 cum
1398 397 1653 457 absorptum
1691 396 1792 443 ferit

399 465 582 511 mortale
599 465 743 511 avita.
772 468 829 510 Ut
862 474 1008 510 autem
1041 466 1313 521 ostenderet,
1354 467 1474 527 quod
1502 468 1610 513 vivit
1640 468 1686 512 in
1713 467 1790 513 illo

399 537 597 583 Christus
613 572 624 592 ,
649 546 692 581 et
713 537 835 597 quod
856 537 900 580 in
923 552 1052 581 carne
1074 537 1223 581 vivens
1244 537 1290 581 in
1308 538 1394 581 fide
1415 538 1522 583 vivit
1551 538 1648 583 Filii
1682 539 1786 595 Dei,

399 623 489 654 non
509 607 652 652 meriti
674 608 739 652 sui
758 622 848 652 esse
863 642 873 662 ,
892 607 968 651 sed
990 607 1136 664 gratiae
1158 607 1291 666 ipsius
1313 626 1322 652 :
1348 627 1368 650 «
1395 609 1480 661 Qui
1497 623 1592 664 me,
1615 609 1760 670 inquit
1775 644 1786 666 ,

405 697 427 722 »
463 678 613 723 dilexit
634 688 678 723 et
708 677 887 723 tradidit
907 693 952 722 se
969 677 1111 737 ipsum
1134 693 1213 737 pro
1235 693 1320 722 me.
1342 696 1362 720 »
1390 682 1473 724 Pro
1494 694 1584 739 quo
1605 680 1759 740 utique
1774 715 1786 736 ‚

402 750 481 794 nisi
500 765 579 809 pro
599 758 831 809 peccatore
848 783 859 804 ,
879 757 930 792 ut
959 763 1059 792 eum
1077 748 1365 808 justificaret?
1395 757 1439 793 et
1476 747 1583 794 dicit
1606 750 1691 794 hoc
1712 751 1790 811 qui

397 823 419 864 J
427 820 524 864 udae
533 835 583 864 us
598 829 725 864 natus
747 828 791 864 et
811 818 1020 863 educatus
1042 827 1156 874 erat,
1176 828 1219 863 et
1241 819 1538 864 abundantius
1558 818 1790 866 aemulator

396 891 595 936 existerat
614 900 894 951 paternarum
917 906 1094 935 suarum
1121 891 1425 936 traditionum.
1452 894 1569 950 Ergo
1591 892 1626 936 si
1645 901 1690 936 et
1707 907 1788 952 pro

395 962 554 1007 talibus
575 978 619 1007 se
642 961 821 1007 tradidit
842 961 1041 1007 Christus
1062 997 1073 1017 ,
1098 961 1228 1006 etiam
1261 961 1343 1021 ipsi
1373 971 1621 1021 peccatores
1643 971 1783 1007 erant.

395 1036 493 1080 Non
513 1049 617 1093 ergo
641 1033 802 1077 meritis
827 1032 1007 1093 justitiae
1038 1048 1129 1077 suae
1162 1032 1315 1077 datum
1349 1032 1522 1088 dicant,
1547 1032 1668 1094 quod
1697 1049 1788 1079 non

395 1120 503 1165 opus
517 1113 608 1148 erat
616 1105 742 1164 justis
759 1102 867 1148 dari.
887 1123 906 1146 «
925 1106 1023 1149 Non
1039 1104 1154 1148 enim
1170 1104 1270 1148 veni
1284 1119 1440 1148 vocare
1448 1104 1603 1164 justos,
1623 1103 1683 1148 ait
1700 1107 1788 1149 Do·-

397 1193 417 1217 »
453 1176 597 1219 minus
619 1210 630 1230 ,
655 1174 731 1219 sed
747 1184 994 1234 peccatores
1013 1176 1026 1201 1
1045 1193 1053 1219 :
1078 1191 1097 1215 »
1125 1173 1180 1218 ad
1199 1175 1283 1218 hoc
1305 1175 1458 1234 utique
1473 1210 1484 1225 ,
1504 1191 1560 1219 ne
1583 1175 1668 1219 sint
1682 1190 1787 1234 pec-

393 1255 574 1291 catores.
604 1246 646 1290 Si
669 1261 772 1304 ergo
794 1246 991 1290 Christus
1014 1260 1083 1288 me
1108 1244 1284 1299 dilexit,
1310 1254 1354 1289 et
1376 1245 1554 1290 tradidit
1575 1261 1619 1290 se
1642 1246 1786 1305 ipsum

392 1333 472 1377 pro
494 1332 563 1361 me
590 1335 600 1361 2
631 1335 650 1358 «
675 1332 766 1361 non
788 1317 953 1360 irritam
972 1315 1084 1360 facio
1108 1316 1290 1374 gratiam
1309 1317 1414 1371 Dei,
1439 1334 1458 1358 n
1477 1325 1527 1360 ut
1548 1316 1690 1361 dicam
1709 1332 1787 1377 per

392 1391 553 1447 Legem
575 1402 663 1431 esse
689 1387 918 1447 justitiam.
946 1406 966 1429 α
990 1389 1099 1431 Nam
1124 1386 1158 1430 si
1175 1402 1252 1445 per
1270 1389 1429 1444 Legem
1458 1387 1650 1447 justitia,
1681 1403 1786 1447 ergo

396 1477 416 1501 »
451 1458 648 1504 Christus
667 1457 797 1516 gratis
817 1466 1017 1501 mortuus
1034 1460 1152 1500 est2:
1181 1474 1201 1498 »
1226 1455 1271 1500 id
1294 1466 1384 1512 est,
1410 1458 1501 1501 sine
1522 1474 1650 1502 causa
1667 1458 1786 1503 rnor-

392 1539 493 1574 tuus
532 1538 626 1584 est,
666 1527 846 1588 quando
869 1543 945 1586 per
966 1530 1152 1586 Legem,
1188 1526 1234 1570 id
1268 1537 1331 1572 est
1351 1562 1362 1582 ,
1387 1543 1465 1587 per
1499 1544 1629 1588 opera
1660 1529 1785 1588 Legis

391 1600 550 1661 quibus
567 1602 590 1643 J
596 1597 711 1642 udaei
734 1598 1037 1651 confidebant,
1063 1607 1208 1657 posset
1227 1613 1316 1642 esse
1332 1599 1499 1657 justitia
1517 1599 1562 1642 in
1588 1599 1782 1643 homini-

389 1671 485 1715 bus.
513 1670 654 1715 Gratis
678 1677 823 1713 autem
839 1677 1063 1712 mortuum
1078 1667 1300 1712 Christum
1323 1683 1403 1712 nec
1418 1667 1481 1712 illi
1503 1668 1657 1714 dicunt
1671 1686 1781 1730 quos

391 1741 574 1796 refellit,
615 1739 825 1799 quoniam
861 1738 1111 1782 Chrstianos
1139 1753 1182 1782 se
1219 1737 1425 1783 volebant
1463 1738 1654 1784 haberi³.
1683 1743 1782 1787 Non

389 1828 493 1872 ergo
515 1819 631 1855 recte
651 1825 729 1870 per
748 1808 822 1853 illa
840 1808 962 1866 Legis
989 1823 1119 1868 opera
1141 1807 1411 1854 Christianos
1428 1809 1656 1869 justificari
1676 1826 1780 1856 sua-

390 1883 570 1928 debant.

448 1955 614 1998 XVIII.
637 1951 809 2006 Quibus
845 1959 961 1994 recte
988 1949 1094 1995 dicit
1126 1969 1134 1994 :
1164 1969 1184 1992 «
1232 1950 1271 1994 Ο
1301 1950 1423 1995 stulti
1458 1950 1649 2007 Galatae,
1682 1953 1780 2013 quis

388 2044 409 2066 »
448 2040 526 2070 vos
563 2022 822 2068 fascinavit?
858 2021 988 2074 Quod
1010 2036 1100 2064 non
1141 2029 1258 2064 recte
1295 2021 1513 2066 diceretur
1535 2023 1590 2066 de
1614 2023 1679 2067 his
1701 2025 1778 2084 qui

387 2109 618 2155 nunquam
640 2091 949 2153 profecissent,
974 2089 1050 2134 sed
1080 2090 1134 2134 de
1158 2091 1223 2135 his
1245 2092 1321 2151 qui
1344 2108 1395 2136 ex
1424 2092 1625 2152 profectu
1655 2094 1779 2138 deie-

388 2168 559 2211 cissent.
583 2183 603 2206 «
629 2167 744 2208 Ante
761 2176 951 2222 quorum
974 2161 1123 2205 oculos
1145 2162 1343 2206 Christus
1366 2165 1490 2208 Jesus
1511 2165 1776 2224 proscriptus

390 2255 410 2278 »
446 2245 538 2292 est,
560 2235 793 2279 crucifixus
814 2252 823 2278 ς
853 2250 873 2274 >›
899 2233 983 2277 hoc
1006 2241 1069 2276 est
1084 2267 1095 2286 ,
1121 2233 1282 2292 quibus
1303 2233 1554 2280 videntibus
1577 2235 1775 2281 Christus

388 2309 512 2351 ,Iesus
533 2305 836 2350 haereditatem
861 2319 982 2348 suam
1010 2304 1410 2364 possessionemque
1441 2321 1562 2350 suam
1594 2307 1736 2351 amisit
1762 2325 1771 2351 :

385 2377 451 2421 his
470 2377 621 2437 utique
639 2373 940 2419 auferentibus
955 2389 1068 2429 eam,
1086 2374 1409 2435 Dominumque
1432 2375 1535 2420 inde
1552 2375 1774 2436 expellen-

387 2449 504 2492 tibus
519 2481 530 2503 ,
551 2447 627 2507 qui
646 2461 697 2490 ex
711 2446 846 2504 gratia
868 2444 968 2489 fidei
985 2459 1062 2504 per
1083 2460 1215 2504 quam
1235 2445 1432 2490 Christus
1449 2446 1640 2506 possidet
1656 2449 1775 2491 Gen-

385 2529 464 2576 tes,
490 2519 546 2564 ad
567 2518 695 2578 Legis
713 2533 843 2578 opera
857 2532 928 2562 eos
949 2515 1025 2577 qui
1046 2515 1321 2561 crediderant
1343 2517 1621 2574 revocabant,
1647 2516 1772 2563 aufe-

433 2611 441 2627 ¹
461 2605 580 2638 Matth.
603 2614 650 2645 ix,
674 2602 726 2636 13.
745 2618 785 2626 —
807 2608 820 2625 ²
840 2601 944 2636 Galat.
963 2611 999 2644 n,
1018 2609 1072 2634 21.
1090 2616 1132 2623 —
1150 2599 1196 2634 Id.
1218 2612 1264 2643 m,
1286 2611 1313 2634 1.
