1924 3309
477 248 560 288 186
904 261 938 289 s.
973 242 1201 290 mensatim
1231 260 1414 290 Emscom

476 344 496 368 «
531 326 645 370 Ecce
661 333 806 385 pater,
829 326 1045 372 manduca
1066 345 1076 371 ε
1097 326 1209 371 sicut
1224 327 1386 387 jussisti
1407 326 1547 381 mihi,
1571 325 1672 370 feci.
1700 341 1722 368 »
1749 326 1861 372 Dicit

473 395 575 440 ille:
602 413 625 438 (ι.
644 396 750 449 Quis
779 411 822 441 es
855 398 938 442 tu?
962 415 982 440 »
1009 397 1286 457 Respondit,
1315 415 1336 439 «
1359 400 1455 456 Ego
1489 411 1585 441 sum
1613 395 1730 442 filius.
1758 405 1860 442 tuus
1895 402 1898 406 “

473 484 495 509 »
529 468 666 528 major
683 468 813 512 Esaii.
838 471 894 512 Et
916 469 1011 529 quis
1033 477 1119 523 est,
1150 469 1296 529 inquit
1312 503 1323 524 ‚
1349 468 1423 513 ille
1442 503 1454 522 ‚
1481 484 1504 512 a
1527 483 1617 528 quo
1632 469 1725 528 jam
1741 483 1862 515 man—

473 556 496 580 »
529 538 712 597 ducavi3
734 549 778 584 et
796 540 999 584 benedixi
1018 555 1118 584 eum
1135 575 1147 596 ‚
1174 550 1218 585 et
1239 540 1497 584 benedictus
1519 540 1601 584 erit
1620 541 1667 582 ¹?
1687 557 1707 582 »
1731 540 1863 585 Irasci

470 609 701 655 videbatur
720 631 731 669 3
757 612 1014 671 expectabat
1036 611 1091 655 ab
1113 626 1188 656 ore
1208 611 1340 671 ipsius
1371 612 1487 656 Esaii
1510 610 1863 656 maledictionem

470 680 661 742 aliquam
692 683 738 727 in
765 682 943 727 fratrem
971 701 981 726 ι
1016 697 1118 726 cum
1149 691 1348 742 expectat
1376 681 1451 726 ille
1482 681 1860 739 maledictionem,

470 754 701 798 confirmat
722 754 798 798 iste
819 753 1186 800 benedictionem.
1212 755 1250 798 Ο
1270 754 1422 808 irasci,
1457 768 1483 798 o
1505 752 1724 812 indignari
1743 753 1751 797 1
1781 754 1864 798 Sed

470 833 651 868 noverat
672 824 947 881 mysterium,
967 833 1011 869 et
1031 824 1172 884 caligo
1189 824 1418 869 oculorum
1440 824 1533 884 ejus
1555 837 1862 882 corporeorum

469 894 745 953 significabat
782 895 1012 954 caliginem
1050 896 1207 940 mentis
1243 895 1503 940 Judaeorum
1534 913 1543 940 ε
1571 894 1687 939 oculi
1719 903 1864 940 autem

469 965 611 1010 cordis
629 967 720 1025 ejus
741 965 953 1011 videbant
974 966 1252 1012 altitudinem
1273 966 1596 1024 mysteriorum.

528 1037 674 1080 XXII.
706 1055 726 1078 «
750 1037 907 1092 Venit,
942 1037 1086 1097 inquit
1101 1073 1111 1092 ‚
1138 1036 1272 1081 frater
1293 1045 1395 1080 tuus
1413 1051 1515 1081 cum
1537 1035 1641 1080 dolo
1657 1070 1669 1091 ‚
1694 1044 1738 1080 et
1772 1035 1867 1080 abs-

472 1124 492 1147 »
528 1105 629 1150 tulit
658 1106 1006 1152 benedictionem
1025 1111 1058 1151 ².
1088 1126 1108 1150 »
1145 1108 1406 1152 Dicebamus
1441 1126 1450 1151 ε
1481 1106 1626 1151 videte
1659 1105 1767 1166 quid
1803 1115 1866 1151 est
1921 1133 1924 1139 ·

473 1195 494 1218 «
528 1192 630 1221 cum
648 1177 750 1222 dolo
769 1197 778 1222 ε
808 1196 829 1220 »
853 1178 980 1223 dolus
1001 1179 1094 1233 hie,
1121 1194 1211 1223 non
1232 1188 1295 1223 est
1317 1178 1459 1223 dolus.
1478 1176 1712 1230 Quomodo
1735 1175 1864 1221 dolus
1898 1177 1902 1209 t
1922 1200 1924 1207 =

471 1261 561 1289 non
583 1255 647 1289 est
664 1247 790 1291 dolus
808 1250 826 1292 Ρ
847 1247 1078 1301 Quomodo
1100 1258 1222 1308 petra
1257 1264 1347 1292 non
1371 1257 1435 1292 est
1456 1249 1611 1306 petra?
1635 1245 1866 1300 Quomodo
1897 1210 1902 1319 l

472 1314 635 1359 dicitur
655 1331 793 1372 mare,
824 1326 866 1361 et
889 1333 978 1362 non
1005 1327 1068 1362 est
1099 1320 1252 1362 mare?
1273 1319 1374 1379 quia
1392 1318 1512 1362 aliud
1534 1317 1749 1376 significat
1775 1335 1784 1361 :
1809 1317 1867 1360 sic
1923 1338 1924 1341 ¹

470 1385 634 1430 dicitur
657 1396 802 1446 petra,
828 1397 871 1432 et
889 1403 977 1432 non
1001 1397 1064 1431 est
1094 1397 1245 1447 petra3
1269 1389 1371 1448 quia
1393 1387 1512 1432 aliud
1534 1387 1765 1446 significat.
1791 1386 1865 1431 Di-
1898 1389 1924 1460 Ξῖ

470 1458 585 1501 citur
610 1473 733 1502 mons
751 1493 762 1513 ‚
788 1468 831 1503 et
863 1475 953 1503 non
975 1468 1038 1503 est
1069 1474 1194 1503 mons
1215 1479 1224 1504 :
1249 1460 1409 1504 dicitur
1430 1459 1500 1504 leo
1522 1459 1577 1503 de
1601 1458 1720 1503 tribu
1747 1458 1862 1502 Juda
1898 1462 1903 1513 l

472 1529 682 1573 Dominus
705 1531 830 1574 Jesus
860 1530 1058 1575 Christus
1076 1565 1086 1584 ‚
1123 1539 1167 1574 et
1194 1546 1284 1574 non
1307 1539 1371 1574 est
1394 1533 1461 1574 leo
1482 1549 1492 1574 ι
1517 1529 1678 1574 dicitur
1699 1543 1835 1585 agnus
1850 1562 1862 1582 ,
1899 1521 1906 1557 ⁴>

470 1608 514 1642 et
536 1615 626 1643 non
648 1610 712 1644 est
731 1616 867 1659 agnus
889 1619 898 1645 z
923 1600 1085 1645 dicitur
1106 1616 1261 1660 pecus,
1288 1610 1331 1645 et
1355 1614 1447 1644 non
1470 1606 1534 1642 est
1555 1612 1687 1657 pecus
1713 1616 1723 1642 ε
1755 1597 1864 1642 dici·
1899 1613 1924 1662 Ξ,

469 1678 543 1714 tur
564 1670 727 1713 vitulus
742 1704 753 1723 ,
774 1680 817 1713 et
838 1671 957 1713 aliud
977 1680 1057 1713 est.
1088 1674 1154 1715 Sic
1177 1670 1339 1714 dicitur
1356 1669 1499 1723 dolus,
1526 1677 1569 1713 et
1587 1684 1678 1713 non
1700 1677 1765 1713 est
1786 1667 1864 1713 do-
1899 1670 1924 1744 ᾖε

470 1740 552 1783 lus.
580 1741 724 1792 Quare
760 1753 862 1796 ergo
887 1738 1046 1782 dicitur
1068 1738 1194 1783 dolus
1210 1775 1220 1794 ‚
1262 1754 1524 1799 quaeramus.
1567 1741 1712 1792 Quare
1748 1737 1863 1783 dicta
1899 1747 1924 1818 ἰ

471 1818 573 1854 sunt
593 1809 669 1853 illa
693 1810 838 1853 omnia
856 1844 866 1864 ‚
899 1824 1160 1869 quaeramus.
1187 1814 1327 1863 Quare
1349 1809 1490 1854 dictus
1515 1818 1577 1853 est
1599 1808 1701 1854 leo?
1722 1813 1861 1869 Prop-

473 1890 537 1925 ter
557 1879 877 1924 fortitudinem.
904 1883 1048 1933 Quare
1068 1880 1209 1924 dictus
1230 1890 1293 1924 est
1313 1883 1466 1940 petra?
1489 1884 1671 1940 Propter
1687 1881 1862 1924 firmita·
1899 1819 1904 1934 l

471 1961 575 1996 tem.
603 1954 747 2004 Quare
768 1950 910 1995 dictus
927 1960 990 1994 est
1007 1966 1144 2009 agnus
1159 1953 1177 1994 Ρ
1195 1954 1376 2010 Propter
1398 1951 1709 1996 innocentiam.
1722 1955 1861 2004 Quare
1899 1940 1924 2036 Ι·

471 2023 612 2067 dictus
646 2031 710 2065 est
737 2021 932 2066 vitulus?
971 2024 1153 2079 Propter
1183 2021 1419 2066 victimam.
1454 2025 1598 2075 Quare
1625 2022 1767 2066 dietus
1797 2030 1860 2066 est
1899 2038 1924 2064 ι·

471 2095 626 2138 mons?
663 2097 844 2152 Propter
874 2093 1239 2152 magnitudinem.
1280 2098 1420 2147 Quare
1450 2095 1643 2138 manna?
1681 2096 1861 2152 Propter

470 2163 764 2208 dulcedinem.
777 2167 916 2216 Quare
942 2178 1046 2221 ergo
1069 2162 1229 2207 dolus?
1246 2166 1342 2208 Jam
1360 2162 1469 2223 quid
1489 2163 1543 2207 sit
1564 2162 1691 2207 dolus
1712 2163 1861 2208 videa·-

471 2251 582 2291 mus,
603 2244 646 2280 et
664 2235 936 2279 inveniamus
959 2250 1094 2294 quare
1115 2234 1256 2278 dictus
1279 2233 1333 2278 sit
1355 2233 1497 2278 dolus.
1520 2234 1727 2279 Novimus
1744 2234 1858 2277 enim
1901 2283 1902 2286 Ἴ

471 2305 581 2365 quid
618 2307 672 2349 sit
693 2314 844 2364 petra:
870 2315 914 2350 et
939 2314 1083 2349 tamen
1114 2305 1273 2349 dicitur
1301 2306 1355 2349 de
1386 2305 1565 2349 homine
1594 2304 1784 2349 absurdo
1817 2312 1859 2348 et
1899 2288 1903 2352 l

470 2375 583 2419 duro
604 2385 726 2435 petra
742 2410 752 2430 ‚
777 2385 821 2420 et
841 2375 897 2421 de
914 2376 1091 2420 homine
1109 2375 1289 2420 robusto
1306 2385 1350 2420 et
1370 2375 1582 2420 immobili
1598 2374 1758 2420 dicitur
1779 2389 1858 2434 pe·
1899 2367 1903 2421 l

1900 2440 1903 2465 Ι

468 2455 563 2503 tra3
588 2456 631 2490 et
652 2445 707 2491 ad
726 2445 905 2491 laudem
931 2445 1033 2491 inde
1062 2445 1220 2490 duxisti
1242 2446 1516 2501 firmitatem,
1540 2456 1584 2490 et
1606 2444 1662 2489 ad
1684 2446 1858 2504 vitupe-
1899 2472 1902 2516 ἱ

468 2519 681 2563 rationem
702 2517 924 2562 duritiam.
949 2518 1158 2563 Novimus
1174 2518 1220 2562 in
1241 2526 1362 2577 petra
1387 2517 1658 2570 firmitatem,
1681 2525 1723 2561 et
1739 2529 1858 2562 acce-
1901 2520 1903 2562 Ξ

517 2609 525 2625 ¹
542 2605 619 2635 Gen.
640 2613 736 2642 xxvu,
756 2614 808 2645 19,
825 2607 889 2636 etc.
915 2619 955 2626 —
974 2602 1084 2636 21bid.
1105 2601 1156 2634 35.

1900 2626 1902 2654 l

1899 2719 1902 2742 ι

1899 2802 1902 2864 t

1897 2872 1902 2957 ἑ
