1867 3320
283 276 605 307 PROPOStTIONES
638 279 694 305 Ex
726 276 924 306 EPtsTOLA
957 279 1011 306 An
1045 279 1256 309 nonnos.
1401 272 1455 310 33

79 363 98 386 ι)
134 347 259 389 Patre
281 359 403 400 meo,
434 354 536 389 nota
560 345 644 389 feci
666 344 790 389 vobis
807 347 836 388 ¹.
854 363 872 386 »
894 345 1101 398 Quandiu
1119 346 1271 405 utique
1289 362 1361 390 vas
1383 348 1457 391 fic-

78 414 150 459 tile
184 430 253 473 es,
279 414 592 459 conterendum
615 424 679 459 est
711 414 793 459 hoc
815 415 954 473 ipsum
978 415 1023 458 in
1048 424 1090 460 te
1113 416 1229 474 prius
1246 416 1363 473 virga
1384 417 1458 461 illa

76 485 211 531 ferrea
228 521 238 541 ,
261 485 315 530 de
330 502 415 546 qua
434 485 601 530 dictum
622 495 686 530 est
705 505 713 530 2
739 505 759 528 «
784 490 923 545 Reges
940 502 1011 531 eos
1028 487 1074 530 in
1095 487 1215 546 virga
1238 486 1392 542 ferrea,
1417 497 1459 532 et

80 576 99 599 »
133 566 342 617 tanquam
365 573 438 602 vas
461 557 586 616 figuli
612 566 808 602 conteres
831 561 933 602 eos²
956 577 964 602 ι
994 577 1012 599 >ι
1038 567 1086 602 ut
1109 567 1315 617 corrupto
1340 566 1460 602 exte-

75 628 185 673 riore
224 628 422 683 homine,
455 637 499 673 et
532 629 735 673 interiore
762 639 995 685 renovato,
1020 630 1155 689 possis
1185 630 1232 673 in
1252 630 1460 674 charitate

75 698 287 743 radicatus
309 708 352 743 et
373 699 582 744 fundatus
604 699 972 759 comprehendere
993 699 1267 744 latitudinem
1281 735 1292 755 ,
1316 700 1459 759 longi-

74 769 286 824 tudinem,
301 768 595 825 altitudinem,
613 779 656 814 et
675 770 963 829 profundum,
978 786 1237 831 cognoscere
1251 771 1381 815 etiam
1394 786 1461 815 su-

74 840 415 900 pereminentem
431 840 655 885 scientiam
669 841 889 885 charitatis
905 843 982 885 Dei
997 843 1028 885 ³.
1052 844 1179 888 Nunc
1198 842 1344 902 itaque
1360 856 1460 886 cum

73 925 122 954 ex
144 911 294 955 eadem
316 912 618 971 conspersione
651 914 766 956 Deus
788 911 871 956 alia
897 927 996 956 vasa
1017 912 1064 956 in
1093 913 1305 957 honorem
1325 913 1429 957 facit
1446 947 1457 967 ,

73 980 153 1026 alia
190 982 235 1025 in
256 981 589 1037 contumeliam,
631 998 722 1027 non
755 992 819 1027 est
839 991 967 1027 tuum
990 982 1204 1028 discutere
1220 1019 1231 1039 ,
1263 983 1460 1043 quisquis

71 1050 311 1096 secundum
338 1053 452 1096 hanc
481 1053 834 1111 conspersionem
865 1054 1010 1098 adhuc
1032 1054 1163 1110 vivis,
1188 1053 1233 1098 id
1255 1063 1346 1109 est,
1372 1063 1460 1098 ter-

71 1136 175 1166 reno
191 1137 321 1166 sensu
339 1131 383 1166 et
403 1121 635 1166 carnaliter
651 1123 776 1182 sapis.

129 1195 290 1236 LXIII.
317 1191 444 1246 Quod
477 1202 623 1237 autem
648 1194 708 1237 ait
730 1212 738 1238 ;
772 1212 791 1234 «
817 1193 977 1237 Attulit
1000 1194 1045 1237 in
1077 1194 1214 1239 multa
1251 1195 1459 1255 patientia

71 1280 92 1304 »
126 1277 224 1306 vasa
245 1263 346 1318 irae,
372 1278 471 1322 quae
491 1262 684 1322 perlecta
722 1272 825 1307 sunt
854 1264 900 1306 in
922 1264 1242 1322 perditionem4
1268 1285 1276 1309 ;
1309 1283 1328 1306 »
1354 1265 1456 1309 hinc

67 1333 166 1377 satis
190 1333 448 1392 significavit
479 1332 815 1378 obdurationem
844 1333 985 1378 cordis
1003 1369 1013 1388 ,
1040 1351 1138 1394 quae
1164 1335 1208 1379 in
1232 1335 1456 1380 Pharaone

67 1401 180 1448 tacta
197 1411 276 1458 est,
300 1417 350 1446 ex
367 1402 530 1446 meritis
551 1402 717 1447 venisse
740 1402 922 1447 occultae
944 1405 1174 1462 superioris
1193 1405 1451 1465 impietatis:

67 1489 198 1534 quam
220 1483 368 1518 tamen
388 1473 602 1532 patienter
619 1474 824 1518 sustinuit
837 1476 968 1529 Deus,
985 1474 1124 1520 donec
1147 1476 1201 1520 ad
1222 1475 1334 1521 illud
1352 1486 1455 1521 tem-

67 1559 147 1604 pus
179 1543 515 1603 perduceretur,
553 1559 642 1603 quo
665 1553 912 1603 opportune
934 1544 978 1588 in
1001 1560 1100 1589 eum
1124 1546 1315 1591 vindicta
1348 1562 1452 1606 pro-

66 1614 261 1669 cederet,
286 1614 341 1658 ad
364 1614 678 1659 correctionem
706 1629 858 1659 eorum
876 1630 985 1674 quos
1008 1615 1062 1659 ab
1086 1631 1228 1660 errore
1247 1616 1451 1661 institue-

67 1693 132 1729 rat
151 1685 356 1739 liberare,
382 1693 426 1728 ct
447 1684 502 1728 ad
532 1683 700 1728 cultum
724 1699 851 1728 suum
874 1685 1035 1743 pietate
1062 1685 1260 1730 vocando
1290 1688 1453 1746 perdu-

66 1770 185 1810 cere,
214 1754 414 1814 precibus
434 1769 587 1798 eorum
608 1762 651 1797 et
670 1754 902 1812 gemitibus
920 1768 1047 1813 opem
1070 1754 1285 1814 przebcns.

126 1826 280 1869 LXIV.
312 1824 441 1878 Quod
475 1833 620 1868 autern
654 1823 713 1867 ait
738 1843 746 1867 :
775 1826 935 1877 «Quos
964 1833 1005 1868 et
1033 1827 1201 1870 vocavit
1225 1842 1328 1881 nos,
1363 1843 1451 1872 non

73 1914 89 1936 ι)
124 1894 262 1940 solum
301 1911 353 1938 ex
390 1894 574 1948 Judaeis,
598 1894 673 1938 sed
695 1894 823 1938 etiam
847 1909 895 1937 ex
929 1895 1155 1940 Gentibus.
1196 1896 1314 1941 Sicut
1342 1907 1383 1941 et
1409 1898 1451 1942 in

69 1984 88 2008 »
122 1967 230 2011 Osee
247 1966 368 2020 dicit,
387 1966 564 2010 Vocabo
579 1980 667 2009 non
681 1964 852 2024 plebem
868 1980 1024 2019 meam,
1041 1965 1214 2024 plebem
1231 1983 1371 2012 meam
1387 1971 1417 2024 ⁵,
1429 1988 1447 2009 »

65 2046 107 2082 et
130 2047 300 2083 caetera.
328 2037 477 2081 Totius
499 2038 629 2096 hujus
654 2036 958 2095 disputationis
990 2039 1259 2096 propositum
1288 2039 1342 2083 ad
1367 2041 1449 2085 hoe

66 2108 280 2168 perducit,
299 2117 348 2151 ut
364 2107 569 2167 quoniam
587 2107 737 2151 docuit
759 2106 1063 2151 misericordiae
1088 2109 1162 2151 Dei
1187 2124 1274 2153 esse
1293 2145 1302 2163 ,
1329 2110 1449 2169 quod

66 2178 177 2223 bene
200 2194 446 2238 operamur,
470 2194 558 2222 non
581 2186 786 2238 tanquam
813 2194 864 2221 ex
881 2178 1085 2236 operibus
1103 2178 1245 2223 Judaei
1268 2180 1450 2236 glorien-

68 2258 153 2307 tur,
173 2251 248 2311 qui
270 2265 370 2294 cum
394 2249 678 2309 Evangelium
712 2250 1020 2308 percepissent,
1049 2259 1256 2310 tanquam
1288 2253 1449 2297 meritis

67 2322 152 2366 suis
169 2321 215 2366 id
238 2320 520 2366 tribuendum
542 2321 850 2375 existimantes,
871 2320 1081 2365 nolebant
1102 2322 1314 2367 Gentibus
1332 2323 1446 2369 dari:

68 2408 91 2437 a
115 2409 200 2453 qua
227 2391 429 2452 superbia
445 2393 535 2451 jam
561 2390 725 2436 debent
748 2392 977 2444 desistere,
1007 2392 1308 2449 intelligentes,
1335 2412 1448 2455 quo-

70 2463 183 2508 niam
205 2463 238 2507 si
262 2479 350 2507 non
386 2478 435 2506 ex
459 2462 663 2521 operibus
680 2497 690 2516 ,
726 2462 800 2506 sed
835 2462 1123 2506 misericordia
1149 2464 1221 2507 Dei
1245 2480 1450 2510 vocamur

130 2566 137 2581 ¹
161 2570 172 2591 1
193 2561 286 2593 loun.
308 2570 361 2599 xv,
383 2558 493 2591 15.--
511 2565 521 2580 ²
544 2558 624 2589 l'sul.
644 2568 681 2599 ιι,
699 2569 785 2600 9,-
810 2556 822 2580 3
846 2558 958 2599 tiphos.
983 2569 1026 2600 ιιι,
1050 2558 1099 2592 ιϋ.
1122 2576 1160 2582 -
1180 2559 1193 2590 l«
1216 2563 1303 2593 Ιὶυιιι
1332 2573 1375 2597 ιι,
1397 2573 1413 2593 2
1430 2574 1450 2594 ι.

73 2614 86 2636 Ᾰ
109 2614 188 2648 lbid.
210 2615 267 2658 24,
286 2614 341 2653 25,
359 2619 391 2647 (τί
409 2617 509 2648 Oscte.
527 2624 563 2656 ιι,
580 2613 634 2655 24.

283 2678 435 2708 cxxiv.
1297 2674 1319 2706 :3
