1867 3320
318 284 525 313 Ems‘roLAE
557 283 613 313 An
643 283 830 314 GALATAs
862 287 1095 316 Exzosnio.
1349 283 1400 320 83

24 350 241 396 invenitur
271 350 314 394 in
337 351 538 406 homine,
565 365 653 394 non
675 359 738 395 est
759 350 813 394 ab
837 351 1012 395 homine
1031 387 1040 405 ‚
1068 352 1143 396 sed
1172 368 1194 396 a
1218 358 1306 399 Deo
1329 373 1404 415 per

23 420 258 466 hominem.
302 419 407 466 Ideo
423 422 514 481 jam
541 420 663 481 quod
698 420 939 465 secundum
961 422 1184 466 hominem
1208 433 1270 468 est
1288 460 1298 479 ,
1326 441 1405 470 nec

24 490 305 550 Evangelium
333 491 571 536 dicendum
598 501 692 537 est:
716 491 846 553 quale
873 491 934 537 illi
967 493 1230 549 afferebant,
1256 495 1333 554 qui
1365 497 1409 539 in

25 562 276 608 servitutem
295 577 347 606 ex
364 561 565 606 libertate
583 563 860 608 attrahebant
880 578 966 620 e05,
986 580 1095 624 quos
1118 567 1231 609 Deus
1249 580 1301 609 ex
1322 580 1407 610 ser-

23 634 159 679 vitute
175 633 221 678 in
241 633 487 678 libertatem
507 633 707 679 vocabat.

79 705 178 748 VII.
210 722 230 745 «
256 703 447 748 Audistis
469 704 586 749 enim
607 705 979 750 conversationem
1000 720 1142 749 meam
1172 705 1409 766 aliquando

23 774 68 820 in
85 774 309 820 Judaismo
325 810 336 831 ‚
361 776 464 836 quia
486 791 615 836 supra
645 776 826 820 modum
849 777 1138 837 persequebar
1165 778 1406 822 Ecclesiam

26 863 47 887 »
81 845 189 900 Dei,
224 854 269 890 et
299 847 520 890 vastabam
549 845 694 901 illam,
724 855 767 891 et
795 838 1078 906 proficiebam
1106 848 1152 891 in
1182 847 1409 894 Judaismo

26 933 47 958 >›
80 931 209 976 supra
224 915 386 962 multos
407 926 648 962 coaetaneos
666 932 784 962 meos
800 917 844 961 in
861 933 1017 978 genere
1038 934 1153 974 meo,
1176 920 1410 965 abundan-

23 988 107 1034 tius
148 988 375 1032 aemulator
418 989 601 1032 existens
639 997 919 1047 paternarum
959 1005 1154 1034 mearum
1204 991 1409 1036 traditio-

26 1076 48 1101 »
81 1060 228 1102 num¹.
262 1076 283 1100 »
327 1058 369 1103 Si
404 1059 705 1119 persequendo
743 1068 787 1103 et
818 1059 1028 1105 vastando
1061 1060 1297 1105 Ecclesiam
1330 1062 1408 1106 Dei

24 1129 275 1190 proficiebat
313 1129 358 1173 in
388 1128 615 1174 Judaismo
631 1165 641 1185 ,
683 1140 861 1190 apparet
899 1132 1165 1176 contrarium
1199 1147 1288 1177 esse
1326 1136 1406 1177 Ju-

25 1200 236 1245 daismum
274 1199 478 1244 Ecclesiae
501 1200 600 1254 Dei,
640 1216 730 1245 non
751 1217 828 1260 per
849 1200 967 1246 illam
991 1202 1226 1261 spiritalem
1250 1208 1409 1262 Legem

24 1287 154 1332 quam
182 1281 445 1331 acceperunt
476 1271 640 1326 Judaei‚
666 1271 740 1316 sed
773 1288 849 1332 per
871 1273 1088 1317 carnalem
1116 1276 1411 1320 conversatio-

25 1357 126 1386 nem
146 1342 362 1386 servitutis
381 1341 591 1401 ipsorum.
617 1342 707 1386 Etsi
734 1342 963 1387 aemulator
980 1379 990 1398 ‚
1030 1345 1075 1388 id
1102 1354 1190 1399 est,
1218 1345 1410 1391 imitator

25 1422 304 1474 paternarum
335 1428 509 1457 suarum
549 1412 832 1457 traditionum
877 1416 1219 1474 persequebatur
1254 1416 1414 1462 Paulus

0 1482 1 1493 ¹
26 1484 262 1529 Ecclesiam
285 1484 390 1539 Dei,
419 1491 609 1543 paternae
632 1484 765 1542 ipsius
787 1484 1039 1529 traditiones
1062 1487 1289 1531 contrariae
1311 1497 1413 1532 sunt

25 1554 227 1599 Ecclesiae
260 1555 362 1609 Dei,
402 1570 492 1599 non
529 1564 675 1599 autem
700 1555 822 1614 Legis
854 1554 969 1599 illius
1005 1556 1133 1616 culpa
1172 1562 1299 1616 est²3
1326 1563 1413 1603 Lex

26 1624 141 1669 enim
162 1624 360 1684 spiritalis
397 1632 487 1679 est,
528 1640 607 1668 nec
634 1625 865 1669 carnaliter
885 1641 929 1669 se
951 1626 1067 1684 cogit
1094 1627 1278 1687 intelligi
1304 1647 1313 1672 τ
1339 1629 1416 1674 sed

26 1693 201 1739 illorum
235 1694 390 1738 vitium
414 1702 503 1749 est,
532 1694 608 1753 qui
631 1703 673 1737 et
703 1692 777 1738 illa
809 1710 909 1754 quae
947 1706 1237 1754 acceperunt,
1263 1714 1414 1743 carna-

27 1763 124 1810 liter
144 1757 358 1819 sentiunt,
383 1773 427 1808 et
448 1764 584 1809 multa
601 1765 731 1809 etiam
753 1780 830 1809 sua
851 1765 1148 1822 tradiderunt,
1172 1767 1412 1814 dissolven-

28 1843 112 1892 tes,
138 1835 249 1880 sicut
273 1836 482 1880 Dominus
503 1834 632 1891 dicit,
657 1834 914 1880 mandatum
933 1836 1035 1892 Dei,
1071 1847 1249 1898 propter
1278 1839 1415 1885 tradi-

29 1905 166 1951 tiones
183 1920 280 1950 suas
293 1906 325 1949 ³.

86 1978 208 2019 v111.
239 1994 259 2018 «
283 1977 396 2020 Cum
414 1983 557 2018 autem
580 1974 743 2034 placuit
766 1977 871 2029 Deo,
896 1975 973 2035 qui
1005 1990 1073 2019 me
1097 1979 1337 2036 segregavit
1359 1980 1414 2024 de

33 2062 54 2088 »
86 2055 237 2091 ventre
258 2045 404 2090 matris
421 2060 543 2099 meae,
570 2054 614 2089 et
634 2045 804 2089 vocavit
826 2060 900 2104 per
919 2045 1100 2104 gratiam
1124 2061 1245 2090 suam
1259 2083 1269 2101 ,
1290 2064 1412 2093 reve-

33 2130 53 2157 »
87 2114 174 2160 lare
196 2115 354 2160 Filium
373 2130 498 2160 suum
519 2115 565 2158 in
588 2130 677 2169 me,
704 2124 753 2158 ut
776 2116 1079 2159 annuntiarent
1105 2131 1204 2159 eum
1228 2118 1269 2160 in
1293 2120 1412 2163 Gen-

32 2186 166 2242 tibus,
186 2187 396 2232 continuo
417 2202 506 2231 non
523 2186 724 2246 adquievi
747 2187 866 2231 carni
886 2195 928 2230 et
949 2187 1146 2245 sanguini
1165 2188 1193 2230 ⁴.
1221 2206 1239 2228 »
1261 2192 1413 2247 Segre-

0 2279 2 2306 3
33 2266 155 2317 gatur
176 2259 368 2319 quodam
397 2257 528 2302 modo
548 2257 603 2301 de
624 2267 775 2302 ventre
796 2258 970 2312 matris,
997 2258 1192 2317 quisquis
1216 2274 1239 2303 a
1261 2276 1414 2306 carna-

0 2351 2 2364 >
32 2324 136 2374 lium
160 2338 388 2389 parentum
410 2328 727 2373 consuetudine
750 2344 862 2372 caeca
884 2337 1107 2387 separatur
1133 2347 1140 2371 :
1173 2328 1416 2390 adquiescit

0 2420 2 2422 ·
36 2408 177 2445 autem
201 2401 320 2445 carni
342 2409 385 2444 et
405 2399 629 2459 sanguini,
661 2399 855 2460 quisquis
893 2398 1138 2443 carnalibus
1161 2402 1414 2463 propinquis

36 2478 77 2516 et
107 2471 434 2531 consanguineis
469 2471 557 2517 suis
590 2470 818 2515 carnaliter
850 2469 1132 2515 suadentibus
1166 2474 1409 2518 assentitur.

96 2572 106 2589 ¹
134 2566 238 2600 Galat.
263 2577 310 2607 iv,
333 2567 384 2608 13,
407 2565 457 2608 ¹4·
481 2582 517 2590 —
541 2573 553 2589 ²
572 2568 661 2599 Rom.
689 2578 744 2606 vn,
767 2564 819 2608 14.
840 2582 882 2590 —
907 2564 919 2590 ³
944 2566 1058 2598 matut..
1087 2577 1138 2608 xv,
1160 2568 1191 2599 3.
1214 2585 1253 2590 —
1273 2568 1288 2598 4
1308 2569 1410 2601 Gatn.

0 2609 2 2679 ἰ
36 2629 82 2664 tv,
102 2620 154 2664 ιδ,
178 2622 226 2655 ι6.

1211 2680 1248 2714 (i.
