1867 3320
371 328 511 356 sssnuo
547 332 668 367 xvii,
706 334 747 358 m*
783 334 942 361 rsAimo
976 337 1104 373 xtix,
1141 329 1180 364 3.
1375 335 1454 372 317

88 391 191 436 Dico
215 391 364 447 vobiS,
388 392 527 437 libero
549 394 733 438 animam
758 411 912 441 meam.
943 401 991 441 ln
1021 414 1174 458 magno
1208 405 1319 447 enim
1341 422 1454 463 sum,

84 476 171 506 non
196 461 410 521 periculo,
437 462 513 506 sed
532 464 659 508 exitio
679 467 959 523 constitutus,
983 469 1017 511 si
1041 477 1229 514 tacuero.
1259 473 1337 517 Sed
1360 492 1456 521 cum

83 545 164 589 ego
186 530 332 575 dixero
348 566 359 587 ,
382 541 426 576 et
446 532 681 591 implevero
704 535 895 579 officium
916 552 1061 581 meum
1081 573 1091 593 ,
1117 554 1190 583 vos
1206 541 1293 599 jam
1317 552 1456 588 atten-

83 599 172 645 dite
194 601 437 660 periculum
454 611 660 646 vestrum.
681 604 792 657 Quid
807 615 950 650 autem
961 607 1090 652 volo?
1107 610 1208 669 quid
1234 609 1457 658 desidero?

81 670 186 731 quid
204 672 365 731 cupio?
387 688 520 732 quare
542 672 727 733 loquor?
744 691 876 735 quare
899 678 968 721 hic
986 679 1114 723 sedeo
1132 681 1149 720 ‘?
1171 696 1303 739 quare
1330 683 1456 727 vivo?

80 741 158 785 nisi
178 742 258 786 hac
280 742 544 798 intentione,
573 753 623 787 ut
645 759 743 788 cum
767 746 938 791 Christo
961 748 1085 792 simul
1118 749 1345 795 vivamus?
1366 754 1455 796 Cu-

81 811 237 870 piditas
259 828 353 857 mea
375 814 452 858 ista
475 823 560 869 est,
585 815 725 859 honor
747 831 866 860 meus
888 817 967 862 iste
1000 828 1084 873 est,
1109 819 1242 877 gloria
1265 836 1358 866 mea
1380 823 1457 868 ista

79 890 168 938 est,
191 884 397 943 gaudium
423 900 568 929 meum
590 886 673 930 hoc
695 895 757 931 cst
772 922 782 941 ,
809 889 1015 947 possessio
1037 905 1130 933 mea
1168 891 1246 935 ista
1269 905 1344 936 est.
1374 894 1456 938 Sed

17 945 19 955 ’
79 952 111 996 si
130 968 218 998 non
234 969 304 998 me
325 954 545 999 audieritis
564 990 574 1011 ,
601 965 643 999 et
665 965 810 1000 tamen
833 973 910 1016 ego
933 974 1021 1002 non
1045 967 1217 1005 tacuero
1234 996 1243 1014 ‚
1270 963 1454 1006 animam

78 1037 218 1067 meam
237 1022 447 1068 liberabo.
468 1024 551 1069 Sed
573 1025 675 1070 nolo
697 1025 838 1071 salvus
862 1043 950 1071 esse
967 1029 1057 1072 sine
1081 1029 1216 1073 vobis.

139 1097 218 1138 III.
238 1094 380 1140 Nolite
394 1110 496 1154 ergo
511 1106 804 1153 contemnere,
822 1097 974 1142 fratres
989 1099 1089 1154 mei,
1102 1108 1292 1159 peccata,
1308 1102 1352 1145 in
1366 1103 1457 1159 qui-

78 1164 158 1207 hus
184 1163 294 1209 forte
312 1166 680 1211 ‘consuetudinem
694 1170 783 1228 jam
805 1168 976 1213 fecistis.
1005 1171 1144 1214 Omne
1168 1171 1282 1214 enim
1306 1186 1457 1230 pecca-

78 1243 167 1278 tum
184 1235 499 1280 consuetudine
517 1236 707 1292 vilescit,
731 1247 771 1280 et
790 1239 838 1282 fit
855 1239 1019 1283 homini
1040 1242 1160 1299 quasi
1178 1240 1349 1284 nullum
1372 1242 1424 1286 sit
1444 1261 1452 1286 :

75 1303 307 1359 obduruit,
341 1307 430 1365 jam
462 1305 655 1350 dolorem
687 1307 887 1366 perdidit.
922 1310 1049 1361 Quod
1073 1309 1197 1353 valde
1219 1319 1344 1368 putre
1367 1320 1451 1365 est,

76 1389 154 1418 nec
177 1374 293 1419 dolet
322 1394 329 1419 :
355 1376 473 1435 quod
492 1391 577 1420 non
597 1376 737 1431 dolet,
758 1393 845 1422 non
866 1393 944 1437 pro
962 1394 1065 1423 sano
1083 1379 1356 1433 habendum,
1381 1380 1454 1424 sed

79 1459 155 1503 pro
172 1453 347 1488 mortuo
365 1446 708 1504 computandum
726 1455 802 1490 cst.
826 1448 1048 1491 Attendite
1065 1462 1163 1507 quac
1181 1446 1294 1492 dicat
1314 1449 1455 1507 Scrip-

82 1522 175 1558 tura
192 1548 203 1569 ,
230 1523 273 1558 et
295 1514 353 1558 ibi
386 1513 530 1559 videte
552 1514 922 1574 quemadmodum
954 1516 1096 1560 vivere
1124 1517 1330 1562 debeatis,
1357 1519 1456 1571 Quis

71 1599 160 1628 non
183 1593 435 1629 contemnat
457 1585 713 1629 ebriositatis
735 1595 960 1644 peccatum
975 1588 992 1630 Ρ
1010 1588 1217 1632 Abundat
1244 1588 1328 1637 talc
1351 1604 1452 1647 pcc-

71 1663 216 1699 catum
235 1688 245 1708 ,
271 1663 314 1698 et
335 1657 643 1698 contemnitur.
675 1658 769 1698 Jam
799 1671 873 1700 cor
906 1657 1121 1701 ebriosum
1146 1658 1333 1716 perdidit
1353 1674 1453 1701 scn-

71 1741 167 1769 sum
183 1758 194 1779 ,
221 1740 309 1768 non
329 1724 460 1767 habet
483 1723 677 1768 dolorem
694 1758 704 1778 ,
725 1727 824 1783 quia
849 1734 928 1768 ricc
944 1727 1140 1770 salutem.
1168 1728 1353 1779 Quando
1376 1727 1454 1771 ali-

71 1794 176 1855 quid
200 1795 410 1855 pungitur
427 1803 469 1838 et
491 1793 625 1850 dolet,
641 1804 714 1838 aut
738 1810 889 1839 sanum
913 1805 996 1850 est,
1021 1807 1095 1841 aut
1118 1805 1180 1841 est
1203 1797 1246 1840 in
1266 1797 1340 1842 illo
1362 1814 1455 1857 spes

72 1864 215 1925 aliqua
237 1865 429 1910 sanitatis
457 1884 465 1908 ·.
491 1865 668 1925 quando
690 1874 835 1909 autem
859 1868 1049 1924 tangitur
1066 1902 1075 1920 ,
1103 1866 1334 1925 pungitur,
1361 1868 1453 1912 vel-

72 1935 251 1992 licatur,
273 1951 351 1980 nec
375 1934 516 1992 dolet,
534 1950 612 1994 pro
635 1943 807 1978 mortuo
832 1935 1079 1978 habendum
1099 1945 1160 1979 est
1178 1971 1187 1989 ,
1215 1952 1263 1980 ac
1281 1937 1335 1980 de
1357 1953 1453 1980 cor-

73 2021 175 2066 pore
197 2005 538 2065 praecidendum.
568 2003 649 2049 Sed
674 2003 908 2063 aliquando
931 2020 1007 2048 nos
1031 2005 1271 2064 parcimuS,
1297 2016 1338 2049 et
1364 2022 1449 2050 non

71 2076 270 2120 novimus
305 2075 384 2119 nisi
420 2075 539 2134 loqui
568 2094 575 2118 :
603 2075 1000 2128 excommunicare,
1029 2074 1083 2119 de
1108 2074 1293 2118 Ecclesia
1318 2077 1450 2134 proji-

71 2162 167 2191 cere
186 2147 294 2206 pigri
319 2161 482 2190 sumus.
509 2144 759 2205 Aliquando
780 2145 893 2188 enim
920 2146 1117 2189 timemus
1134 2180 1144 2199 ,
1174 2161 1227 2189 ne
1250 2146 1340 2205 ipso
1373 2147 1449 2190 lla-

72 2216 186 2275 gello
210 2217 325 2276 pejor
351 2217 424 2260 liat
446 2216 521 2276 qui
549 2214 745 2259 caeditur.
774 2218 828 2258 Et
854 2216 1047 2274 quamvis
1069 2217 1143 2275 qui
1183 2215 1286 2259 tales
1323 2226 1445 2267 suut,

65 2286 153 2346 jam
176 2286 221 2329 in
244 2285 384 2330 anima
420 2285 580 2330 mortui
615 2286 732 2329 sint:
760 2294 904 2328 tamen
939 2285 1038 2343 quia
1081 2285 1272 2328 Medicus
1305 2295 1449 2329 noster

71 2357 343 2416 omnipotens
365 2366 450 2411 est,
491 2372 579 2400 non
612 2365 675 2400 est
698 2354 1012 2414 desperandum
1044 2354 1098 2398 dc
1122 2356 1206 2405 his3
1243 2355 1317 2399 scd
1353 2358 1448 2400 totis

70 2428 234 2472 viribus
256 2427 589 2487 supplicandum
608 2463 619 2482 ‚
646 2436 693 2471 ut
715 2442 838 2470 aures
860 2426 1022 2478 cordis,
1047 2442 1152 2484 quas
1183 2426 1345 2469 clausas
1370 2428 1447 2469 lia-

71 2498 174 2543 bere
199 2499 468 2558 probantur,
493 2499 702 2542 Dominus
726 2498 888 2557 aperire
905 2498 1121 2553 dignetur.
1148 2498 1229 2540 Sed
1250 2497 1446 2556 uunquid

69 2568 142 2613 illc
166 2579 337 2629 parcet,
363 2569 562 2629 nunquid
590 2569 731 2613 silebit
751 2583 880 2628 quem
917 2567 1063 2611 timere
1096 2567 1335 2610 debemus?
1358 2572 1446 2611 Au-

69 2639 188 2684 distis
211 2640 253 2684 in
276 2641 367 2699 ipso
393 2639 581 2694 Psalmo,
607 2639 757 2684 fratres
781 2638 861 2682 mci
879 2672 890 2692 ,
918 2652 1015 2682 cum
1040 2647 1311 2681 enumeraret
1346 2653 1445 2696 pec-
