1867 3320
23 0 36 153 -..—.-—2‚.

351 276 674 308 PROPOSITIONES
705 279 762 306 Ex
794 275 993 305 EPISTOLA
1026 277 1080 304 AD
1114 276 1326 306 ROMANOS.
1472 267 1521 307 41

144 354 322 406 possunt
337 354 379 390 et
401 347 518 390 hono
535 346 679 390 animo
699 345 792 389 fieri
810 353 852 388 et
873 343 987 387 malo
1006 378 1016 398 ,
1036 342 1252 402 judicium
1273 347 1362 388 Deo
1384 344 1528 390 dimit-

145 426 283 462 tamus
301 452 312 472 ,
333 432 412 461 nec
436 415 672 461 audeamus
702 416 756 459 de
777 414 952 459 alterius
973 414 1103 458 corde
1121 449 1132 469 ,
1158 413 1278 473 quod
1302 430 1389 458 non
1404 416 1527 460 vide-

142 503 236 532 mus
258 487 369 531 ferre
386 487 657 532 sententiam.
688 489 739 530 In
758 485 824 529 his
847 500 950 529 vero
973 484 1102 528 rebus
1123 500 1222 545 quae
1244 485 1303 529 ita
1330 499 1529 544 compre-

143 556 418 612 henduntur,
458 566 506 601 ut
534 572 603 601 eas
633 556 751 600 bono
785 565 828 599 et
859 564 976 600 casto
1010 555 1156 599 animo
1178 569 1268 598 non
1290 570 1413 614 posse
1437 556 1529 599 fieri

141 626 420 671 manifestum
443 628 523 683 sit,
564 642 654 671 non
689 626 984 686 improbatur,
1021 625 1055 669 si
1072 624 1335 685 judicemus.
1373 629 1528 686 Itaque

142 699 262 759 quod
283 698 338 743 de
360 699 466 743 cibis
488 699 619 754 dicit,
655 699 756 759 quia
779 699 1002 756 ignoratur
1025 712 1113 757 quo
1143 697 1288 741 animo
1312 697 1388 741 fiat
1404 731 1415 751 ‚
1440 712 1528 741 non

141 769 236 814 vult
256 785 334 814 nos
356 785 445 814 esse
475 768 644 829 judices
662 804 672 823 ,
714 768 787 813 sed
820 771 957 813 Deum
979 788 987 813 :
1014 767 1068 812 de
1090 767 1165 812 illo
1192 776 1338 812 autem
1361 766 1529 812 nefario

141 850 312 900 stupro,
335 842 411 886 ubi
428 856 604 886 uxorem
623 841 754 900 patris
778 840 844 884 sui
863 840 1042 900 quidam
1063 839 1301 895 habuerat,
1322 840 1531 899 praecepit

139 912 298 956 dehere
314 912 499 972 judicari
518 915 545 956 ¹.
570 914 665 958 Non
689 912 804 955 enim
822 920 994 971 poterat
1011 910 1083 954 ille
1101 911 1244 955 dicere
1259 946 1269 965 ,
1298 911 1413 955 bono
1436 911 1530 954 ani-

140 998 211 1027 mo
233 998 277 1027 se
303 992 392 1027 tam
413 983 602 1027 immane
622 982 837 1042 flagitium
859 982 1138 1027 commisisse.
1164 984 1281 1040 Ergo
1301 997 1529 1040 quaecum-

139 1068 225 1113 que
252 1053 365 1098 facta
398 1054 457 1097 ita
489 1052 852 1108 manifestantur,
887 1062 937 1097 ut
970 1068 1060 1096 non
1093 1052 1226 1111 possit
1262 1051 1372 1107 dici,
1409 1054 1530 1097 Bono

140 1124 283 1168 animo
315 1122 419 1179 feci,
449 1122 690 1183 judicanda
718 1133 821 1168 sunt
843 1139 866 1167 a
888 1123 1012 1168 nobis
1035 1142 1043 1166 ι
1070 1137 1362 1182 quaecumque
1385 1132 1529 1167 autem

138 1193 196 1238 ita
219 1194 332 1238 fiunt
349 1229 360 1248 ,
386 1202 436 1237 ut
466 1208 555 1253 quo
579 1194 724 1238 animo
745 1194 853 1238 fiant
874 1194 1091 1239 incertum
1114 1194 1195 1248 sit,
1222 1209 1313 1238 non
1335 1202 1437 1238 sunt
1452 1194 1528 1253 ju-

139 1264 322 1309 dicanda
338 1299 348 1319 ,
374 1263 448 1308 sed
472 1263 726 1308 reservanda
745 1264 912 1324 judicio
930 1264 1005 1308 Dei
1033 1283 1041 1308 :
1067 1265 1178 1308 sicut
1196 1264 1405 1323 scriptum
1429 1273 1491 1307 est
1518 1283 1526 1308 :

143 1353 163 1376 «
197 1337 305 1388 Quae
329 1335 499 1379 occulta
518 1344 619 1379 sunt
639 1369 649 1389 ,
674 1337 791 1391 Deo,
812 1351 910 1394 quae
934 1343 1079 1379 autem
1100 1334 1242 1393 palam
1265 1343 1383 1388 sunt,
1406 1334 1529 1378 vobis

141 1423 160 1446 »
197 1414 239 1448 et
261 1404 357 1448 filiis
378 1405 529 1449 vestris
547 1408 721 1448 erunt2.
746 1423 765 1445 »

197 1476 371 1518 LXXX.
395 1473 524 1527 Quod
547 1482 692 1518 autem
717 1475 802 1518 ait:
832 1491 852 1514 (ι
878 1472 1000 1517 Alius
1021 1474 1199 1533 quidem
1213 1474 1381 1534 judicat
1404 1474 1528 1518 alter-

140 1564 160 1587 »
195 1560 272 1589 nos
295 1544 408 1600 dies,
436 1544 544 1589 alius
562 1554 707 1588 autem
724 1545 893 1604 judicat
914 1559 1090 1588 omnem
1113 1544 1254 1589 diemS
1269 1581 1283 1601 ‚
1312 1564 1331 1586 »
1353 1561 1528 1605 seques-

137 1625 246 1660 trata
270 1616 443 1659 interim
464 1615 642 1659 meliore
664 1614 1031 1670 consideratione,
1065 1630 1154 1659 non
1178 1615 1233 1660 de
1253 1616 1428 1660 duobus
1445 1618 1527 1661 ho·-

136 1687 327 1731 minibus
347 1686 453 1730 mihi
475 1686 646 1731 videtur
666 1685 848 1740 dictum,
875 1685 950 1730 sed
970 1686 1024 1729 de
1046 1687 1222 1731 homine
1246 1695 1288 1730 et
1310 1690 1414 1732 Deo.
1442 1688 1527 1741 Qui

137 1758 252 1802 enim
275 1757 462 1802 alternos
493 1756 584 1802 dies
601 1756 770 1816 judicat
788 1792 798 1811 ,
824 1757 957 1801 homo
974 1766 1038 1801 est
1064 1776 1072 1801 ;
1098 1765 1241 1816 potest
1263 1757 1378 1801 enim
1397 1758 1527 1802 hodie

137 1826 284 1884 aliud,
305 1843 397 1872 cras
420 1826 540 1872 aliud
557 1826 755 1887 judicare
777 1847 785 1871 :
812 1826 856 1870 id
879 1836 964 1882 est,
986 1836 1035 1871 ut
1057 1842 1380 1887 quemcumque
1397 1829 1528 1873 hodic

137 1898 303 1942 malum
324 1898 575 1943 convictum
595 1897 897 1943 confessumve
919 1898 1213 1951 damnaverit,
1247 1914 1338 1943 cras
1359 1899 1526 1943 bonum

139 1969 329 2012 inveniat
355 1983 456 2012 cum
480 1984 524 2011 se
545 1968 803 2023 correxerit,
829 1976 1003 2022 contra,
1029 1983 1130 2011 cum
1153 1968 1342 2028 aliquem
1361 1970 1528 2029 justum

137 2039 266 2083 hodie
303 2037 569 2092 laudaverit,
606 2054 697 2082 cras
720 2038 910 2082 inveniat
939 2037 1238 2097 depravatum.
1266 2040 1351 2092 Qui
1379 2050 1525 2084 autem

139 2108 349 2169 dijudicat
371 2123 546 2153 omnem
571 2108 684 2152 diem
702 2144 713 2163 ,
741 2111 853 2152 Deus
876 2117 938 2152 est
961 2128 968 2153 :
995 2108 1096 2168 quia
1119 2123 1206 2152 non
1223 2108 1363 2153 solum
1387 2110 1528 2170 qualis

138 2182 321 2242 quisque
352 2180 405 2224 sit
422 2216 432 2233 ,
459 2178 532 2223 sed
553 2180 680 2224 etiam
700 2180 837 2240 qualis
856 2181 974 2224 omni
997 2179 1067 2224 die
1094 2181 1265 2224 futurus
1291 2181 1365 2234 sit,
1388 2183 1521 2227 novit.

139 2255 275 2310 Ergo,
299 2270 318 2293 «
335 2252 635 2311 unusquisque
657 2251 699 2294 in
722 2267 800 2296 suo
823 2251 1048 2295 intellectu
1070 2252 1289 2306 abundet,
1316 2271 1335 2293 »
1361 2253 1522 2313 inquit:

140 2322 184 2368 id
221 2331 305 2377 est,
331 2331 545 2382 quantum
570 2322 762 2367 humano
799 2322 1060 2376 intellectui,
1093 2322 1158 2367 vel
1185 2324 1422 2385 unicuique
1446 2326 1526 2369 ho-

141 2394 246 2437 mini
267 2408 517 2437 concessum
541 2402 625 2447 est,
649 2402 817 2438 tantum
842 2394 997 2438 audeat
1013 2394 1223 2453 judicare.
1249 2414 1268 2436 «
1289 2396 1373 2448 Qui
1397 2397 1523 2455 sapit,

143 2484 162 2506 n
199 2465 356 2524 inquit,
382 2464 519 2519 diem,
546 2465 727 2509 Domino
751 2466 861 2525 sapit
878 2468 916 2509 ⁴:
942 2484 960 2506 »
984 2465 1026 2509 id
1049 2474 1134 2520 cst,
1155 2467 1256 2526 quia
1280 2467 1361 2510 hoc
1386 2468 1525 2526 ipsum

140 2534 261 2595 quod
285 2544 540 2594 praesentem
563 2534 676 2579 diem
702 2536 812 2579 benc
830 2536 995 2595 judicat
1015 2570 1026 2590 ,
1062 2536 1244 2581 Domino
1280 2538 1404 2596 sapit.
1436 2540 1525 2582 Hoc

189 2628 195 2642 ¹
225 2632 231 2651 ι
255 2622 325 2653 cnr.
348 2632 380 2659 v,
407 2633 431 2652 ι.
455 2638 494 2643 -
515 2628 526 2643 ‘¹
549 2625 639 2653 brut.
664 2631 750 2661 unt,
771 2630 824 2663 ος).
854 2638 889 2643 --
914 2619 1030 2652 31ὶιιιη,
1049 2632 1114 2659 xiv,
1136 2623 1165 2652 f'v.
1190 2640 1228 2646 —-
1244 2622 1257 2651 f.
1277 2623 1353 2654 11ιίιΙΔ
1374 2624 1405 2654 (ἰ.
