1924 3309
471 245 528 283 66
901 251 934 280 s.
971 251 1202 282 Aneus'nm
1235 254 1417 281 Emseorl

463 319 510 364 in
531 315 690 362 Filium
719 330 897 376 peccare
915 336 926 374 3
945 316 1165 377 quidquid
1187 325 1335 361 autem
1369 317 1552 376 scientes
1573 324 1755 375 peccant
1772 350 1783 371 ,
1810 316 1858 360 in

467 389 673 450 Spiritum
691 397 890 433 sanctum
913 404 1092 448 peccare
1104 387 1388 448 judicentur:
1409 403 1560 448 quaero
1580 388 1676 447 quis
1698 387 1862 432 nesciat

463 459 628 507 malum
654 474 744 504 esse
764 495 775 515 ,
799 459 922 505 verbi
947 460 1108 519 gratia,
1128 474 1411 519 corrumpere
1436 457 1693 517 pudicitiam
1715 457 1861 501 uxoris

464 532 639 587 alienae,
664 531 734 578 vel
752 547 803 577 eo
824 531 919 591 ipso
949 540 1066 576 certe
1089 530 1212 591 quod
1239 532 1323 575 hoc
1347 531 1393 574 in
1411 545 1487 574 sua
1510 530 1699 589 conjuge
1724 527 1864 572 nollet

462 604 631 664 perpeti
648 624 660 661 3
680 611 755 647 aut
772 601 974 647 fraudare
993 616 1265 662 quemquam
1286 601 1333 644 in
1356 601 1554 659 negotio,
1577 608 1652 642 aut
1671 599 1864 643 circum-

462 674 609 719 venire
627 672 854 718 mendacio
873 708 885 729 ‚
911 682 985 717 aut
1015 673 1261 732 opprimere
1283 670 1521 715 testimonii
1542 668 1733 714 falsitate
1749 704 1761 724 ‚
1787 677 1863 713 aut
1896 720 1898 722 ,

464 743 714 789 auferendae
736 744 797 787 rei
815 745 906 804 ejus
928 758 1057 788 causa
1078 742 1290 798 insidiari,
1309 751 1353 786 et
1366 740 1565 786 occidere
1584 740 1859 800 quempiam3

465 824 508 860 et
528 815 563 859 si
584 814 693 875 quid
715 815 899 860 omnino
916 824 981 859 est
999 815 1121 874 quod
1139 814 1221 858 sibi
1239 813 1294 857 ab
1314 812 1450 857 altero
1468 812 1562 855 fieri
1584 826 1673 855 non
1690 810 1802 866 vult,
1819 819 1864 855 et

465 885 499 930 si
522 885 615 929 fieri
636 886 846 940 senserit,
879 894 973 930 toto
1004 884 1135 929 corde
1170 884 1472 928 indubitanter
1501 890 1690 926 accusat.
1719 884 1808 926 Aut
1829 881 1865 925 si

464 956 559 1000 haec
581 956 637 1000 ab
659 956 963 1013 ignorantibus
986 956 1079 1000 fieri
1096 955 1298 1008 dicimus,
1319 954 1428 1014 quid
1442 953 1691 996 invenimus
1713 953 1757 995 in
1775 966 1865 1011 quo

466 1027 646 1072 scientes
677 1026 877 1070 homines
909 1041 1091 1085 peccare
1128 1025 1392 1070 videantur?
1427 1027 1577 1067 Restat
1608 1037 1711 1080 ergo
1734 1030 1806 1075 ut,
1831 1021 1866 1064 si

465 1097 549 1143 hoc
566 1107 630 1141 est
647 1112 826 1156 peccare
847 1097 893 1140 in
912 1097 1121 1155 Spiritum
1144 1105 1343 1140 sanctum
1360 1129 1375 1154 9
1398 1108 1579 1153 peccare
1601 1107 1701 1136 cum
1724 1091 1866 1135 scien-

469 1167 546 1221 tia,
571 1167 655 1212 illis
677 1168 867 1227 peccatis
900 1182 1000 1226 quae
1032 1165 1371 1211 commemoravi
1401 1173 1587 1223 negetur
1620 1159 1867 1223 poenitendi

467 1237 588 1282 locus
606 1258 617 1295 3
658 1239 867 1295 quoniam
898 1247 1078 1296 peccato
1114 1238 1160 1281 in
1198 1237 1407 1296 Spiritum
1451 1244 1651 1280 sanctum
1689 1247 1867 1278 omnem

466 1323 588 1367 spem
617 1309 754 1353 veniae
784 1308 994 1353 Dominus
1030 1309 1304 1368 amputavit:
1335 1306 1458 1366 quod
1495 1307 1529 1350 si
1555 1305 1706 1365 regula
1727 1305 1868 1349 chris-

469 1379 587 1423 tiana
610 1378 798 1437 respuit,
825 1393 1065 1438 omnesque
1094 1378 1189 1422 illos
1208 1377 1285 1437 qui
1305 1378 1364 1421 sic
1385 1385 1597 1436 peccant,
1624 1375 1680 1419 ad
1697 1389 1869 1419 correc-

471 1449 637 1493 tionem
664 1448 768 1493 vitae
801 1463 958 1492 vocare
989 1463 1080 1491 non
1112 1456 1279 1504 cessat3
1313 1447 1457 1491 adhuc
1493 1445 1783 1506 quaerendum
1805 1453 1871 1490 est

473 1519 582 1581 quid
604 1521 658 1563 sit
678 1534 857 1578 peccare
878 1519 924 1563 in
947 1519 1157 1579 Spiritum
1181 1527 1383 1563 sanctum
1399 1553 1410 1575 ‚
1436 1519 1507 1563 cui
1531 1527 1711 1578 peccato
1742 1517 1870 1562 venia

477 1590 598 1635 nulla
620 1589 891 1634 conceditur.

552 1663 720 1703 XVIII.
754 1663 823 1700 An
848 1659 961 1699 forte
990 1674 1080 1699 non
1109 1663 1172 1698 est
1194 1652 1404 1697 dicendus
1442 1669 1544 1697 cum
1567 1654 1744 1699 scientia
1767 1670 1872 1715 pec-

479 1744 602 1782 care,
629 1727 706 1787 qui
732 1735 960 1785 peccatum
992 1725 1133 1784 ipsum
1167 1723 1331 1767 malum
1357 1739 1447 1767 esse
1478 1726 1600 1768 novit
1617 1759 1629 1780 ‚
1662 1735 1704 1769 et
1726 1734 1873 1771 tamen

480 1804 621 1846 Deum
638 1798 998 1856 voluntatemque
1022 1797 1112 1856 ejus
1133 1797 1334 1853 ignorans
1357 1805 1512 1855 peccat
1528 1798 1545 1838 ‘?
1562 1799 1656 1840 Hoc
1674 1798 1789 1841 enim
1812 1798 1875 1843 vi-

484 1871 612 1917 detur
634 1870 689 1914 ad
709 1868 916 1912 Hebraeos
938 1867 1082 1910 dicere
1102 1902 1113 1921 ,
1138 1881 1239 1910 cum
1263 1865 1370 1910 dicit
1394 1886 1402 1910 :
1432 1886 1451 1908 «
1479 1866 1734 1912 Voluntarie
1757 1869 1874 1912 enim
1916 1857 1919 1868 Ι

487 1961 510 1985 »
543 1940 824 2002 peccantibus
852 1938 977 1982 nobis
1005 1939 1249 1998 accepimus
1279 1938 1502 1982 scientiam
1537 1939 1752 1994 ve1¹itati8‚
1784 1955 1875 1984 non
1915 1925 1920 1984 l

488 2033 509 2056 »
545 2013 688 2058 adhuc
710 2010 971 2070 relinquitur
1000 2026 1079 2070 pro
1112 2010 1299 2068 peccatis
1323 2010 1629 2054 sacrificium-11.
1668 2029 1687 2051 »
1716 2015 1875 2055 Parum
1916 2014 1924 2080 f

486 2085 602 2129 enim
624 2091 741 2137 erat,
765 2083 799 2126 si
816 2080 1121 2125 tantummodo
1142 2080 1305 2124 diceret
1333 2100 1340 2124 :
1366 2100 1386 2122 «
1409 2079 1664 2124 voluntarie
1684 2097 1873 2141 peccan-
1916 2082 1924 2120 ἰ

488 2174 510 2198 n
546 2155 663 2199 tibus
690 2152 843 2208 nobis,
881 2152 961 2196 nisi
984 2150 1186 2205 adderet,
1207 2160 1440 2211 postquam
1469 2152 1713 2211 accepimus
1740 2154 1874 2198 scien·
1916 2142 1923 2219 l

489 2243 510 2269 »
545 2225 651 2269 tiam
673 2223 894 2268 veritatis:
922 2239 943 2263 »
968 2222 1011 2265 in
1035 2237 1120 2281 qua
1150 2221 1302 2280 utique
1334 2224 1446 2264 Deus
1474 2222 1766 2283 voluntasque
1781 2224 1873 2284 ejus
1908 2222 1922 2302 ¹}

486 2295 777 2354 cognoscitur.
792 2296 901 2346 Quae
917 2292 1093 2337 scientia
1111 2290 1285 2336 videtur
1300 2308 1540 2351 congruere
1558 2294 1793 2338 Dominicae
1810 2293 1874 2338 illi
1915 2291 1921 2363 J

486 2365 738 2419 sententiae,
774 2380 874 2409 cum
898 2365 989 2410 ait:
1018 2382 1038 2406 «
1067 2366 1222 2408 Servus
1253 2364 1457 2422 ignorans
1489 2365 1761 2410 voluntatem
1793 2365 1874 2410 do-
1916 2375 1924 2423 j>

1916 2425 1924 2494 ὲ

1916 2515 1921 2558 ἕ

492 2455 511 2478 »
546 2437 653 2481 mini
670 2435 735 2479 sui
753 2470 762 2490 ,
784 2444 827 2479 et
844 2434 1005 2479 faciens
1025 2433 1154 2493 digna
1178 2434 1315 2494 plagis
1329 2470 1340 2490 ‚
1366 2436 1591 2495 vapulabit
1612 2453 1766 2498 pauca,
1789 2452 1874 2481 ser-

491 2525 512 2548 »
545 2522 625 2552 vus
662 2515 809 2551 autem
847 2506 983 2554 sciens
1014 2504 1288 2552 voluntatem
1309 2505 1477 2552 domini
1515 2508 1608 2565 sui,
1648 2518 1692 2555 et
1714 2506 1875 2554 faciens

535 2595 545 2614 ¹
569 2590 669 2624 Hebr.
695 2599 728 2632 x,
747 2588 803 2623 26,
