1924 3309
479 260 562 301 484
905 274 938 300 s.
974 271 1205 301 Aucus‘nm
1237 274 1418 302 nmscom

472 338 609 383 malos
623 372 634 392 ‚
657 346 702 382 et
717 346 888 398 separat
910 338 1046 383 malos
1068 355 1092 383 a
1114 338 1253 383 honis.
1281 342 1338 384 Et
1358 348 1527 399 partem
1548 340 1639 400 ejus
1657 353 1757 384 cum
1779 340 1841 397 hy

470 409 647 469 pocritis
683 418 833 469 ponet.
869 412 968 455 Non
999 418 1141 453 totum
1173 410 1451 456 ministrum:
1475 411 1579 471 quia
1613 419 1716 455 sunt
1736 410 1799 454 ibi
1821 424 1843 453 e

470 480 766 526 desiderantes
809 479 1046 525 adventum
1068 480 1257 525 Domini.
1302 483 1414 526 Sunt
1434 481 1497 526 ibi
1518 491 1561 528 et
1598 498 1649 526 ex
1670 480 1747 526 illo
1780 496 1845 525 nu

471 568 616 608 mero,
641 553 697 596 de
727 568 816 614 quo
839 552 998 596 dicitur
1025 571 1034 597 ς
1063 571 1084 594 ι(
1108 554 1267 597 Beatus
1284 552 1358 597 ille
1380 569 1556 610 servus,
1581 569 1738 614 quem,
1764 569 1819 597 cu

475 642 494 665 »
531 623 698 669 venerit
720 623 945 679 dominus,
970 622 1186 669 invenerit
1208 623 1269 668 ita
1290 622 1570 669 facientem1.
1605 642 1626 666 »
1652 627 1768 684 Ergo
1789 639 1841 670 ve

469 695 562 740 niet
581 704 624 739 et
646 694 812 739 dividet
834 709 951 738 eum.

528 769 650 810 XVI.
672 769 798 811 Nunc
815 766 991 810 interim
1015 765 1269 812 demoratur
1284 767 1472 812 alicubi:
1493 766 1569 811 sed
1591 782 1682 812 non
1701 766 1846 812 esbsol

469 835 613 880 licitus
631 836 742 896 quid
763 845 918 895 agatur
941 837 986 880 in
1005 835 1150 882 domo.
1170 840 1362 882 «Omnes
1385 838 1501 882 enim
1520 838 1637 897 apud
1659 853 1753 895 eam
1772 852 1846 881 ves

474 924 493 947 »
531 906 598 950 titi
630 908 779 951 sunt2.
807 925 826 948 n
853 908 1080 968 Numquid
1113 907 1170 952 de
1203 908 1404 952 nuditate
1441 923 1666 953 servorum
1689 922 1823 952 suoru

473 976 681 1022 sollicitus
700 978 803 1033 erit,
827 994 931 1023 cum
953 978 1117 1023 alicubi
1139 978 1393 1024 demoratur
1409 1015 1420 1035 ‚
1446 979 1613 1023 habens
1635 980 1822 1039 conjuge

478 1047 608 1092 talem
625 1049 674 1092 ³?
707 1049 862 1093 Vestiti
893 1059 1023 1104 sunt,
1062 1059 1105 1094 et
1144 1051 1323 1110 optime.
1362 1055 1501 1103 Quam
1533 1051 1699 1109 optime
1736 1048 1868 1093 vultis
1920 1049 1924 1066 ³

476 1121 633 1163 nosse?
652 1138 672 1162 «
692 1123 922 1179 Quotquot
946 1121 992 1164 in
1008 1121 1182 1165 Christo
1199 1121 1406 1180 baptizati
1421 1121 1536 1175 estis,
1557 1121 1779 1166 Christum
1801 1120 1871 1164 iu-
1920 1130 1924 1136 ⁴

479 1207 500 1230 »
524 1189 677 1234 duistis
690 1191 720 1233 ⁴.
738 1191 900 1234 Omnes
917 1191 1098 1235 omnino
1122 1191 1240 1250 apud
1257 1207 1353 1235 eam
1369 1192 1512 1236 vestiti
1533 1201 1679 1234 suut.»
1693 1194 1749 1235 Et
1767 1191 1871 1235 boni
1922 1182 1924 1185 ¹

472 1261 584 1306 servi
602 1275 645 1306 et
667 1260 770 1305 mali
786 1261 898 1307 servi
920 1262 1060 1307 vestiti
1082 1272 1186 1307 sunt
1203 1282 1211 1307 :
1229 1262 1304 1307 sed
1326 1263 1433 1307 boni
1454 1263 1563 1307 servi
1586 1263 1730 1307 vestiti
1751 1272 1869 1318 sunt,

475 1331 552 1392 qui
586 1332 810 1377 Christum
843 1331 1109 1387 induerunt,
1146 1348 1237 1377 non
1267 1343 1443 1378 tantum
1474 1334 1520 1377 in
1556 1332 1697 1378 forma
1733 1349 1875 1378 sacra·
1922 1326 1924 1350 ³

474 1402 635 1458 menti,
656 1402 733 1446 sed
755 1403 886 1447 etiarn
907 1403 953 1446 in
972 1419 1103 1462 opere
1123 1403 1325 1463 exempli,
1343 1413 1574 1464 sequentes
1596 1404 1776 1463 vestigia
1793 1407 1877 1450 Do-

475 1473 584 1518 mini
605 1474 671 1518 sui
698 1493 707 1519 ε
732 1473 801 1518 alii
824 1490 927 1519 vero
950 1490 1088 1535 usque
1116 1473 1169 1519 ad
1206 1485 1528 1520 sacramentum
1546 1511 1558 1531 ‚
1584 1475 1799 1521 reddituri
1821 1475 1876 1521 de

473 1560 552 1589 sua
580 1553 699 1590 veste
733 1545 962 1590 rationem.
1003 1547 1102 1592 Non
1136 1556 1273 1590 cessat
1294 1555 1441 1590 tamen
1462 1545 1537 1590 illa
1562 1545 1721 1590 mulier
1740 1581 1751 1602 ‚
1783 1562 1877 1590 non
1923 1563 1924 1567 ¹

478 1625 613 1661 cessat
636 1616 709 1660 illa
733 1616 889 1661 mulier
911 1631 1061 1661 omnes
1090 1617 1246 1660 vestire
1272 1636 1280 1661 :
1306 1626 1357 1660 ut
1384 1632 1513 1662 nemo
1535 1626 1771 1677 queratur,
1798 1633 1878 1661 ne·-

479 1703 554 1733 mo
590 1688 734 1733 dieat:
768 1687 873 1732 Ideo
903 1704 991 1732 non
1023 1703 1119 1732 sum
1142 1688 1254 1732 bene
1281 1687 1508 1747 operamS,
1536 1688 1640 1748 quia
1667 1704 1757 1732 non
1779 1703 1877 1733 sum

479 1760 674 1805 vestitus.
709 1760 865 1804 Videte
883 1775 1008 1818 ergo,
1033 1758 1408 1819 quemadmodum
1434 1759 1579 1803 induti
1601 1775 1692 1804 esse
1713 1759 1877 1804 debea-

483 1831 552 1875 tis.
579 1834 663 1874 Pro
696 1829 886 1875 vestibus
922 1829 1078 1873 nostris
1111 1829 1241 1872 etiam
1276 1844 1384 1887 opus
1422 1828 1645 1873 faciamus.
1673 1832 1877 1874 «Omnes

487 1919 507 1942 »
543 1902 659 1945 enim
681 1899 800 1959 apud
817 1914 911 1943 eam
929 1898 1073 1943 vestiti
1095 1907 1213 1943 sunt.
1242 1916 1262 1939 »

542 1974 686 2016 XVII.
709 1970 827 2024 Quid
847 1970 941 2015 viro
962 1971 1072 2013 suo?
1090 1971 1198 2022 Quae
1220 1984 1365 2014 servos
1387 1969 1530 2024 vestit,
1554 1970 1647 2014 viro
1673 1986 1752 2014 suo
1770 1970 1879 2015 nihil
1923 1970 1924 2005 ἐ

486 2044 724 2103 operatur?
757 2062 776 2084 «
801 2040 1000 2101 Duplicia
1023 2040 1154 2100 pallia
1185 2040 1288 2085 fecit
1307 2041 1398 2085 viro
1421 2057 1499 2085 suo
1514 2043 1550 2084 ⁵.'
1574 2059 1594 2083 »
1618 2044 1716 2086 Jam
1734 2041 1879 2087 accla—
1923 2040 1924 2043 ’

489 2113 614 2158 matis
638 2133 647 2158 :
673 2112 804 2158 credo
835 2111 956 2172 quod
987 2104 1218 2170 agnoscitis
1250 2127 1349 2171 quae
1370 2120 1472 2155 sunt
1500 2110 1692 2170 duplicia
1714 2111 1845 2171 pallia
1865 2147 1876 2168 ,
1923 2111 1924 2114 ’

491 2200 590 2244 quae
621 2182 727 2228 facit
748 2181 940 2227 Ecclesia
962 2181 1056 2227 viro
1083 2197 1177 2225 suo.
1204 2180 1338 2225 Pallia
1360 2197 1460 2241 quae
1489 2181 1553 2225 illi
1575 2180 1700 2237 facit,
1730 2181 1881 2227 laudes

491 2264 622 2300 sunt:
650 2252 801 2299 laudes
823 2252 925 2297 fidei
944 2287 956 2308 ‚
981 2251 1132 2296 laudes
1154 2250 1432 2296 confessionis
1448 2287 1459 2306 ‚
1493 2251 1645 2296 laudes
1668 2252 1880 2311 praedica-

491 2326 636 2371 tionis.
663 2329 806 2379 Quare
828 2323 1052 2384 duplicia?
1074 2323 1296 2369 Christum
1316 2322 1490 2378 laudas,
1515 2326 1652 2366 Deum
1669 2323 1821 2369 laudas
1839 2334 1882 2369 et

492 2397 731 2449 hominem.
759 2395 1001 2456 Dupliciter
1015 2393 1146 2439 lauda
1163 2429 1174 2449 ,
1199 2403 1242 2438 et
1263 2394 1515 2454 simpliciter
1536 2393 1668 2439 lauda
1694 2413 1703 2440 :
1730 2394 1882 2456 dupli-

495 2468 618 2523 citer,
636 2467 738 2528 quia
751 2468 885 2512 homo
907 2475 950 2511 et
962 2474 1026 2510 est
1044 2468 1157 2510 Deus
1175 2485 1186 2523 3
1204 2464 1471 2524 simpliciter,
1487 2474 1536 2509 ut
1552 2480 1644 2510 non
1657 2465 1712 2510 sis
1735 2466 1877 2511 fictus.

543 2573 549 2587 ¹
575 2567 650 2598 Luc.
674 2576 730 2606 ιιι,
750 2564 804 2605 43.
833 2582 872 2586 -
898 2570 909 2586 ²
928 2565 1019 2595 Prov.
1041 2573 1129 2601 xxxi,
1152 2571 1203 2593 21.
1224 2579 1263 2584 -
1286 2559 1298 2583 3
1318 2563 1402 2594 Beda
1421 2566 1452 2593 et
1471 2562 1578 2593 Florus
1597 2562 1637 2594 ad
1659 2561 1762 2594 Galat.
1781 2574 1824 2595 ni.
1841 2580 1882 2586 -—

496 2621 511 2650 4
530 2621 633 2653 Galat.
653 2633 701 2661 ιιι,
718 2630 770 2661 27.
795 2637 831 2643 —-
853 2619 866 2641 ⁵
888 2623 980 2652 Prov.
997 2630 1087 2659 xxxi,
1108 2628 1150 2649 22
