1924 3309
516 244 600 282 256
941 252 975 281 s.
1011 252 1243 283 Aucusnm
1275 255 1456 283 Emscom

511 318 800 364 moechaberis
817 353 828 375 ,
853 334 944 364 non
972 321 1216 364 moechetur
1238 338 1247 364 ε
1272 320 1329 364 sic
1345 321 1476 381 jubet
1502 335 1625 366 servo
1647 329 1724 366 tuo
1739 355 1751 377 ‚
1774 331 1824 366 ut
1850 332 1892 368 et

510 391 546 435 si
563 399 613 435 tu
634 405 724 435 non
744 390 873 435 servis
895 390 1080 434 Domino
1101 399 1201 443 tuo,
1236 390 1390 435 serviat
1411 391 1505 435 tibi.
1534 391 1620 436 Sed
1641 391 1725 436 hoc
1750 401 1892 437 totum

509 461 608 506 vide
629 470 677 506 ut
701 463 757 506 ad
778 461 1118 506 admonitionem
1140 470 1261 504 tuam
1281 461 1449 518 valeat,
1474 475 1564 507 non
1586 461 1640 506 ad
1657 463 1892 522 perniciem

508 541 644 577 tuam.
670 533 845 577 Etenim
867 547 1013 577 servus
1035 530 1107 575 ille
1135 532 1255 592 quod
1276 532 1358 576 tibi
1380 533 1509 577 servit
1530 533 1710 591 indigno
1732 533 1862 592 digne
1877 530 1907 599 ‚ff

511 601 558 646 id
580 611 643 647 est
660 637 671 658 ,
697 603 818 663 quod
840 602 1020 661 indigno
1042 601 1123 645 tibi
1143 600 1256 646 bene
1278 602 1408 646 servit
1422 637 1434 658 ‚
1471 611 1515 646 et
1539 602 1725 647 fideliter
1747 605 1889 659 servit,

507 683 552 718 et
569 689 678 733 pure
700 683 743 718 te
766 673 908 732 diligit
924 708 934 728 ,
955 675 1045 717 Deo
1063 671 1195 716 debet
1209 707 1220 727 ‚
1239 687 1329 717 non
1350 672 1446 717 tibi.
1470 675 1494 717 J
1499 682 1645 717 ustum
1671 683 1736 719 est
1763 689 1864 732 ergo
1877 709 1889 730 ‚

507 753 557 801 ut
578 754 621 788 et
644 755 693 789 tu
709 743 904 788 attendas
926 743 1030 802 quia
1045 743 1127 787 sub
1150 743 1337 788 Domino
1359 758 1418 799 es,
1444 743 1499 787 ad
1521 759 1654 803 quem
1670 752 1714 788 et
1735 743 1807 788 ille
1829 753 1893 789 at-

506 815 663 870 tendit,
680 823 731 858 ut
747 814 903 858 serviat
917 813 1011 857 tibi.
1030 812 1169 872 Imple
1187 828 1289 872 ergo
1300 813 1422 874 quod
1439 813 1605 858 dictum
1622 823 1686 858 est
1704 834 1713 859 :
1728 833 1748 857 «
1764 816 1902 872 Quodq

509 902 529 926 »
564 885 644 929 tibi
667 900 756 929 non
775 885 838 929 vis
860 884 974 939 fieri,
996 883 1067 927 alii
1098 899 1153 928 ne
1175 883 1327 929 feceris
1342 887 1402 929 ¹.»
1427 884 1510 930 Sed
1531 886 1671 944 ipsum
1695 885 1766 930 alii
1792 874 1902 964 cum{

508 955 614 999 dicis
635 990 645 1010 ,
681 965 919 1014 utrumque
953 953 1129 998 attende
1144 989 1155 1009 ,
1182 964 1225 998 et
1245 955 1491 1014 proximum
1514 965 1557 1000 et
1574 959 1729 1000 Deum,
1756 957 1891 1011 Canta

505 1027 549 1070 in
569 1025 772 1085 psalterio
796 1026 948 1070 decem
975 1024 1238 1070 chordarum
1256 1061 1268 1081 ‚
1293 1036 1420 1071 canta
1452 1028 1671 1072 canticum
1693 1041 1856 1071 novum
1878 1046 1887 1072 :

505 1097 723 1142 concorda
744 1112 845 1141 cum
867 1112 1065 1142 sermone
1087 1097 1192 1151 Dei,
1219 1113 1320 1142 cum
1344 1107 1408 1142 est
1429 1106 1574 1142 tecum
1595 1098 1641 1141 in
1662 1098 1744 1143 via.
1772 1100 1888 1143 Con-

504 1167 635 1212 corda
658 1183 758 1212 cum
782 1168 1025 1212 adversario
1051 1176 1125 1211 tuo
1152 1167 1237 1212 cito
1258 1202 1268 1222 ,
1294 1183 1348 1211 ne
1371 1183 1471 1212 cum
1503 1167 1718 1212 discordia
1745 1165 1897 1235 venias†

503 1248 602 1283 ante
618 1238 826 1298 judicem.
858 1238 900 1281 Si
921 1236 1028 1281 facis
1050 1237 1171 1296 quod
1193 1237 1315 1281 audis
1331 1272 1341 1292 ,
1374 1238 1646 1282 concordasti
1676 1253 1776 1282 cum
1800 1253 1850 1283 eo
1875 1240 1896 1302 τῇ

502 1309 535 1353 si
559 1317 705 1352 autem
739 1323 829 1352 non
850 1305 954 1351 facit
969 1341 980 1362 ,
1018 1307 1160 1351 rixaris
1181 1322 1281 1352 cum
1305 1322 1382 1363 eo,
1408 1316 1452 1353 et
1478 1307 1677 1352 nondum
1711 1323 1886 1368 compo-

502 1380 623 1423 suisti
644 1392 875 1437 quousque
898 1375 1042 1421 facias.

559 1451 704 1493 XVII.
727 1450 784 1492 Ut
806 1456 949 1492 autem
984 1447 1280 1503 concordetis,
1308 1448 1521 1493 abstinete
1552 1463 1628 1494 vos
1653 1463 1677 1492 a
1699 1446 1893 1504 detestat-l

500 1517 662 1563 bilibus
696 1517 953 1577 corruptelis
987 1526 1031 1561 et
1052 1532 1076 1560 a
1097 1516 1426 1561 detestabilibus
1461 1518 1837 1578 inquisitionibus,
1861 1506 1892 1594 af

499 1605 524 1633 a
545 1588 857 1633 mathematicis
873 1622 884 1642 ,
911 1587 966 1631 ab
988 1587 1292 1646 haruspicibus
1309 1621 1320 1642 ,
1347 1603 1370 1631 a
1389 1587 1600 1646 sortilegis
1617 1622 1628 1642 ,
1664 1588 1720 1632 ab
1750 1598 1891 1650 :lugu-:j

500 1660 620 1704 ribus
638 1695 649 1716 ,
671 1676 694 1704 a
715 1658 945 1717 sacrilegiis
965 1679 975 1715 3
1004 1658 1218 1702 abstinete
1251 1673 1348 1713 vos,
1387 1667 1604 1718 quantum
1625 1659 1825 1718 potestis,
1860 1655 1889 1727 a(

501 1731 739 1790 nugatoriis
767 1727 1041 1788 spectaculis.
1067 1729 1110 1773 Si
1131 1744 1231 1787 quae
1260 1727 1569 1773 delectationes
1594 1730 1741 1774 saeculi
1777 1729 1888 1798 sub-¹¹

498 1809 660 1860 repunt
701 1800 747 1842 in
779 1799 998 1854 animam,
1030 1807 1222 1840 exercete
1248 1814 1323 1840 vos
1353 1798 1399 1839 in
1427 1799 1742 1853 misericordia,
1769 1805 1887 1868 exer-q

498 1879 591 1916 cete
627 1884 704 1914 vos
744 1868 790 1911 in
834 1865 1119 1923 eleemosynis
1137 1900 1148 1920 ,
1188 1866 1233 1909 in
1271 1866 1444 1925 jejuniis
1460 1900 1471 1922 ,
1508 1867 1555 1910 in
1596 1868 1885 1920 orationibus4‘

497 1941 573 1985 His
609 1939 725 1983 enim
761 1945 1005 1997 purgantur
1026 1934 1279 1995 quotidiana
1307 1946 1483 1995 peccata
1500 1971 1511 1991 ,
1538 1953 1638 1996 quae
1661 1953 1750 1982 non
1783 1923 1884 2004 pos—1¹

495 2020 597 2055 sunt
627 2009 707 2053 nisi
735 2008 967 2067 subrepere
990 2006 1036 2049 in
1060 2006 1248 2050 animam
1280 2015 1456 2065 propter
1490 2005 1764 2065 fragilitatem
1795 2005 1882 2052 hu-⁸

495 2096 685 2126 manam.
711 2078 810 2126 Noli
841 2076 913 2121 illa
947 2085 1254 2130 contemnere,
1296 2077 1398 2136 quia
1440 2076 1607 2121 minora
1643 2087 1770 2136 sunt,
1804 2093 1822 2122 s

496 2154 625 2207 time,
662 2151 764 2211 quia
804 2148 931 2208 plura
965 2156 1080 2191 sunt.
1117 2146 1341 2190 Attendite
1378 2144 1531 2192 fratres
1570 2148 1669 2192 mei.
1709 2148 1879 2229 Minuta]

497 2232 622 2277 sunt,
661 2236 752 2266 non
785 2227 887 2263 sunt
922 2230 1092 2274 magna.
1134 2218 1232 2261 Non
1267 2224 1330 2259 est
1363 2215 1499 2261 bestia
1534 2218 1657 2277 quasi
1691 2217 1782 2273 leo,
1829 2225 1878 2287 ¹1¹4

496 2308 586 2336 uno
603 2306 750 2335 morsu
773 2297 923 2349 guttur
949 2285 1117 2343 frangat
1140 2304 1147 2329 :
1173 2284 1248 2329 sed
1273 2294 1316 2329 et
1336 2285 1594 2346 plerumque
1622 2287 1770 2332 bestiae
1792 2287 1877 2345 mi-1'

497 2373 617 2408 nutae
655 2361 805 2405 multae
847 2367 1019 2404 necant.
1063 2356 1106 2402 Si
1147 2357 1396 2416 projiciatur
1441 2359 1670 2418 quisquam
1717 2359 1763 2402 in
1807 2351 1875 2418 lo-{

496 2450 598 2480 cum
624 2432 841 2493 pulicibus
869 2430 1048 2490 plenum
1067 2462 1077 2482 ,
1112 2426 1329 2486 numquid
1347 2443 1436 2472 non
1459 2429 1641 2473 moritur
1663 2429 1754 2472 ibi?
1775 2426 1873 2486 Non}

494 2515 595 2551 sunt
615 2502 792 2565 quidem
821 2502 1001 2561 majores
1024 2499 1126 2545 :sed
1160 2498 1330 2543 infirma
1367 2508 1430 2544 est
1463 2509 1618 2545 natura
1646 2500 1834 2544 humana
1851 2531 1871 2571 ,1,

542 2597 552 2613 ¹
573 2589 652 2624 Tob.
671 2600 717 2631 iv,
733 2587 785 2622 16.
1865 2602 1869 2631 ἰ
