1867 3320
379 284 518 313 snnMo
549 285 688 325 xxxv,
727 288 772 316 nv
807 288 1053 317 Pnovmums
1084 288 1330 322 snomoms.
1453 281 1536 322 459

161 468 766 488 mmmmmtufltvmtummmm

979 471 1533 494 mmmm

601 618 828 666 SERMO
865 622 1082 669 xxxv1.
1126 685 1131 688 ,

158 793 222 836 De
242 804 295 834 eo
316 786 439 850 quod
458 787 669 848 seriptum
691 798 754 834 est
770 790 815 834 in
837 791 1077 836 Proverbiis
1101 792 1339 838 Salomonis
1361 813 1369 839 :
1391 794 1532 840 Sisa·

213 860 354 921 piens
367 860 557 921 fueris,
584 857 672 903 tibi
702 869 747 905 et
774 861 1008 920 proximis
1035 864 1125 908 tuis
1162 865 1275 923 eris,
1307 866 1350 909 si
1380 875 1534 910 autem

219 928 376 975 malas
398 931 623 993 evaseris,
645 929 773 975 solus
794 931 987 976 hauries
1009 932 1157 978 mala.

216 1102 254 1144 Ι.
274 1099 430 1145 Divina
454 1098 629 1159 eloquia
648 1098 683 1143 si
696 1113 786 1144 non
801 1097 1069 1157 negligenter
1088 1099 1333 1156 audiantur,
1347 1116 1436 1146 non
1456 1102 1537 1146 im-

155 1171 315 1216 merito
337 1170 523 1216 forsitan
546 1178 716 1215 moveat
738 1169 850 1214 illud
872 1171 992 1229 quod
1006 1170 1208 1230 scriptum
1233 1181 1317 1227 est,
1346 1172 1485 1227 «Fili,
1506 1176 1536 1217 si

158 1259 180 1285 »
214 1242 383 1301 sapiens
424 1239 583 1297 fueris,
620 1241 700 1285 tibi
724 1241 893 1300 sapien's
924 1241 1025 1296 eris,
1057 1251 1099 1286 et
1132 1243 1334 1300 proximis
1364 1243 1472 1300 tuis,
1504 1245 1536 1287 si

157 1331 179 1355 »
215 1321 365 1357 autem
386 1311 527 1356 malus
549 1312 755 1367 evaseris,
775 1310 892 1356 solus
909 1311 1078 1356 hauries
1097 1312 1246 1356 mala.²
1271 1331 1289 1353 »
1311 1315 1537 1366 Quomodo

154 1384 239 1428 hoc
263 1383 380 1427 enim
401 1391 519 1427 recte
541 1382 675 1441 possit
712 1380 926 1439 intelligi?
948 1381 1307 1442 Quandoquidem
1329 1384 1438 1428 sicut
1461 1400 1536 1430 nos

157 1453 277 1499 bona
297 1447 483 1513 proximi
498 1453 692 1497 laetificat
712 1452 799 1497 vita
814 1487 824 1507 ,
850 1453 908 1496 ita
931 1453 1059 1496 etiam
1082 1468 1278 1512 perversa
1299 1455 1532 1499 contristat.

154 1527 245 1570 Aut
265 1524 300 1568 si
321 1524 405 1569 hoc
437 1533 614 1583 propter
636 1523 880 1568 suasionem
910 1522 1074 1568 dictum
1104 1533 1305 1582 putatur,
1339 1525 1439 1583 quia
1469 1540 1536 1570 sa-

155 1595 279 1655 piens
301 1603 345 1639 et
359 1593 441 1638 sibi
464 1602 550 1648 est,
576 1602 620 1637 et
641 1593 699 1637 eis
717 1593 876 1653 quibus
900 1593 1129 1652 persuadet
1145 1595 1394 1652 sapientiam
1416 1615 1426 1650 3
1449 1611 1536 1655 quo

154 1674 284 1726 pacto
319 1665 353 1709 si
393 1664 533 1709 malus
573 1664 781 1719 evaserit,
821 1664 936 1709 solus
974 1665 1143 1709 hauriet
1175 1664 1304 1719 mala,
1344 1680 1443 1710 cum
1473 1666 1535 1710 de

155 1735 310 1782 talium
337 1735 689 1795 persuasionibus
723 1735 890 1780 dietum
924 1735 977 1778 sit
1001 1753 1010 1780 ι
1039 1753 1058 1776 «
1082 1736 1377 1793 Corrumpunt
1399 1750 1536 1779 mores

158 1825 178 1849 »
214 1807 354 1851 bonos
370 1804 589 1865 colloquia
606 1804 774 1849 malassi'
796 1803 908 1858 Quid
929 1803 1043 1848 enim
1066 1803 1183 1848 aliud
1204 1803 1359 1848 clamat
1373 1820 1453 1849 vox
1466 1805 1534 1849 illa

155 1875 379 1922 charitatis
410 1894 419 1920 z
448 1893 468 1917 a
497 1876 539 1920 Si
567 1874 834 1933 glorificatur
868 1889 1007 1919 unum
1041 1873 1311 1928 membrum,
1348 1889 1535 1933 congau-

159 1966 180 1990 »
213 1947 322 1991 dent
343 1946 489 1991 omnia
508 1946 732 2003 membra,
771 1954 816 1990 et
847 1945 880 1988 si
914 1946 1076 2004 patitur
1098 1960 1234 1988 unum
1258 1945 1503 1989 membrum
1522 1982 1532 2001 ,

158 2036 179 2060 »
213 2017 542 2076 compatiuntur
560 2016 705 2061 omnia
727 2015 954 2059 membra?
972 2033 991 2057 »
1011 2016 1236 2068 Quomodo
1260 2030 1364 2073 ergo
1387 2030 1535 2060 verum

154 2097 234 2143 est,
263 2106 285 2130 «
312 2086 420 2142 Fili,
440 2087 474 2130 si
496 2087 664 2146 sapiens
686 2084 839 2141 fueris,
862 2086 938 2129 tibi
956 2086 1122 2145 sapiens
1145 2085 1245 2139 eris,
1271 2095 1312 2129 et
1332 2086 1533 2144 proximis

157 2177 180 2203 ι)
214 2159 322 2217 tuis,
352 2158 388 2202 si
416 2167 562 2202 autem
591 2157 729 2202 malus
757 2158 964 2212 evaseris,
1004 2157 1117 2202 solus
1145 2157 1313 2201 hauries
1347 2156 1485 2200 mala?
1510 2175 1530 2198 »

155 2228 389 2284 Quomodo
421 2229 512 2288 ejus
538 2228 654 2273 bono
687 2227 914 2288 gaudebo,
945 2228 1064 2286 cujus
1092 2226 1205 2270 malo
1236 2226 1279 2268 in
1306 2241 1374 2268 me
1396 2226 1532 2270 malus

154 2317 245 2346 non
263 2302 362 2346 ero?
385 2302 612 2354 Quomodo
635 2315 702 2345 me
733 2299 920 2345 delectat
950 2300 1171 2352 inventus,
1196 2299 1270 2356 qui
1293 2314 1360 2342 me
1383 2314 1532 2343 scouro

156 2373 316 2432 poterit
353 2387 443 2416 esse
487 2370 708 2430 perditus?
737 2373 890 2417 Nonne
922 2370 955 2413 si
990 2369 1156 2427 sapiens
1191 2367 1344 2421 suerit,
1379 2383 1529 2412 sanum

155 2443 403 2489 membrum
436 2442 539 2498 erit,
574 2443 645 2487 cui
672 2451 826 2487 caetera
857 2441 1046 2485 membra
1080 2439 1384 2497 congaudent?
1414 2444 1531 2492 Quo-

217 2559 226 2576 ¹
255 2552 348 2586 Alias.
370 2563 408 2585 10
435 2563 474 2585 ex
497 2552 735 2585 Sirmondianis.
755 2569 796 2576 —
815 2559 827 2574 ²
852 2553 946 2583 Prov.
972 2561 1014 2591 ix,
1047 2550 1209 2590 12‚juxta
1229 2559 1298 2580 tu.
1323 2565 1361 2571 —
1388 2547 1401 2572 ³
1425 2559 1433 2580 ι
1453 2550 1524 2579 (lor.

157 2618 215 2651 xv,
235 2609 286 2643 13.
308 2626 349 2633 —
372 2607 389 2639 4
407 2608 456 2643 ld.
476 2620 532 2651 xu,
551 2608 604 2641 26.
