<?xml version="1.0" encoding="UTF-8"?>
<!DOCTYPE html PUBLIC "-//W3C//DTD XHTML 1.0 Transitional//EN"
    "http://www.w3.org/TR/xhtml1/DTD/xhtml1-transitional.dtd">
<html xmlns="http://www.w3.org/1999/xhtml" xml:lang="en" lang="en">
 <head>
  <title>
</title>
<meta http-equiv="Content-Type" content="text/html;charset=utf-8" />
  <meta name='ocr-system' content='tesseract 3.04.00' />
  <meta name='ocr-capabilities' content='ocr_page ocr_carea ocr_par ocr_line ocrx_word'/>
</head>
<body>
  <div class='ocr_page' id='page_1' title='image "./operaomniaaccura17auguuoft_0568.png"; bbox 0 0 1924 3309; ppageno 0'>
   <div class='ocr_carea' id='block_1_1' title="bbox 460 278 1405 323">
    <p class='ocr_par' dir='ltr' id='par_1_1' title="bbox 460 278 1405 323">
     <span class='ocr_line' id='line_1_1' title="bbox 460 278 1405 323; baseline 0.002 -5"><span class='ocrx_word' id='word_1_1' title='bbox 460 278 544 318; x_wconf 79' lang='lat'>546</span> <span class='ocrx_word' id='word_1_2' title='bbox 890 290 923 319; x_wconf 87' lang='lat' dir='ltr'>S.</span> <span class='ocrx_word' id='word_1_3' title='bbox 960 289 1191 321; x_wconf 73' lang='lat' dir='ltr'>Auensnm</span> <span class='ocrx_word' id='word_1_4' title='bbox 1225 295 1405 323; x_wconf 58' lang='lat' dir='ltr'>eviscovi</span> 
     </span>
    </p>
   </div>
   <div class='ocr_carea' id='block_1_2' title="bbox 433 356 1847 2620">
    <p class='ocr_par' dir='ltr' id='par_1_2' title="bbox 433 356 1847 2620">
     <span class='ocr_line' id='line_1_2' title="bbox 446 356 1843 419; baseline 0.004 -19"><span class='ocrx_word' id='word_1_5' title='bbox 446 357 571 417; x_wconf 86' lang='lat' dir='ltr'>quasi</span> <span class='ocrx_word' id='word_1_6' title='bbox 592 357 829 401; x_wconf 85' lang='lat' dir='ltr'>obscurum</span> <span class='ocrx_word' id='word_1_7' title='bbox 845 356 1034 403; x_wconf 88' lang='lat' dir='ltr'>videtur.</span> <span class='ocrx_word' id='word_1_8' title='bbox 1067 362 1213 403; x_wconf 82' lang='lat' dir='ltr'>Potest</span> <span class='ocrx_word' id='word_1_9' title='bbox 1235 358 1389 419; x_wconf 77' lang='lat' dir='ltr'>aiiquis</span> <span class='ocrx_word' id='word_1_10' title='bbox 1412 356 1554 403; x_wconf 83' lang='lat' dir='ltr'>dicere</span> <span class='ocrx_word' id='word_1_11' title='bbox 1583 379 1592 404; x_wconf 78' lang='lat'>2</span> <span class='ocrx_word' id='word_1_12' title='bbox 1619 359 1702 404; x_wconf 85' lang='lat' dir='ltr'>Ubi</span> <span class='ocrx_word' id='word_1_13' title='bbox 1719 376 1843 405; x_wconf 86' lang='lat' dir='ltr'>mons</span> 
     </span>
     <span class='ocr_line' id='line_1_3' title="bbox 443 427 1847 490; baseline 0.003 -18"><span class='ocrx_word' id='word_1_14' title='bbox 443 427 726 472; x_wconf 75' lang='lat' dir='ltr'>EcclesiaPet</span> <span class='ocrx_word' id='word_1_15' title='bbox 741 429 921 489; x_wconf 87' lang='lat' dir='ltr'>quando</span> <span class='ocrx_word' id='word_1_16' title='bbox 944 444 1069 474; x_wconf 91' lang='lat' dir='ltr'>mons</span> <span class='ocrx_word' id='word_1_17' title='bbox 1087 428 1319 474; x_wconf 78' lang='lat' dir='ltr'>Christus?</span> <span class='ocrx_word' id='word_1_18' title='bbox 1342 439 1384 474; x_wconf 90' lang='lat' dir='ltr'>et</span> <span class='ocrx_word' id='word_1_19' title='bbox 1399 430 1577 490; x_wconf 83' lang='lat' dir='ltr'>quando</span> <span class='ocrx_word' id='word_1_20' title='bbox 1599 446 1723 476; x_wconf 85' lang='lat' dir='ltr'>mons</span> <span class='ocrx_word' id='word_1_21' title='bbox 1745 447 1847 476; x_wconf 88' lang='lat' dir='ltr'>cor-</span> 
     </span>
     <span class='ocr_line' id='line_1_4' title="bbox 442 499 1847 557; baseline 0.003 -15"><span class='ocrx_word' id='word_1_22' title='bbox 442 513 524 557; x_wconf 90' lang='lat' dir='ltr'>pus</span> <span class='ocrx_word' id='word_1_23' title='bbox 545 499 730 545; x_wconf 81' lang='lat' dir='ltr'>Christi?</span> <span class='ocrx_word' id='word_1_24' title='bbox 752 499 1090 545; x_wconf 84' lang='lat' dir='ltr'>Evidentissime</span> <span class='ocrx_word' id='word_1_25' title='bbox 1111 499 1264 543; x_wconf 80' lang='lat' dir='ltr'>Daniel</span> <span class='ocrx_word' id='word_1_26' title='bbox 1284 499 1389 544; x_wconf 79' lang='lat' dir='ltr'>dicit</span> <span class='ocrx_word' id='word_1_27' title='bbox 1412 520 1420 546; x_wconf 76' lang='grc' dir='ltr'>ε</span> <span class='ocrx_word' id='word_1_28' title='bbox 1442 517 1571 547; x_wconf 73' lang='lat' dir='ltr'>nemo</span> <span class='ocrx_word' id='word_1_29' title='bbox 1595 502 1698 546; x_wconf 86' lang='lat' dir='ltr'>inde</span> <span class='ocrx_word' id='word_1_30' title='bbox 1715 501 1847 547; x_wconf 87' lang='lat' dir='ltr'>dubi-</span> 
     </span>
     <span class='ocr_line' id='line_1_5' title="bbox 441 569 1845 633; baseline 0.003 -19"><span class='ocrx_word' id='word_1_31' title='bbox 441 577 522 615; x_wconf 88' lang='lat' dir='ltr'>tat.</span> <span class='ocrx_word' id='word_1_32' title='bbox 547 570 769 616; x_wconf 87' lang='lat' dir='ltr'>Visionem</span> <span class='ocrx_word' id='word_1_33' title='bbox 791 570 902 616; x_wconf 91' lang='lat' dir='ltr'>vidit</span> <span class='ocrx_word' id='word_1_34' title='bbox 922 569 1097 626; x_wconf 84' lang='lat' dir='ltr'>Daniel,</span> <span class='ocrx_word' id='word_1_35' title='bbox 1116 571 1207 631; x_wconf 90' lang='lat' dir='ltr'>jam</span> <span class='ocrx_word' id='word_1_36' title='bbox 1237 570 1459 632; x_wconf 86' lang='lat' dir='ltr'>numquid</span> <span class='ocrx_word' id='word_1_37' title='bbox 1487 572 1653 631; x_wconf 83' lang='lat' dir='ltr'>indiget</span> <span class='ocrx_word' id='word_1_38' title='bbox 1676 573 1845 633; x_wconf 85' lang='lat' dir='ltr'>exposi-</span> 
     </span>
     <span class='ocr_line' id='line_1_6' title="bbox 440 642 1846 697; baseline 0.002 -11"><span class='ocrx_word' id='word_1_39' title='bbox 440 643 564 686; x_wconf 79' lang='lat' dir='ltr'>tore?</span> <span class='ocrx_word' id='word_1_40' title='bbox 597 642 756 688; x_wconf 91' lang='lat' dir='ltr'>Videat</span> <span class='ocrx_word' id='word_1_41' title='bbox 784 643 985 689; x_wconf 86' lang='lat' dir='ltr'>Charitas</span> <span class='ocrx_word' id='word_1_42' title='bbox 1017 644 1184 688; x_wconf 90' lang='lat' dir='ltr'>Vestra.</span> <span class='ocrx_word' id='word_1_43' title='bbox 1222 643 1434 697; x_wconf 82' lang='lat' dir='ltr'>Quaedam</span> <span class='ocrx_word' id='word_1_44' title='bbox 1470 645 1603 689; x_wconf 89' lang='lat' dir='ltr'>verba</span> <span class='ocrx_word' id='word_1_45' title='bbox 1635 645 1696 688; x_wconf 90' lang='lat' dir='ltr'>ibi</span> <span class='ocrx_word' id='word_1_46' title='bbox 1733 643 1846 689; x_wconf 88' lang='lat' dir='ltr'>forte</span> 
     </span>
     <span class='ocr_line' id='line_1_7' title="bbox 439 712 1844 776; baseline 0.002 -18"><span class='ocrx_word' id='word_1_47' title='bbox 439 712 643 775; x_wconf 87' lang='lat' dir='ltr'>indigent</span> <span class='ocrx_word' id='word_1_48' title='bbox 681 714 972 775; x_wconf 82' lang='lat' dir='ltr'>expositione,</span> <span class='ocrx_word' id='word_1_49' title='bbox 1008 730 1108 774; x_wconf 83' lang='lat' dir='ltr'>quae</span> <span class='ocrx_word' id='word_1_50' title='bbox 1150 715 1197 759; x_wconf 92' lang='lat' dir='ltr'>in</span> <span class='ocrx_word' id='word_1_51' title='bbox 1235 715 1414 760; x_wconf 89' lang='lat' dir='ltr'>nomine</span> <span class='ocrx_word' id='word_1_52' title='bbox 1453 716 1616 762; x_wconf 83' lang='lat' dir='ltr'>Christi</span> <span class='ocrx_word' id='word_1_53' title='bbox 1652 717 1844 776; x_wconf 84' lang='lat' dir='ltr'>exposita</span> 
     </span>
     <span class='ocr_line' id='line_1_8' title="bbox 438 785 1841 846; baseline 0.001 -16"><span class='ocrx_word' id='word_1_54' title='bbox 438 787 692 846; x_wconf 85' lang='lat' dir='ltr'>aperientur</span> <span class='ocrx_word' id='word_1_55' title='bbox 729 786 872 831; x_wconf 90' lang='lat' dir='ltr'>vobis.</span> <span class='ocrx_word' id='word_1_56' title='bbox 911 785 1069 831; x_wconf 84' lang='lat' dir='ltr'>Videte</span> <span class='ocrx_word' id='word_1_57' title='bbox 1100 787 1135 831; x_wconf 91' lang='lat' dir='ltr'>si</span> <span class='ocrx_word' id='word_1_58' title='bbox 1169 795 1313 846; x_wconf 88' lang='lat' dir='ltr'>potest</span> <span class='ocrx_word' id='word_1_59' title='bbox 1340 786 1426 832; x_wconf 88' lang='lat' dir='ltr'>dici</span> <span class='ocrx_word' id='word_1_60' title='bbox 1455 788 1537 832; x_wconf 88' lang='lat' dir='ltr'>nisi</span> <span class='ocrx_word' id='word_1_61' title='bbox 1565 786 1621 832; x_wconf 91' lang='lat' dir='ltr'>de</span> <span class='ocrx_word' id='word_1_62' title='bbox 1649 788 1841 834; x_wconf 90' lang='lat' dir='ltr'>Christo.</span> 
     </span>
     <span class='ocr_line' id='line_1_9' title="bbox 439 857 1845 918; baseline 0.003 -19"><span class='ocrx_word' id='word_1_63' title='bbox 439 875 460 899; x_wconf 91' lang='lat'>»</span> <span class='ocrx_word' id='word_1_64' title='bbox 496 857 619 914; x_wconf 88' lang='lat' dir='ltr'>Vidi,</span> <span class='ocrx_word' id='word_1_65' title='bbox 643 859 752 904; x_wconf 84' lang='lat' dir='ltr'>dixit</span> <span class='ocrx_word' id='word_1_66' title='bbox 773 857 953 914; x_wconf 82' lang='lat' dir='ltr'>Daniel,</span> <span class='ocrx_word' id='word_1_67' title='bbox 975 867 1019 903; x_wconf 88' lang='lat' dir='ltr'>et</span> <span class='ocrx_word' id='word_1_68' title='bbox 1031 873 1132 902; x_wconf 88' lang='lat' dir='ltr'>ecce</span> <span class='ocrx_word' id='word_1_69' title='bbox 1149 857 1259 918; x_wconf 90' lang='lat' dir='ltr'>lapis</span> <span class='ocrx_word' id='word_1_70' title='bbox 1277 858 1489 904; x_wconf 91' lang='lat' dir='ltr'>abscissus</span> <span class='ocrx_word' id='word_1_71' title='bbox 1511 858 1566 903; x_wconf 91' lang='lat' dir='ltr'>de</span> <span class='ocrx_word' id='word_1_72' title='bbox 1589 868 1740 904; x_wconf 90' lang='lat' dir='ltr'>monte</span> <span class='ocrx_word' id='word_1_73' title='bbox 1755 860 1845 904; x_wconf 92' lang='lat' dir='ltr'>sine</span> 
     </span>
     <span class='ocr_line' id='line_1_10' title="bbox 440 928 1844 986; baseline 0.003 -16"><span class='ocrx_word' id='word_1_74' title='bbox 440 946 462 970; x_wconf 89' lang='lat'>»</span> <span class='ocrx_word' id='word_1_75' title='bbox 497 929 744 974; x_wconf 46' lang='lat' dir='ltr'>manibus&amp;</span> <span class='ocrx_word' id='word_1_76' title='bbox 782 950 801 972; x_wconf 88' lang='lat'>»</span> <span class='ocrx_word' id='word_1_77' title='bbox 833 932 931 976; x_wconf 91' lang='lat' dir='ltr'>Non</span> <span class='ocrx_word' id='word_1_78' title='bbox 970 930 1055 974; x_wconf 91' lang='lat' dir='ltr'>hoc</span> <span class='ocrx_word' id='word_1_79' title='bbox 1095 929 1230 986; x_wconf 81' lang='lat' dir='ltr'>dixit,</span> <span class='ocrx_word' id='word_1_80' title='bbox 1269 930 1370 975; x_wconf 86' lang='lat' dir='ltr'>Sine</span> <span class='ocrx_word' id='word_1_81' title='bbox 1408 929 1608 974; x_wconf 91' lang='lat' dir='ltr'>manibus</span> <span class='ocrx_word' id='word_1_82' title='bbox 1648 938 1741 975; x_wconf 89' lang='lat' dir='ltr'>erat</span> <span class='ocrx_word' id='word_1_83' title='bbox 1770 928 1844 974; x_wconf 88' lang='lat' dir='ltr'>ille</span> 
     </span>
     <span class='ocr_line' id='line_1_11' title="bbox 435 997 1838 1060; baseline 0.001 -17"><span class='ocrx_word' id='word_1_84' title='bbox 435 997 546 1058; x_wconf 83' lang='lat' dir='ltr'>lapis</span> <span class='ocrx_word' id='word_1_85' title='bbox 571 1019 581 1045; x_wconf 73' lang='grc' dir='ltr'>ε</span> <span class='ocrx_word' id='word_1_86' title='bbox 605 1000 684 1045; x_wconf 85' lang='lat' dir='ltr'>sed</span> <span class='ocrx_word' id='word_1_87' title='bbox 713 1000 805 1044; x_wconf 91' lang='lat' dir='ltr'>sine</span> <span class='ocrx_word' id='word_1_88' title='bbox 827 1015 958 1060; x_wconf 86' lang='lat' dir='ltr'>opere</span> <span class='ocrx_word' id='word_1_89' title='bbox 990 1000 1186 1044; x_wconf 88' lang='lat' dir='ltr'>humano</span> <span class='ocrx_word' id='word_1_90' title='bbox 1216 1000 1422 1060; x_wconf 84' lang='lat' dir='ltr'>praecisus</span> <span class='ocrx_word' id='word_1_91' title='bbox 1442 1000 1552 1060; x_wconf 89' lang='lat' dir='ltr'>lapis</span> <span class='ocrx_word' id='word_1_92' title='bbox 1581 999 1635 1044; x_wconf 90' lang='lat' dir='ltr'>de</span> <span class='ocrx_word' id='word_1_93' title='bbox 1659 1008 1838 1059; x_wconf 78' lang='lat' dir='ltr'>monte3</span> 
     </span>
     <span class='ocr_line' id='line_1_12' title="bbox 435 1070 1842 1131; baseline 0 -17"><span class='ocrx_word' id='word_1_94' title='bbox 435 1084 528 1114; x_wconf 92' lang='lat' dir='ltr'>non</span> <span class='ocrx_word' id='word_1_95' title='bbox 548 1070 755 1116; x_wconf 84' lang='lat' dir='ltr'>humanae</span> <span class='ocrx_word' id='word_1_96' title='bbox 774 1086 929 1115; x_wconf 89' lang='lat' dir='ltr'>manus</span> <span class='ocrx_word' id='word_1_97' title='bbox 952 1080 1228 1116; x_wconf 90' lang='lat' dir='ltr'>accesserunt</span> <span class='ocrx_word' id='word_1_98' title='bbox 1242 1105 1254 1126; x_wconf 92' lang='lat'>,</span> <span class='ocrx_word' id='word_1_99' title='bbox 1278 1081 1327 1115; x_wconf 92' lang='lat' dir='ltr'>ut</span> <span class='ocrx_word' id='word_1_100' title='bbox 1348 1071 1458 1131; x_wconf 90' lang='lat' dir='ltr'>lapis</span> <span class='ocrx_word' id='word_1_101' title='bbox 1481 1071 1536 1115; x_wconf 90' lang='lat' dir='ltr'>de</span> <span class='ocrx_word' id='word_1_102' title='bbox 1559 1080 1709 1116; x_wconf 90' lang='lat' dir='ltr'>monte</span> <span class='ocrx_word' id='word_1_103' title='bbox 1731 1086 1842 1130; x_wconf 84' lang='lat' dir='ltr'>prae-</span> 
     </span>
     <span class='ocr_line' id='line_1_13' title="bbox 437 1139 1841 1201; baseline 0.001 -18"><span class='ocrx_word' id='word_1_104' title='bbox 437 1139 670 1185; x_wconf 89' lang='lat' dir='ltr'>cideretur.</span> <span class='ocrx_word' id='word_1_105' title='bbox 696 1142 825 1188; x_wconf 89' lang='lat' dir='ltr'>Novit</span> <span class='ocrx_word' id='word_1_106' title='bbox 847 1141 1043 1187; x_wconf 84' lang='lat' dir='ltr'>Charitas</span> <span class='ocrx_word' id='word_1_107' title='bbox 1067 1143 1219 1185; x_wconf 91' lang='lat' dir='ltr'>Vestra</span> <span class='ocrx_word' id='word_1_108' title='bbox 1237 1175 1248 1197; x_wconf 90' lang='lat'>,</span> <span class='ocrx_word' id='word_1_109' title='bbox 1279 1142 1382 1201; x_wconf 84' lang='lat' dir='ltr'>quia</span> <span class='ocrx_word' id='word_1_110' title='bbox 1418 1157 1507 1186; x_wconf 90' lang='lat' dir='ltr'>non</span> <span class='ocrx_word' id='word_1_111' title='bbox 1539 1142 1841 1201; x_wconf 84' lang='lat' dir='ltr'>praeciduntur</span> 
     </span>
     <span class='ocr_line' id='line_1_14' title="bbox 433 1211 1838 1271; baseline 0.001 -16"><span class='ocrx_word' id='word_1_112' title='bbox 433 1211 600 1271; x_wconf 86' lang='lat' dir='ltr'>lapides</span> <span class='ocrx_word' id='word_1_113' title='bbox 627 1212 682 1256; x_wconf 91' lang='lat' dir='ltr'>de</span> <span class='ocrx_word' id='word_1_114' title='bbox 706 1221 879 1267; x_wconf 90' lang='lat' dir='ltr'>monte,</span> <span class='ocrx_word' id='word_1_115' title='bbox 920 1212 1002 1256; x_wconf 90' lang='lat' dir='ltr'>nisi</span> <span class='ocrx_word' id='word_1_116' title='bbox 1039 1211 1350 1256; x_wconf 86' lang='lat' dir='ltr'>accedentibus</span> <span class='ocrx_word' id='word_1_117' title='bbox 1388 1213 1588 1256; x_wconf 87' lang='lat' dir='ltr'>manibus</span> <span class='ocrx_word' id='word_1_118' title='bbox 1620 1213 1838 1257; x_wconf 89' lang='lat' dir='ltr'>humanis.</span> 
     </span>
     <span class='ocr_line' id='line_1_15' title="bbox 439 1282 1840 1344; baseline 0.001 -18"><span class='ocrx_word' id='word_1_119' title='bbox 439 1282 520 1327; x_wconf 91' lang='lat' dir='ltr'>Ille</span> <span class='ocrx_word' id='word_1_120' title='bbox 538 1292 687 1328; x_wconf 90' lang='lat' dir='ltr'>autem</span> <span class='ocrx_word' id='word_1_121' title='bbox 709 1284 914 1344; x_wconf 80' lang='lat' dir='ltr'>praecisus</span> <span class='ocrx_word' id='word_1_122' title='bbox 934 1292 997 1327; x_wconf 91' lang='lat' dir='ltr'>est</span> <span class='ocrx_word' id='word_1_123' title='bbox 1017 1282 1071 1327; x_wconf 91' lang='lat' dir='ltr'>de</span> <span class='ocrx_word' id='word_1_124' title='bbox 1093 1292 1244 1328; x_wconf 89' lang='lat' dir='ltr'>monte</span> <span class='ocrx_word' id='word_1_125' title='bbox 1261 1283 1353 1327; x_wconf 91' lang='lat' dir='ltr'>sine</span> <span class='ocrx_word' id='word_1_126' title='bbox 1375 1283 1577 1328; x_wconf 88' lang='lat' dir='ltr'>manibus</span> <span class='ocrx_word' id='word_1_127' title='bbox 1604 1303 1613 1329; x_wconf 92' lang='lat'>:</span> <span class='ocrx_word' id='word_1_128' title='bbox 1639 1293 1682 1328; x_wconf 89' lang='lat' dir='ltr'>et</span> <span class='ocrx_word' id='word_1_129' title='bbox 1706 1284 1840 1339; x_wconf 87' lang='lat' dir='ltr'>venit,</span> 
     </span>
     <span class='ocr_line' id='line_1_16' title="bbox 443 1353 1844 1414; baseline 0 -16"><span class='ocrx_word' id='word_1_130' title='bbox 443 1362 489 1398; x_wconf 92' lang='lat' dir='ltr'>et</span> <span class='ocrx_word' id='word_1_131' title='bbox 521 1353 737 1414; x_wconf 86' lang='lat' dir='ltr'>confregit</span> <span class='ocrx_word' id='word_1_132' title='bbox 771 1354 917 1399; x_wconf 88' lang='lat' dir='ltr'>omnia</span> <span class='ocrx_word' id='word_1_133' title='bbox 957 1369 1090 1412; x_wconf 88' lang='lat' dir='ltr'>regna</span> <span class='ocrx_word' id='word_1_134' title='bbox 1126 1363 1358 1398; x_wconf 89' lang='lat' dir='ltr'>terrarum.</span> <span class='ocrx_word' id='word_1_135' title='bbox 1395 1354 1548 1400; x_wconf 84' lang='lat' dir='ltr'>Nescio</span> <span class='ocrx_word' id='word_1_136' title='bbox 1583 1355 1617 1398; x_wconf 89' lang='lat' dir='ltr'>si</span> <span class='ocrx_word' id='word_1_137' title='bbox 1649 1363 1844 1399; x_wconf 86' lang='lat' dir='ltr'>versatur</span> 
     </span>
     <span class='ocr_line' id='line_1_17' title="bbox 444 1424 1838 1485; baseline -0.001 -15"><span class='ocrx_word' id='word_1_138' title='bbox 444 1434 545 1470; x_wconf 86' lang='lat' dir='ltr'>ante</span> <span class='ocrx_word' id='word_1_139' title='bbox 582 1424 732 1470; x_wconf 89' lang='lat' dir='ltr'>oculos</span> <span class='ocrx_word' id='word_1_140' title='bbox 771 1434 934 1469; x_wconf 85' lang='lat' dir='ltr'>vestros</span> <span class='ocrx_word' id='word_1_141' title='bbox 967 1425 1048 1468; x_wconf 88' lang='lat' dir='ltr'>nisi</span> <span class='ocrx_word' id='word_1_142' title='bbox 1071 1424 1294 1479; x_wconf 88' lang='lat' dir='ltr'>Christus,</span> <span class='ocrx_word' id='word_1_143' title='bbox 1341 1424 1395 1468; x_wconf 93' lang='lat' dir='ltr'>de</span> <span class='ocrx_word' id='word_1_144' title='bbox 1418 1441 1506 1485; x_wconf 91' lang='lat' dir='ltr'>quo</span> <span class='ocrx_word' id='word_1_145' title='bbox 1543 1424 1711 1470; x_wconf 88' lang='lat' dir='ltr'>dictum</span> <span class='ocrx_word' id='word_1_146' title='bbox 1747 1434 1838 1469; x_wconf 88' lang='lat' dir='ltr'>est:</span> 
     </span>
     <span class='ocr_line' id='line_1_18' title="bbox 448 1494 1844 1555; baseline 0.001 -16"><span class='ocrx_word' id='word_1_147' title='bbox 448 1515 470 1539; x_wconf 88' lang='lat'>«</span> <span class='ocrx_word' id='word_1_148' title='bbox 504 1495 767 1541; x_wconf 85' lang='lat' dir='ltr'>Adorabunt</span> <span class='ocrx_word' id='word_1_149' title='bbox 789 1511 890 1540; x_wconf 90' lang='lat' dir='ltr'>eum</span> <span class='ocrx_word' id='word_1_150' title='bbox 920 1510 1071 1539; x_wconf 85' lang='lat' dir='ltr'>omnes</span> <span class='ocrx_word' id='word_1_151' title='bbox 1100 1510 1221 1552; x_wconf 85' lang='lat' dir='ltr'>reges</span> <span class='ocrx_word' id='word_1_152' title='bbox 1249 1504 1374 1538; x_wconf 84' lang='lat' dir='ltr'>terrae</span> <span class='ocrx_word' id='word_1_153' title='bbox 1389 1496 1421 1538; x_wconf 82' lang='lat'>².</span> <span class='ocrx_word' id='word_1_154' title='bbox 1450 1516 1467 1536; x_wconf 89' lang='lat'>»</span> <span class='ocrx_word' id='word_1_155' title='bbox 1499 1498 1596 1555; x_wconf 89' lang='lat' dir='ltr'>Ipse</span> <span class='ocrx_word' id='word_1_156' title='bbox 1628 1494 1844 1553; x_wconf 82' lang='lat' dir='ltr'>confregit</span> 
     </span>
     <span class='ocr_line' id='line_1_19' title="bbox 444 1566 1841 1628; baseline -0.002 -15"><span class='ocrx_word' id='word_1_157' title='bbox 444 1569 591 1614; x_wconf 90' lang='lat' dir='ltr'>omnia</span> <span class='ocrx_word' id='word_1_158' title='bbox 623 1584 756 1628; x_wconf 89' lang='lat' dir='ltr'>regna</span> <span class='ocrx_word' id='word_1_159' title='bbox 795 1577 1026 1612; x_wconf 87' lang='lat' dir='ltr'>terrarum.</span> <span class='ocrx_word' id='word_1_160' title='bbox 1069 1566 1292 1626; x_wconf 89' lang='lat' dir='ltr'>Superbus</span> <span class='ocrx_word' id='word_1_161' title='bbox 1330 1582 1406 1610; x_wconf 85' lang='lat' dir='ltr'>rex</span> <span class='ocrx_word' id='word_1_162' title='bbox 1446 1576 1547 1611; x_wconf 88' lang='lat' dir='ltr'>ante</span> <span class='ocrx_word' id='word_1_163' title='bbox 1588 1583 1632 1612; x_wconf 89' lang='lat' dir='ltr'>se</span> <span class='ocrx_word' id='word_1_164' title='bbox 1667 1566 1841 1611; x_wconf 88' lang='lat' dir='ltr'>nullum</span> 
     </span>
     <span class='ocr_line' id='line_1_20' title="bbox 443 1636 1839 1698; baseline -0.001 -15"><span class='ocrx_word' id='word_1_165' title='bbox 443 1654 591 1698; x_wconf 88' lang='lat' dir='ltr'>regem</span> <span class='ocrx_word' id='word_1_166' title='bbox 613 1639 709 1685; x_wconf 87' lang='lat' dir='ltr'>vult</span> <span class='ocrx_word' id='word_1_167' title='bbox 730 1639 920 1696; x_wconf 71' lang='lat' dir='ltr'>habere,</span> <span class='ocrx_word' id='word_1_168' title='bbox 944 1636 1077 1682; x_wconf 89' lang='lat' dir='ltr'>modo</span> <span class='ocrx_word' id='word_1_169' title='bbox 1103 1652 1254 1682; x_wconf 91' lang='lat' dir='ltr'>omnes</span> <span class='ocrx_word' id='word_1_170' title='bbox 1287 1652 1407 1695; x_wconf 88' lang='lat' dir='ltr'>reges</span> <span class='ocrx_word' id='word_1_171' title='bbox 1429 1637 1651 1683; x_wconf 89' lang='lat' dir='ltr'>Christum</span> <span class='ocrx_word' id='word_1_172' title='bbox 1672 1637 1839 1682; x_wconf 89' lang='lat' dir='ltr'>habent</span> 
     </span>
     <span class='ocr_line' id='line_1_21' title="bbox 442 1706 1836 1769; baseline -0.002 -15"><span class='ocrx_word' id='word_1_173' title='bbox 442 1725 606 1769; x_wconf 87' lang='lat' dir='ltr'>regem.</span> <span class='ocrx_word' id='word_1_174' title='bbox 643 1708 869 1767; x_wconf 85' lang='lat' dir='ltr'>Confregit</span> <span class='ocrx_word' id='word_1_175' title='bbox 903 1724 1006 1766; x_wconf 90' lang='lat' dir='ltr'>ergo</span> <span class='ocrx_word' id='word_1_176' title='bbox 1049 1709 1193 1752; x_wconf 89' lang='lat' dir='ltr'>omnia</span> <span class='ocrx_word' id='word_1_177' title='bbox 1238 1723 1369 1767; x_wconf 82' lang='lat' dir='ltr'>regna</span> <span class='ocrx_word' id='word_1_178' title='bbox 1400 1716 1639 1764; x_wconf 89' lang='lat' dir='ltr'>terrarum,</span> <span class='ocrx_word' id='word_1_179' title='bbox 1681 1717 1730 1752; x_wconf 93' lang='lat' dir='ltr'>ut</span> <span class='ocrx_word' id='word_1_180' title='bbox 1762 1706 1836 1751; x_wconf 85' lang='lat' dir='ltr'>ille</span> 
     </span>
     <span class='ocr_line' id='line_1_22' title="bbox 443 1777 1836 1840; baseline -0.002 -15"><span class='ocrx_word' id='word_1_181' title='bbox 443 1790 611 1840; x_wconf 84' lang='lat' dir='ltr'>regnet.</span> <span class='ocrx_word' id='word_1_182' title='bbox 635 1783 693 1825; x_wconf 90' lang='lat' dir='ltr'>Et</span> <span class='ocrx_word' id='word_1_183' title='bbox 713 1778 822 1840; x_wconf 90' lang='lat' dir='ltr'>quid</span> <span class='ocrx_word' id='word_1_184' title='bbox 845 1778 952 1823; x_wconf 89' lang='lat' dir='ltr'>dicit</span> <span class='ocrx_word' id='word_1_185' title='bbox 973 1779 1078 1822; x_wconf 75' lang='lat' dir='ltr'>iste?</span> <span class='ocrx_word' id='word_1_186' title='bbox 1108 1797 1125 1819; x_wconf 72' lang='grc' dir='ltr'>(ι</span> <span class='ocrx_word' id='word_1_187' title='bbox 1168 1778 1317 1822; x_wconf 86' lang='lat' dir='ltr'>Crevit</span> <span class='ocrx_word' id='word_1_188' title='bbox 1347 1778 1455 1837; x_wconf 87' lang='lat' dir='ltr'>lapis</span> <span class='ocrx_word' id='word_1_189' title='bbox 1488 1778 1583 1834; x_wconf 85' lang='lat' dir='ltr'>ille,</span> <span class='ocrx_word' id='word_1_190' title='bbox 1623 1787 1665 1823; x_wconf 92' lang='lat' dir='ltr'>et</span> <span class='ocrx_word' id='word_1_191' title='bbox 1694 1777 1836 1823; x_wconf 89' lang='lat' dir='ltr'>factus</span> 
     </span>
     <span class='ocr_line' id='line_1_23' title="bbox 443 1848 1835 1909; baseline -0.001 -16"><span class='ocrx_word' id='word_1_192' title='bbox 443 1869 465 1893; x_wconf 85' lang='lat'>»</span> <span class='ocrx_word' id='word_1_193' title='bbox 501 1861 566 1897; x_wconf 87' lang='lat' dir='ltr'>est</span> <span class='ocrx_word' id='word_1_194' title='bbox 582 1867 706 1897; x_wconf 88' lang='lat' dir='ltr'>mons</span> <span class='ocrx_word' id='word_1_195' title='bbox 735 1851 930 1909; x_wconf 88' lang='lat' dir='ltr'>grandis,</span> <span class='ocrx_word' id='word_1_196' title='bbox 968 1850 1028 1894; x_wconf 89' lang='lat' dir='ltr'>ita</span> <span class='ocrx_word' id='word_1_197' title='bbox 1066 1860 1115 1893; x_wconf 90' lang='lat' dir='ltr'>ut</span> <span class='ocrx_word' id='word_1_198' title='bbox 1152 1848 1352 1907; x_wconf 90' lang='lat' dir='ltr'>impleret</span> <span class='ocrx_word' id='word_1_199' title='bbox 1393 1849 1641 1894; x_wconf 85' lang='lat' dir='ltr'>universam</span> <span class='ocrx_word' id='word_1_200' title='bbox 1679 1849 1835 1893; x_wconf 70' lang='lat' dir='ltr'>faciem</span> 
     </span>
     <span class='ocr_line' id='line_1_24' title="bbox 442 1918 1837 1980; baseline 0 -17"><span class='ocrx_word' id='word_1_201' title='bbox 442 1939 463 1964; x_wconf 90' lang='lat'>»</span> <span class='ocrx_word' id='word_1_202' title='bbox 499 1932 642 1967; x_wconf 83' lang='lat' dir='ltr'>terrae.</span> <span class='ocrx_word' id='word_1_203' title='bbox 672 1940 692 1963; x_wconf 88' lang='lat'>»</span> <span class='ocrx_word' id='word_1_204' title='bbox 718 1925 814 1966; x_wconf 89' lang='lat' dir='ltr'>Jam</span> <span class='ocrx_word' id='word_1_205' title='bbox 842 1929 949 1980; x_wconf 91' lang='lat' dir='ltr'>puto</span> <span class='ocrx_word' id='word_1_206' title='bbox 984 1919 1086 1979; x_wconf 84' lang='lat' dir='ltr'>quia</span> <span class='ocrx_word' id='word_1_207' title='bbox 1113 1918 1342 1976; x_wconf 86' lang='lat' dir='ltr'>agnoscitis</span> <span class='ocrx_word' id='word_1_208' title='bbox 1371 1919 1611 1963; x_wconf 88' lang='lat' dir='ltr'>Christum.</span> <span class='ocrx_word' id='word_1_209' title='bbox 1645 1919 1837 1963; x_wconf 85' lang='lat' dir='ltr'>Audistis</span> 
     </span>
     <span class='ocr_line' id='line_1_25' title="bbox 437 1988 1832 2048; baseline -0.005 -11"><span class='ocrx_word' id='word_1_210' title='bbox 437 1990 492 2037; x_wconf 90' lang='lat' dir='ltr'>de</span> <span class='ocrx_word' id='word_1_211' title='bbox 516 2002 655 2039; x_wconf 85' lang='lat' dir='ltr'>terra:</span> <span class='ocrx_word' id='word_1_212' title='bbox 679 2011 700 2035; x_wconf 89' lang='lat'>«</span> <span class='ocrx_word' id='word_1_213' title='bbox 720 1992 807 2046; x_wconf 88' lang='lat' dir='ltr'>Qui</span> <span class='ocrx_word' id='word_1_214' title='bbox 824 1990 962 2035; x_wconf 86' lang='lat' dir='ltr'>dediti</span> <span class='ocrx_word' id='word_1_215' title='bbox 982 1990 1089 2034; x_wconf 87' lang='lat' dir='ltr'>mihi</span> <span class='ocrx_word' id='word_1_216' title='bbox 1102 1999 1248 2044; x_wconf 89' lang='lat' dir='ltr'>erunt,</span> <span class='ocrx_word' id='word_1_217' title='bbox 1275 1988 1562 2048; x_wconf 87' lang='lat' dir='ltr'>possidebunt</span> <span class='ocrx_word' id='word_1_218' title='bbox 1578 1999 1739 2034; x_wconf 89' lang='lat' dir='ltr'>terram</span> <span class='ocrx_word' id='word_1_219' title='bbox 1753 1990 1784 2033; x_wconf 79' lang='lat'>4.</span> <span class='ocrx_word' id='word_1_220' title='bbox 1813 2007 1832 2031; x_wconf 88' lang='lat'>»</span> 
     </span>
     <span class='ocr_line' id='line_1_26' title="bbox 434 2060 1834 2108; baseline -0.003 0"><span class='ocrx_word' id='word_1_221' title='bbox 434 2063 627 2108; x_wconf 86' lang='lat' dir='ltr'>Audistis</span> <span class='ocrx_word' id='word_1_222' title='bbox 656 2071 700 2107; x_wconf 89' lang='lat' dir='ltr'>et</span> <span class='ocrx_word' id='word_1_223' title='bbox 715 2062 769 2106; x_wconf 90' lang='lat' dir='ltr'>de</span> <span class='ocrx_word' id='word_1_224' title='bbox 793 2071 942 2106; x_wconf 87' lang='lat' dir='ltr'>monte</span> <span class='ocrx_word' id='word_1_225' title='bbox 965 2080 973 2105; x_wconf 94' lang='lat'>:</span> <span class='ocrx_word' id='word_1_226' title='bbox 1011 2080 1031 2103; x_wconf 90' lang='lat'>«</span> <span class='ocrx_word' id='word_1_227' title='bbox 1062 2063 1118 2104; x_wconf 91' lang='lat' dir='ltr'>Et</span> <span class='ocrx_word' id='word_1_228' title='bbox 1139 2060 1454 2104; x_wconf 85' lang='lat' dir='ltr'>inhabitabunt</span> <span class='ocrx_word' id='word_1_229' title='bbox 1483 2069 1683 2104; x_wconf 90' lang='lat' dir='ltr'>montem</span> <span class='ocrx_word' id='word_1_230' title='bbox 1705 2075 1834 2104; x_wconf 88' lang='lat' dir='ltr'>sanc-</span> 
     </span>
     <span class='ocr_line' id='line_1_27' title="bbox 435 2130 1832 2190; baseline -0.001 -14"><span class='ocrx_word' id='word_1_231' title='bbox 435 2152 457 2177; x_wconf 87' lang='lat'>»</span> <span class='ocrx_word' id='word_1_232' title='bbox 496 2144 589 2179; x_wconf 82' lang='lat' dir='ltr'>tum</span> <span class='ocrx_word' id='word_1_233' title='bbox 609 2149 770 2179; x_wconf 89' lang='lat' dir='ltr'>meum.</span> <span class='ocrx_word' id='word_1_234' title='bbox 788 2135 872 2177; x_wconf 88' lang='lat' dir='ltr'>Has</span> <span class='ocrx_word' id='word_1_235' title='bbox 890 2146 991 2190; x_wconf 87' lang='lat' dir='ltr'>ergo</span> <span class='ocrx_word' id='word_1_236' title='bbox 1009 2131 1312 2190; x_wconf 89' lang='lat' dir='ltr'>promissiones</span> <span class='ocrx_word' id='word_1_237' title='bbox 1324 2130 1559 2186; x_wconf 90' lang='lat' dir='ltr'>habentes,</span> <span class='ocrx_word' id='word_1_238' title='bbox 1578 2130 1832 2186; x_wconf 89' lang='lat' dir='ltr'>charissimi,</span> 
     </span>
     <span class='ocr_line' id='line_1_28' title="bbox 439 2201 1832 2261; baseline -0.001 -14"><span class='ocrx_word' id='word_1_239' title='bbox 439 2225 458 2247; x_wconf 87' lang='lat'>»</span> <span class='ocrx_word' id='word_1_240' title='bbox 494 2205 758 2249; x_wconf 81' lang='lat' dir='ltr'>mundemus</span> <span class='ocrx_word' id='word_1_241' title='bbox 785 2219 863 2248; x_wconf 86' lang='lat' dir='ltr'>nos</span> <span class='ocrx_word' id='word_1_242' title='bbox 886 2203 941 2247; x_wconf 89' lang='lat' dir='ltr'>ab</span> <span class='ocrx_word' id='word_1_243' title='bbox 964 2202 1085 2247; x_wconf 92' lang='lat' dir='ltr'>omni</span> <span class='ocrx_word' id='word_1_244' title='bbox 1117 2201 1479 2261; x_wconf 89' lang='lat' dir='ltr'>coinquinatione</span> <span class='ocrx_word' id='word_1_245' title='bbox 1501 2201 1641 2246; x_wconf 90' lang='lat' dir='ltr'>carnis</span> <span class='ocrx_word' id='word_1_246' title='bbox 1676 2211 1719 2246; x_wconf 93' lang='lat' dir='ltr'>et</span> <span class='ocrx_word' id='word_1_247' title='bbox 1741 2202 1832 2261; x_wconf 91' lang='lat' dir='ltr'>spi-</span> 
     </span>
     <span class='ocr_line' id='line_1_29' title="bbox 438 2270 1831 2332; baseline -0.001 -15"><span class='ocrx_word' id='word_1_248' title='bbox 438 2293 459 2317; x_wconf 85' lang='lat'>»</span> <span class='ocrx_word' id='word_1_249' title='bbox 495 2276 619 2320; x_wconf 90' lang='lat' dir='ltr'>ritus.</span> <span class='ocrx_word' id='word_1_250' title='bbox 655 2294 675 2317; x_wconf 89' lang='lat'>»</span> <span class='ocrx_word' id='word_1_251' title='bbox 715 2274 799 2320; x_wconf 91' lang='lat' dir='ltr'>Sed</span> <span class='ocrx_word' id='word_1_252' title='bbox 827 2273 940 2318; x_wconf 87' lang='lat' dir='ltr'>forte</span> <span class='ocrx_word' id='word_1_253' title='bbox 978 2271 1105 2316; x_wconf 88' lang='lat' dir='ltr'>vultis</span> <span class='ocrx_word' id='word_1_254' title='bbox 1133 2287 1258 2316; x_wconf 89' lang='lat' dir='ltr'>nosse</span> <span class='ocrx_word' id='word_1_255' title='bbox 1275 2306 1287 2327; x_wconf 91' lang='lat'>,</span> <span class='ocrx_word' id='word_1_256' title='bbox 1315 2270 1425 2331; x_wconf 82' lang='lat' dir='ltr'>quid</span> <span class='ocrx_word' id='word_1_257' title='bbox 1454 2281 1518 2316; x_wconf 88' lang='lat' dir='ltr'>est</span> <span class='ocrx_word' id='word_1_258' title='bbox 1538 2271 1719 2332; x_wconf 81' lang='lat' dir='ltr'>praecidi</span> <span class='ocrx_word' id='word_1_259' title='bbox 1739 2271 1831 2316; x_wconf 91' lang='lat' dir='ltr'>sine</span> 
     </span>
     <span class='ocr_line' id='line_1_30' title="bbox 440 2343 1830 2405; baseline -0.003 -14"><span class='ocrx_word' id='word_1_260' title='bbox 440 2348 659 2392; x_wconf 88' lang='lat' dir='ltr'>manibus.</span> <span class='ocrx_word' id='word_1_261' title='bbox 692 2349 786 2392; x_wconf 90' lang='lat' dir='ltr'>Hoc</span> <span class='ocrx_word' id='word_1_262' title='bbox 814 2345 931 2389; x_wconf 87' lang='lat' dir='ltr'>enim</span> <span class='ocrx_word' id='word_1_263' title='bbox 953 2343 1077 2405; x_wconf 86' lang='lat' dir='ltr'>quasi</span> <span class='ocrx_word' id='word_1_264' title='bbox 1105 2343 1292 2388; x_wconf 89' lang='lat' dir='ltr'>obscure</span> <span class='ocrx_word' id='word_1_265' title='bbox 1311 2344 1373 2387; x_wconf 90' lang='lat' dir='ltr'>ibi</span> <span class='ocrx_word' id='word_1_266' title='bbox 1400 2344 1590 2403; x_wconf 88' lang='lat' dir='ltr'>positum</span> <span class='ocrx_word' id='word_1_267' title='bbox 1612 2352 1704 2388; x_wconf 85' lang='lat' dir='ltr'>est:</span> <span class='ocrx_word' id='word_1_268' title='bbox 1730 2344 1830 2403; x_wconf 90' lang='lat' dir='ltr'>qui-</span> 
     </span>
     <span class='ocr_line' id='line_1_31' title="bbox 444 2413 1833 2477; baseline -0.003 -15"><span class='ocrx_word' id='word_1_269' title='bbox 444 2417 631 2462; x_wconf 88' lang='lat' dir='ltr'>busdam</span> <span class='ocrx_word' id='word_1_270' title='bbox 648 2433 751 2462; x_wconf 87' lang='lat' dir='ltr'>vero</span> <span class='ocrx_word' id='word_1_271' title='bbox 780 2418 870 2477; x_wconf 85' lang='lat' dir='ltr'>jam</span> <span class='ocrx_word' id='word_1_272' title='bbox 885 2415 1090 2470; x_wconf 89' lang='lat' dir='ltr'>occurrit,</span> <span class='ocrx_word' id='word_1_273' title='bbox 1116 2423 1351 2474; x_wconf 87' lang='lat' dir='ltr'>antequam</span> <span class='ocrx_word' id='word_1_274' title='bbox 1375 2413 1517 2458; x_wconf 87' lang='lat' dir='ltr'>dicam</span> <span class='ocrx_word' id='word_1_275' title='bbox 1543 2433 1551 2459; x_wconf 88' lang='lat'>:</span> <span class='ocrx_word' id='word_1_276' title='bbox 1571 2413 1648 2458; x_wconf 92' lang='lat' dir='ltr'>sed</span> <span class='ocrx_word' id='word_1_277' title='bbox 1668 2414 1833 2474; x_wconf 83' lang='lat' dir='ltr'>patian-</span> 
     </span>
     <span class='ocr_line' id='line_1_32' title="bbox 445 2484 1831 2548; baseline -0.004 -14"><span class='ocrx_word' id='word_1_278' title='bbox 445 2499 515 2534; x_wconf 89' lang='lat' dir='ltr'>tur</span> <span class='ocrx_word' id='word_1_279' title='bbox 543 2505 684 2534; x_wconf 86' lang='lat' dir='ltr'>moras</span> <span class='ocrx_word' id='word_1_280' title='bbox 711 2487 877 2548; x_wconf 84' lang='lat' dir='ltr'>aliquas</span> <span class='ocrx_word' id='word_1_281' title='bbox 904 2496 1081 2546; x_wconf 83' lang='lat' dir='ltr'>propter</span> <span class='ocrx_word' id='word_1_282' title='bbox 1121 2485 1252 2540; x_wconf 79' lang='lat' dir='ltr'>alios,</span> <span class='ocrx_word' id='word_1_283' title='bbox 1289 2485 1365 2545; x_wconf 84' lang='lat' dir='ltr'>qui</span> <span class='ocrx_word' id='word_1_284' title='bbox 1395 2487 1584 2544; x_wconf 86' lang='lat' dir='ltr'>cogitare</span> <span class='ocrx_word' id='word_1_285' title='bbox 1612 2484 1715 2529; x_wconf 92' lang='lat' dir='ltr'>inde</span> <span class='ocrx_word' id='word_1_286' title='bbox 1743 2501 1831 2530; x_wconf 93' lang='lat' dir='ltr'>non</span> 
     </span>
     <span class='ocr_line' id='line_1_33' title="bbox 448 2556 1829 2620; baseline -0.004 -14"><span class='ocrx_word' id='word_1_287' title='bbox 448 2571 649 2620; x_wconf 84' lang='lat' dir='ltr'>possunt,</span> <span class='ocrx_word' id='word_1_288' title='bbox 675 2560 752 2605; x_wconf 88' lang='lat' dir='ltr'>nisi</span> <span class='ocrx_word' id='word_1_289' title='bbox 778 2575 851 2619; x_wconf 86' lang='lat' dir='ltr'>per</span> <span class='ocrx_word' id='word_1_290' title='bbox 870 2575 948 2603; x_wconf 90' lang='lat' dir='ltr'>nos</span> <span class='ocrx_word' id='word_1_291' title='bbox 969 2557 1134 2618; x_wconf 85' lang='lat' dir='ltr'>aliquid</span> <span class='ocrx_word' id='word_1_292' title='bbox 1157 2556 1387 2601; x_wconf 81' lang='lat' dir='ltr'>audierint.</span> <span class='ocrx_word' id='word_1_293' title='bbox 1416 2556 1531 2610; x_wconf 83' lang='lat' dir='ltr'>Quid</span> <span class='ocrx_word' id='word_1_294' title='bbox 1549 2566 1614 2601; x_wconf 89' lang='lat' dir='ltr'>est</span> <span class='ocrx_word' id='word_1_295' title='bbox 1634 2557 1726 2601; x_wconf 84' lang='lat' dir='ltr'>sine</span> <span class='ocrx_word' id='word_1_296' title='bbox 1747 2573 1829 2601; x_wconf 93' lang='lat' dir='ltr'>ma-</span> 
     </span>
    </p>
   </div>
   <div class='ocr_carea' id='block_1_3' title="bbox 496 2640 1784 2687">
    <p class='ocr_par' dir='ltr' id='par_1_3' title="bbox 496 2640 1784 2687">
     <span class='ocr_line' id='line_1_34' title="bbox 496 2640 1784 2687; baseline -0.004 -8"><span class='ocrx_word' id='word_1_297' title='bbox 496 2653 505 2668; x_wconf 82' lang='lat'>¹</span> <span class='ocrx_word' id='word_1_298' title='bbox 526 2650 603 2679; x_wconf 77' lang='lat' dir='ltr'>Dan.</span> <span class='ocrx_word' id='word_1_299' title='bbox 622 2658 657 2687; x_wconf 82' lang='lat'>11,</span> <span class='ocrx_word' id='word_1_300' title='bbox 680 2645 731 2686; x_wconf 72' lang='grc'>34.</span> <span class='ocrx_word' id='word_1_301' title='bbox 752 2661 793 2667; x_wconf 84' lang='grc'>-</span> <span class='ocrx_word' id='word_1_302' title='bbox 808 2651 819 2667; x_wconf 78' lang='lat'>²</span> <span class='ocrx_word' id='word_1_303' title='bbox 841 2643 918 2676; x_wconf 83' lang='lat' dir='ltr'>Psal.</span> <span class='ocrx_word' id='word_1_304' title='bbox 936 2654 1027 2685; x_wconf 51' lang='lat' dir='ltr'>xxxx,</span> <span class='ocrx_word' id='word_1_305' title='bbox 1051 2654 1099 2675; x_wconf 82' lang='lat'>11.</span> <span class='ocrx_word' id='word_1_306' title='bbox 1127 2659 1163 2665; x_wconf 84' lang='lat'>—-</span> <span class='ocrx_word' id='word_1_307' title='bbox 1192 2641 1204 2664; x_wconf 77' lang='lat'>3</span> <span class='ocrx_word' id='word_1_308' title='bbox 1220 2645 1299 2674; x_wconf 79' lang='lat' dir='ltr'>Dan.</span> <span class='ocrx_word' id='word_1_309' title='bbox 1319 2652 1355 2682; x_wconf 77' lang='grc' dir='ltr'>ιι,</span> <span class='ocrx_word' id='word_1_310' title='bbox 1377 2641 1428 2673; x_wconf 83' lang='grc'>35.</span> <span class='ocrx_word' id='word_1_311' title='bbox 1454 2658 1493 2664; x_wconf 89' lang='grc'>-</span> <span class='ocrx_word' id='word_1_312' title='bbox 1509 2640 1525 2671; x_wconf 79' lang='grc'>4</span> <span class='ocrx_word' id='word_1_313' title='bbox 1544 2642 1706 2682; x_wconf 79' lang='lat' dir='ltr'>1sa1.1.vn,</span> <span class='ocrx_word' id='word_1_314' title='bbox 1735 2641 1784 2674; x_wconf 83' lang='lat'>13.</span> 
     </span>
    </p>
   </div>
  </div>
 </body>
</html>
