1924 3309
502 376 584 415 438
940 385 973 415 s.
1009 385 1240 414 Auens‘rim
1263 387 1443 415 13121sco¹²1

504 451 560 495 ad
573 452 654 494 hoc
671 458 813 509 potest
824 450 1041 509 pertinere
1058 448 1168 492 illud
1188 448 1307 508 quod
1320 449 1424 494 dicit
1440 450 1694 510 Apostolus:
1716 453 1884 496 «Nemo

505 539 526 563 »
545 519 667 581 quod
681 536 807 565 suum
822 530 901 575 est,
922 521 1160 580 quaerat1.»
1173 519 1420 579 Aliquando
1436 521 1551 563 enim
1570 521 1755 565 audiunt
1774 520 1885 566 illud

501 591 700 636 homines
723 606 746 634 a
769 590 1039 644 Lectoribus‚
1078 592 1121 633 et
1153 588 1425 632 aedificantur
1463 589 1518 633 ad
1541 589 1798 635 auferendas
1819 606 1886 636 res
1923 610 1924 627 1

503 660 675 706 alienas.
727 660 1042 719 Interestquis
1077 659 1154 703 tibi
1196 658 1312 703 dicat
1347 678 1356 704 :
1400 659 1499 704 Noli
1536 675 1731 719 quaerere
1765 661 1887 720 quod

502 742 630 777 tuum
666 740 744 775 est.
775 728 1024 790 Aliquando
1066 729 1182 772 enim
1212 729 1369 773 dicitur
1399 744 1422 772 a
1451 728 1566 774 malo
1593 745 1781 785 suasore,
1807 730 1887 775 ali-

503 801 682 862 quando
721 809 866 844 autem
905 799 1066 844 dicitur
1099 814 1123 842 a
1159 798 1276 843 bono
1305 798 1498 843 doctore.
1531 802 1644 843 Deus
1662 800 1803 844 bonus
1823 810 1886 845 est

503 872 670 916 doctor.
708 870 894 923 Quando
930 884 1033 928 ergo
1055 868 1178 913 audis
1213 884 1237 912 a
1267 871 1371 924 Deo,
1410 869 1509 914 Noli
1540 884 1734 929 quaerere
1766 870 1888 929 quod

501 952 629 987 tuum
645 949 709 984 est
735 959 744 984 2
770 939 860 983 noli
881 939 940 983 sic
967 938 1178 998 accipere,
1213 939 1436 998 quomodo
1454 938 1540 983 dici
1562 939 1685 983 solet.
1708 939 1888 1000 Aliquid

502 1013 609 1057 honi
630 1020 708 1066 est,
734 1010 854 1070 quod
875 1020 918 1055 te
940 1003 1090 1055 monet
1115 1013 1244 1054 Deus.
1278 1009 1403 1062 Quod
1431 1010 1704 1066 dicebamus,
1742 1025 1888 1070 quaere

505 1081 611 1142 quid
652 1082 706 1125 sit
744 1089 871 1124 tuum
892 1115 902 1134 ,
947 1081 1136 1124 invenies
1163 1089 1406 1139 peccatum.
1431 1079 1529 1125 Noli
1566 1095 1667 1138 ergo
1693 1095 1888 1140 quaerere

503 1158 759 1211 peccatum,
794 1159 837 1193 et
878 1165 968 1193 non
995 1151 1152 1209 quaeris
1176 1159 1303 1194 tuum
1328 1169 1337 1193 :
1367 1150 1456 1193 noli
1486 1165 1680 1209 quaerere
1712 1149 1890 1194 menda-

504 1221 638 1274 cium,
664 1228 708 1263 et
731 1235 820 1263 non
836 1218 994 1278 quaeris
1015 1216 1157 1263 tuum.
1182 1219 1348 1263 Veritas
1370 1219 1487 1262 enim
1504 1234 1528 1263 a
1551 1222 1641 1263 Deo
1659 1229 1738 1274 est,
1764 1235 1888 1264 men-

503 1290 678 1335 dacium
700 1289 775 1333 abs
798 1298 855 1333 te.

561 1362 641 1404 XI.
667 1362 723 1403 Et
744 1359 776 1403 si
801 1357 1001 1403 diabolus
1023 1357 1258 1418 aliquando
1280 1356 1447 1418 aliquid
1469 1358 1680 1417 suggerit,
1705 1373 1888 1403 consen-

503 1432 684 1476 tientem
705 1438 840 1483 tenet,
865 1444 955 1473 non
977 1430 1094 1486 cogit
1114 1427 1316 1472 invitum.
1350 1431 1447 1472 Non
1483 1428 1599 1471 enim
1634 1428 1890 1474 seducitille

506 1510 582 1546 aut
617 1499 749 1543 trahit
786 1499 993 1558 aliquem,
1028 1499 1112 1542 nisi
1134 1513 1265 1558 quem
1297 1498 1510 1541 invenerit
1531 1513 1582 1541 ex
1605 1498 1746 1558 aliqua
1768 1509 1890 1559 parte

499 1573 589 1632 jam
612 1570 794 1614 similem
813 1570 909 1613 sibi.
935 1569 1108 1613 Invenit
1137 1569 1251 1612 enim
1275 1583 1375 1611 eum
1409 1568 1574 1628 aliquid
1605 1570 1850 1628 cupientem
1878 1589 1888 1615 ε

505 1651 548 1685 et
590 1639 804 1699 cupiditas
840 1640 978 1698 aperit
1006 1640 1187 1698 januam
1213 1638 1391 1682 intranti
1418 1639 1682 1696 suggestioni
1709 1639 1886 1684 diaboli.

507 1710 681 1755 Invenit
702 1708 826 1752 illum
848 1708 1014 1766 aliquid
1035 1708 1277 1761 timentem,
1302 1716 1452 1751 monet
1491 1716 1541 1750 ut
1579 1706 1732 1766 fugiat,
1771 1710 1892 1769 quod

506 1779 631 1824 illum
655 1778 821 1822 invenit
852 1778 1004 1821 timere
1027 1796 1035 1822 :
1059 1786 1209 1821 monet
1230 1786 1280 1819 ut
1300 1777 1587 1834 adipiscatur,
1623 1779 1743 1837 quod
1765 1778 1890 1823 illum

507 1847 675 1893 invenit
716 1862 875 1905 cupere
907 1866 915 1891 :
948 1856 990 1889 et
1026 1862 1102 1905 per
1135 1847 1211 1890 has
1243 1845 1349 1889 duas
1375 1847 1529 1904 januas
1562 1846 1811 1905 cupiditatis
1848 1857 1892 1892 et

507 1918 674 1963 timoris
700 1918 847 1960 intrat.
887 1915 1053 1960 Claude
1076 1915 1190 1970 illas,
1226 1923 1269 1958 et
1301 1914 1455 1973 imples
1478 1915 1674 1974 Apostoli
1702 1917 1812 1961 illud
1845 1918 1891 1961 in

507 1987 718 2032 hodierna
755 1986 941 2030 lectione
966 2004 974 2030 :
1004 2004 1024 2027 «
1055 1987 1152 2030 Non
1183 1985 1293 2029 detis
1334 1984 1479 2029 locum
1521 1985 1738 2031 diabolo2.
1766 2005 1787 2028 η
1823 1988 1891 2032 Ibi

507 2059 619 2103 enim
644 2056 782 2101 voluit
806 2056 1033 2101 ostendere
1063 2055 1312 2115 Apostolus,
1339 2056 1441 2115 quia
1477 2058 1674 2115 quamvis
1695 2057 1828 2102 intret
1847 2067 1891 2104 et

505 2128 722 2188 possideat
763 2127 960 2172 diabolus
985 2148 995 2184 3
1024 2127 1156 2171 homo
1192 2125 1255 2169 illi
1290 2134 1435 2170 tamen
1473 2125 1620 2170 locum
1660 2126 1797 2183 dedit,
1842 2137 1890 2173 ut

506 2208 651 2259 posset
671 2199 848 2242 intrare.

564 2271 666 2313 XII.
701 2271 817 2326 Ergo
835 2268 936 2327 quia
953 2265 1061 2310 nihil
1083 2274 1146 2310 est
1166 2267 1300 2310 homo
1321 2265 1392 2309 cui
1409 2281 1497 2309 non
1512 2266 1702 2311 innotuit
1717 2270 1831 2312 Deus
1847 2283 1870 2311 e

507 2354 639 2401 quem
662 2355 750 2383 non
772 2338 955 2382 aestimat
977 2340 1089 2381 Deus
1108 2358 1119 2393 3
1137 2336 1211 2380 dat
1227 2337 1288 2380 illi
1312 2337 1491 2395 gratiam
1509 2353 1648 2393 suam,
1667 2338 1870 2383 invenien

508 2411 553 2455 in
575 2409 651 2453 illo
673 2408 792 2468 quod
807 2408 1000 2461 damnet,
1026 2407 1248 2451 etdonans
1269 2407 1414 2451 omnia
1433 2407 1673 2462 confitenti,
1693 2417 1742 2453 ut
1763 2424 1865 2453 coro

509 2488 584 2524 net
601 2478 866 2524 credentem.
893 2478 1009 2531 Quid
1030 2477 1144 2520 enim
1163 2477 1328 2520 invenit
1344 2477 1553 2520 Dominus
1576 2478 1619 2521 in
1641 2478 1869 2523 hominibu

509 2551 686 2611 quando
726 2551 860 2603 venit,
900 2548 980 2592 nisi
1018 2547 1137 2608 quod
1179 2547 1430 2592 damnaret?
1466 2549 1670 2603 Omnino,
1712 2549 1865 2594 fratres

511 2621 697 2678 cogitate
711 2629 752 2662 et
774 2618 932 2673 videte,
955 2618 1042 2662 sive
1060 2618 1105 2660 in
1126 2616 1201 2660 illo
1226 2617 1387 2676 populo
1411 2617 1718 2674 Israelitarum,
1739 2619 1856 2663 sivei

564 2711 572 2727 ¹
600 2716 611 2735 1
631 2706 700 2735 Cor.
723 2714 755 2737 x,
778 2702 832 2742 24.
850 2719 889 2724 —-
911 2709 922 2724 ²
944 2702 1121 2743 Eplies.1v,
1136 2710 1188 2742 ¹27.
