1924 3309
463 363 547 402 406
895 373 928 402 s.
965 373 1198 402 Anousmm
1229 374 1410 403 EPISCOPI

461 442 560 486 tatis
582 440 820 486 veniamus.
846 443 903 484 Et
924 455 1024 484 cum
1047 438 1238 498 perfecta
1262 440 1347 483 fide
1369 440 1635 484 tenuerimus
1649 475 1660 495 ‚
1682 439 1849 484 nullam

462 512 581 573 apud
603 528 703 556 eum
732 527 821 556 esse
846 511 1151 571 iniquitatem3
1176 520 1219 554 et
1255 511 1287 554 si
1311 510 1588 557 illam'modo
1607 527 1696 556 non
1725 512 1850 557 vide-

461 600 580 640 mus,
600 583 646 629 id
667 593 746 638 est,
768 583 1019 642 aequitatem
1038 598 1138 642 quae
1159 591 1223 626 est
1245 581 1361 642 apud
1379 583 1522 642 ipsum
1539 583 1743 629 :finiatur
1762 583 1847 638 via,

461 664 505 701 et
525 655 751 700 veniamus
773 652 828 697 ad
847 653 1030 712 patriam
1049 673 1061 711 3
1081 668 1170 697 non
1192 662 1334 712 potest
1357 652 1493 697 videri
1514 662 1707 713 tempore
1730 652 1848 708 fidei,

460 726 682 772 videbitur
700 733 896 783 tempore
912 723 1085 783 speciei.
1112 726 1240 769 Nunc
1258 723 1374 768 enim
1397 739 1476 783 per
1495 723 1627 768 fidem
1650 721 1851 768 ambula-

461 813 558 843 mus
573 832 584 852 ,
613 806 719 840 tunc
736 811 813 855 per
835 794 1039 854 speciem.
1065 794 1182 848 Quid
1204 805 1268 840 est
1284 830 1295 851 ,
1319 811 1398 856 per
1422 796 1607 855 speciem
1625 798 1644 838 2²
1674 795 1851 855 Specio-

462 885 534 914 sus
564 868 703 912 forma
730 882 820 927 prae
841 866 937 911 filiis
960 867 1190 911 hominum
1207 869 1237 910 1.
1263 886 1284 909 «
1308 868 1419 921 Quia
1441 867 1487 910 in
1513 867 1726 927 principio
1761 874 1854 910 erat

462 958 484 981 »
520 938 737 993 Verbum,
771 947 814 981 et
850 937 1046 981 Verbum
1081 946 1174 982 erat
1203 936 1321 997 apud
1350 941 1511 992 Deum,
1544 946 1587 981 et
1620 939 1734 981 Deus
1762 944 1854 980 erat

464 1029 485 1053 »
521 1010 715 1054 Verbum
732 1012 765 1053 2.
787 1008 872 1062 Qui
895 1008 1038 1067 diligit
1055 1024 1147 1064 me,
1168 1009 1337 1069 inquit,
1361 1008 1568 1053 mandata
1589 1023 1686 1053 mea
1707 1017 1854 1053 custo-

465 1100 486 1123 »
522 1080 613 1138 dit3
637 1089 679 1124 et
700 1079 777 1139 qui
795 1078 935 1137 diligit
950 1094 1036 1133 me,
1055 1078 1261 1138 diligetur
1285 1095 1308 1123 a
1332 1082 1458 1122 Patre
1475 1093 1588 1132 meo,
1616 1087 1660 1122 et
1681 1093 1762 1137 ego
1784 1076 1854 1121 di-

467 1171 487 1195 »
522 1152 658 1211 ligam
676 1168 822 1195 eum.»
834 1154 891 1195 Et
909 1151 1017 1210 quid
1034 1150 1098 1195 illi
1115 1151 1263 1194 dabis?
1276 1153 1362 1194 «Et
1377 1148 1604 1194 ostendam
1623 1164 1693 1192 me
1709 1149 1854 1207 ipsum

466 1242 484 1264 »
520 1222 583 1265 illi
599 1223 629 1265 ³.
652 1239 672 1262 »
695 1224 798 1265 Haec
821 1221 900 1264 erit
924 1221 1109 1280 species,
1139 1220 1317 1280 quando
1338 1220 1470 1265 faciet
1497 1218 1618 1280 quod
1640 1219 1750 1263 dixit
1768 1221 1855 1277 :Et

463 1293 690 1338 ostendam
713 1307 782 1336 me
812 1292 957 1351 ipsum
979 1290 1058 1334 illi.
1091 1291 1159 1334 Ibi
1191 1291 1444 1351 aequitatem
1465 1290 1545 1334 Dei
1573 1288 1742 1334 videbis
1758 1324 1770 1344 ‚
1796 1288 1855 1333 ibi

464 1365 556 1410 sine
577 1363 726 1409 codice
749 1363 795 1408 in
817 1363 964 1407 Verbo
984 1361 1116 1421 leges.
1142 1364 1258 1421 Ergo
1278 1377 1380 1407 cum
1403 1360 1640 1406 viderimus
1663 1375 1765 1405 eum
1796 1360 1856 1404 si-

465 1437 557 1482 cuti
578 1445 665 1491 est,
697 1437 789 1496 jam
820 1435 999 1479 transiet
1026 1434 1316 1494 peregrinatio
1346 1434 1550 1478 nostra4:
1582 1441 1731 1492 postea
1751 1447 1856 1477 vero

464 1507 749 1567 gaudebimus
775 1506 933 1566 gaudio
957 1504 1240 1565 Angelorum.
1268 1508 1372 1550 Haec
1395 1505 1512 1549 enim
1533 1504 1618 1559 via,
1639 1502 1747 1564 quid
1769 1504 1856 1547 est?

461 1579 592 1625 Fides
614 1588 692 1623 est.
719 1581 901 1637 Propter
924 1577 1056 1621 fidem
1081 1586 1203 1621 tuam
1228 1576 1367 1621 factus
1391 1585 1455 1620 est
1479 1574 1689 1619 deformis
1706 1574 1857 1620 Chris-

463 1660 549 1703 tus,
570 1658 719 1693 manet
735 1658 881 1693 autem
904 1648 1122 1708 speciosus
1137 1648 1350 1693 Christus.
1366 1647 1592 1706 Speciosus
1609 1645 1749 1690 forma
1766 1660 1857 1702 prae

463 1719 562 1765 filiis
594 1720 854 1771 hominum,
886 1719 1107 1760 videbitur
1144 1727 1241 1775 post
1273 1717 1684 1776 peregrinationem.
1722 1715 1856 1760 Modo

467 1799 612 1835 autem
630 1788 717 1832 fide
739 1785 878 1847 qualis
895 1785 1100 1831 videtur?
1123 1805 1143 1828 «
1166 1789 1223 1830 Et
1244 1786 1432 1831 vidimus
1446 1801 1549 1830 eum
1567 1822 1578 1842 ‚
1599 1796 1642 1831 et
1664 1802 1754 1831 non
1775 1787 1857 1831 ha-

467 1881 488 1904 »
525 1860 658 1904 behat
679 1857 867 1918 speciem
888 1873 1032 1917 neque
1054 1857 1257 1902 decorem
1279 1877 1287 1902 ε
1313 1857 1388 1902 sed
1410 1857 1558 1902 vultus
1587 1859 1677 1918 ejus
1708 1858 1857 1918 abjec-

469 1951 490 1975 »
525 1941 596 1975 tus
614 1965 625 1985 ,
647 1939 690 1974 et
711 1928 918 1973 deformis
941 1929 1095 1987 positio
1117 1929 1233 1989 ejus,
1258 1930 1342 1974 hoc
1365 1938 1428 1973 est
1448 1929 1587 1974 virtus
1609 1930 1700 1990 ejus
1724 1948 1734 1974 :
1760 1927 1859 1974 des-

469 2021 490 2045 »
525 2010 677 2062 pectus
698 2009 741 2044 et
758 1999 965 2044 deformis
988 2000 1145 2058 positio
1168 2002 1261 2061 ejus
1279 2035 1290 2055 ‚
1316 2001 1449 2044 homo
1466 2000 1512 2043 in
1528 1998 1653 2060 plaga
1671 2000 1856 2060 positus,

471 2092 493 2117 »
528 2084 571 2118 et
587 2073 725 2118 sciens
746 2070 858 2115 ferre
874 2071 1187 2115 infirmitates5.
1210 2070 1501 2115 »Deformitas
1523 2071 1684 2116 Christi
1701 2079 1744 2114 te
1766 2069 1858 2115 for-

469 2154 574 2190 mat.
592 2143 670 2189 Ille
688 2143 803 2187 enim
826 2142 860 2187 si
877 2140 1085 2186 deformis
1102 2157 1192 2185 esse
1212 2141 1437 2196 noluisset,
1456 2150 1504 2185 tu
1525 2140 1713 2185 formam
1725 2156 1859 2202 quam

469 2215 696 2278 perdidisti
718 2231 808 2259 non
836 2213 1078 2273 recepisses.
1108 2212 1331 2257 Pendebat
1360 2228 1463 2272 ergo
1484 2213 1530 2256 in
1558 2227 1686 2257 cruce
1708 2211 1856 2258 defor-

470 2289 552 2333 mis
570 2306 580 2333 ε
605 2286 681 2331 sed
700 2285 953 2330 deformitas
969 2283 1085 2328 illius
1107 2283 1392 2344 pulchritudo
1414 2293 1561 2329 nostra
1575 2292 1682 2344 erat.
1704 2286 1755 2328 In
1777 2285 1873 2329 hac,

471 2373 572 2417 ergo
590 2359 675 2402 vita
698 2356 942 2401 deformem
964 2355 1187 2401 Christum
1206 2365 1445 2400 teneamus.
1472 2354 1588 2409 Quid
1605 2363 1691 2409 est,
1712 2353 1858 2400 defor—

474 2445 591 2474 mem
612 2428 865 2473 Christum?
891 2445 908 2467 «
934 2426 1059 2470 Absit
1080 2425 1184 2469 mihi
1215 2425 1387 2484 gloriari
1403 2461 1414 2481 ‚
1449 2426 1529 2471 nisi
1548 2426 1595 2469 in
1616 2441 1746 2471 cruce
1771 2429 1859 2471 Do-

482 2523 498 2543 »
533 2500 639 2544 mini
663 2499 797 2543 nostri
821 2501 923 2542 Jesu
952 2496 1137 2550 Christi,
1165 2512 1241 2556 per
1262 2512 1393 2556 quem
1418 2497 1525 2541 mihi
1546 2498 1738 2541 mundus
1756 2513 1859 2542 cru-

482 2591 500 2613 »
537 2572 685 2615 cifixus
701 2579 778 2624 est,
796 2580 838 2613 et
860 2585 938 2626 ego
958 2567 1307 2613 mundo⁰.»Haec
1329 2578 1392 2613 est
1414 2568 1663 2613 deformitas
1681 2569 1854 2614 Christi.

530 2673 537 2687 ¹
556 2666 632 2696 psal.
651 2676 735 2701 κων,
756 2665 785 2695 3.
808 2681 846 2686 —-
865 2666 1026 2703 ²Joan.1,
1047 2675 1073 2695 1.
1099 2681 1141 2687 -—
1163 2662 1237 2696 ³1d.
1255 2673 1389 2704 x1v7‘zt.
1416 2681 1456 2687 --
1473 2654 1489 2685 4
1506 2664 1612 2696 Florus
1631 2664 1670 2696 ad
1687 2662 1788 2696 Galat.
1810 2674 1855 2695 w.

485 2741 524 2745 —
539 2720 552 2745 5
569 2724 637 2753 {0:1'1',
663 2733 726 2762 mn,
745 2730 777 2760 τὶ,
792 2726 854 2752 clc.
879 2738 917 2742 —
936 2718 951 2741 Γ)
969 2720 1070 2753 Galat.
1088 2731 1136 2759 vr,
1154 2720 1203 2762 14.
