1867 3320
77 567 238 610 moveri
260 578 401 627 potest
415 606 426 627 ,
448 575 549 633 quia
574 586 616 621 et
634 577 850 627 refrenare
877 595 1044 631 motum
1066 599 1222 648 potest.
1255 593 1350 637 Tibi
1374 594 1454 640 do-

76 633 354 683 minationem
380 643 556 689 rationis
587 649 766 695 Creator
798 651 947 706 dedit;
972 656 1051 701 tibi
1072 672 1290 723 praecepta
1312 667 1452 711 conti-

74 705 258 763 nentiae,
297 718 506 771 tanquam
541 716 586 760 in
622 720 776 765 bestias
803 722 1026 771 inferiores
1061 728 1152 775 lora
1173 767 1185 787 ,
1223 738 1448 783 concessit.

75 775 208 821 Tenes
228 786 278 822 tu
302 781 422 840 quod
443 799 571 843 pecus
600 803 689 834 non
711 801 851 849 potest
869 806 887 852 ς·
905 805 948 840 et
971 797 1070 844 ideo
1090 817 1232 860 speras
1254 814 1305 849 tu
1328 808 1449 868 quod

70 857 201 902 pecus
222 863 311 894 non
328 862 484 911 potest.
504 858 691 905 Laboras
710 862 980 924 aliquantum
996 869 1041 914 in
1056 874 1338 932 continendo,
1360 895 1452 925 non

12 925 17 933 ¹
63 913 233 964 laborat
251 935 399 980 pecus:
414 926 487 970 sed
502 929 709 985 gaudebis
723 949 892 995 semper
908 939 953 983 in
971 945 1228 1001 aeternitate,
1244 948 1299 993 ad
1313 966 1446 1010 quam

62 1000 152 1030 non
174 993 369 1048 pervenit
391 1011 538 1054 pecus.
567 1001 608 1045 Si
639 1017 747 1061 opus
769 1004 944 1066 fatigat,
971 1026 1131 1059 merces
1153 1019 1402 1066 consoletur
1429 1042 1438 1067 :

62 1064 106 1100 et
126 1056 217 1116 ipsa
244 1063 357 1107 enim
385 1067 590 1124 patientia
620 1083 682 1117 est
703 1074 951 1124 interiorem
982 1093 1150 1129 motum
1173 1086 1344 1135 frenare
1364 1127 1374 1146 ‚
1401 1102 1444 1137 et

57 1126 178 1184 quod
210 1130 341 1177 habes
378 1150 611 1184 commune
642 1158 741 1187 cum
760 1161 916 1205 pecore
932 1185 942 1205 ,
961 1167 1050 1197 non
1073 1163 1282 1217 tanquam
1308 1176 1440 1220 pecus

56 1195 102 1241 in
118 1201 262 1246 omnia
283 1203 438 1250 laxare.
460 1211 586 1261 Quod
607 1213 640 1256 si
658 1222 969 1278 contempseris
993 1232 1034 1268 te
1051 1260 1062 1279 ‚
1086 1236 1128 1270 et
1152 1229 1197 1273 in
1223 1240 1264 1276 te
1287 1233 1439 1293 imagi-

55 1281 155 1313 nem
174 1273 249 1315 Dei
267 1274 311 1318 in
333 1291 418 1336 qua
438 1277 542 1325 fecit
560 1291 625 1339 te,
651 1287 885 1345 neglexeris
904 1327 914 1347 ‚
941 1295 1079 1341 victus
1103 1301 1341 1360 cupiditate
1370 1306 1438 1351 in-

52 1338 318 1389 sinuatarum
346 1362 489 1394 rerum
505 1387 516 1406 ,
551 1362 759 1415 tanquam
791 1363 944 1408 amisso
965 1365 1139 1412 homine
1162 1373 1241 1417 eris
1266 1390 1397 1433 pecus
1415 1414 1426 1434 ,

52 1422 141 1454 non
163 1416 285 1472 quasi
307 1431 537 1466 conversus
562 1425 607 1469 in
636 1437 833 1475 naturam
859 1437 1047 1493 pecoriS,
1074 1441 1149 1485 sed
1179 1443 1224 1487 in
1247 1446 1434 1494 hominis

49 1477 188 1527 forma
220 1486 381 1533 habens
415 1492 739 1544 similitudinem
770 1506 960 1561 pecoris,
997 1511 1072 1569 qui
1095 1527 1183 1557 non
1216 1517 1339 1563 audis
1363 1520 1431 1565 di-

48 1561 216 1597 centem
237 1574 248 1600 :
273 1575 292 1598 «
327 1559 469 1605 Nolite
490 1578 579 1608 esse
595 1567 703 1612 sicut
723 1585 861 1631 equus
883 1585 926 1620 et
949 1580 1093 1626 mulus
1110 1618 1120 1635 ,
1147 1599 1234 1630 non
1258 1589 1426 1636 haben-

50 1636 71 1662 »
104 1630 167 1667 tes
191 1624 502 1676 intellectum1.
527 1653 546 1675 »
576 1638 659 1681 Sed
690 1639 801 1686 forte
829 1644 948 1705 eligis
978 1651 1054 1695 tibi
1086 1669 1176 1700 esse
1205 1673 1357 1717 pecuS,
1385 1675 1428 1710 et

43 1687 178 1738 libera
195 1698 550 1758 vagari-libidine,
569 1708 688 1753 nulla
712 1710 807 1772 lege
824 1719 1066 1776 appetitum
1089 1729 1229 1773 carnis
1247 1733 1301 1775 ad
1325 1750 1428 1780 con-

42 1760 266 1810 tinentiam
286 1768 558 1820 refrenando.
578 1781 738 1825 Attcnd

43 1832 165 1877 times
182 1869 193 1888 ‚
213 1836 364 1882 saltem
389 1845 497 1887 mori
518 1846 637 1892 time.

98 1905 195 1948 vn.
220 1908 395 1954 Sextum
414 1927 702 1975 praeceptum:
720 1940 737 1962 ιι
751 1925 845 1968 Non
861 1930 1030 1975 occides
1045 1937 1075 1976 2.
1087 1954 1105 1975 »
1122 1939 1245 1986 Sexta
1268 1944 1414 2004 plaga:

37 1973 227 2019 Pustulae
248 1977 291 2021 in
319 1995 499 2040 corpore
527 1995 569 2030 et
592 1990 743 2036 vesicae
775 1994 1004 2045 bullientes
1041 2013 1083 2048 et
1106 2013 1388 2061 scaturientes
1405 2054 1415 2071 ‚

32 2048 75 2085 et
96 2043 294 2091 incendia
315 2050 544 2099 vulnerum
568 2074 619 2102 ex
639 2059 782 2106 favilla
809 2064 1033 2116 fornacis-³.
1063 2076 1185 2122 Tales
1207 2093 1308 2127 sunt
1327 2088 1419 2130 ani-

742 1798 765 1826 e
788 1785 958 1846 plagam
978 1810 986 1835 :
1011 1793 1045 1837 si
1069 1811 1200 1854 pecus
1225 1816 1315 1847 esse
1338 1822 1426 1851 non

29 2327 90 2367 tes
110 2326 280 2386 papulae
304 2345 378 2389 per
400 2341 540 2381 totum
573 2354 783 2402 concepta
807 2347 1038 2398 homicidia
1068 2367 1254 2416 scatent,
1274 2375 1316 2410 et
1338 2383 1406 2411 sa-

27 2405 128 2437 num
151 2410 238 2441 non
260 2409 323 2444 est
348 2420 356 2445 ε
378 2400 538 2461 fervet,
564 2410 638 2456 sed
662 2428 748 2458 non
768 2416 822 2460 de
842 2421 1001 2477 Spiritu
1031 2427 1119 2471 Dei.
1139 2432 1245 2476 Nam
1270 2439 1404 2496 etqui

25 2461 116 2508 vult
134 2468 387 2528 subvenire,
415 2473 550 2522 fervet
571 2500 581 2536 3
606 2491 648 2525 ct
671 2485 746 2543 qui
772 2488 864 2531 vult
889 2492 1105 2549 oct-idere,
1146 2498 1277 2547 form-t
1298 2526 1307 2553 ς
1335 2507 1406 2550 ill«-

27 2544 258 2596 praecepto,
292 2541 370 2586 istc
405 2548 584 2605 morbo3
622 2552 692 2596 illc
719 2555 840 2600 bonis·
864 2564 1095 2618 opi-ribus,
1119 2570 1195 2613 iste
1227 2577 1404 2621 sanum>-

71 2620 172 2654 mant.
190 2633 275 2667 xxxi,
294 2638 325 2669 ς).
348 2644 389 2653 ›-
407 2637 418 2653 ¹
437 2633 533 2666 13:011.
558 2646 608 2676 xx,
641 2638 677 2669 13
715 2658 750 2664 -
774 2642 847 2675 ³14.
870 2656 910 2684 ss,
942 2659 989 2678 ιω,

1179 2715 1234 2748 Ι).
