1924 3309
442 287 523 324 160
862 295 895 324 s.
932 294 1161 325 AUGUSTIM
1195 295 1375 324 Emscom

498 366 554 407 11.
581 366 779 409 Fortasse
797 372 1114 408 sacramentum
1137 371 1373 422 quaeratur.
1398 364 1496 407 Non
1518 362 1633 405 enim
1663 362 1820 406 frustra

436 433 520 477 hoc
547 436 660 478 Deus
677 433 854 494 juberet
871 469 881 489 ,
908 442 983 477 aut
1004 431 1234 476 carnaliter
1256 432 1557 492 accipiendum
1587 441 1675 487 est,
1700 431 1820 492 quod

434 502 599 548 lectum
629 503 808 548 fortasse
829 501 1144 548 nonnullorum
1167 503 1311 546 minus
1328 502 1665 560 intelligentium
1689 502 1821 547 corda

434 575 686 619 commovit.
708 594 727 617 «
741 575 962 629 Tentavit,
984 573 1148 633 inquit,
1176 576 1289 617 Deus
1313 574 1533 617 Abraham
1548 576 1609 615 1.»
1628 573 1696 618 Sic
1718 589 1820 632 ergo

435 645 610 705 ignarus
644 655 708 690 est
739 649 852 690 Deus
882 659 1052 698 rerum,
1078 644 1137 688 sic
1174 644 1343 688 nescius
1375 642 1516 687 cordis
1538 644 1746 698 humani,
1772 653 1822 688 ut

435 716 646 761 tentando
668 717 890 761 hominem
911 715 1134 759 inveniat?
1156 714 1280 758 Absit
1304 734 1311 757 :
1338 714 1413 758 sed
1436 723 1485 758 ut
1518 714 1607 773 ipse
1628 715 1760 759 homo
1777 730 1820 758 se

436 789 642 832 inveniat.
656 788 801 831 Primo
817 787 982 846 itaque,
999 785 1169 840 fratres,
1181 794 1359 844 propter
1375 784 1471 829 illos
1488 785 1564 844 qui
1587 784 1820 830 adversan-

437 868 505 903 tur
524 859 629 917 Legi
646 858 779 902 veteri
798 892 808 911 ‚
832 857 1065 916 Scripturae
1087 864 1247 900 sanctae
1267 876 1278 912 3
1298 855 1399 914 quia
1422 854 1625 900 nonnulli
1647 871 1736 900 non
1757 857 1821 899 in-

436 928 675 988 telligentes
705 929 829 973 citius
855 927 1012 972 volunt
1031 926 1248 985 exagitare
1278 926 1398 985 quod
1431 940 1519 968 non
1541 924 1817 983 intelligunt,

435 1014 566 1059 quam
590 1014 786 1059 quaerere
808 1007 858 1042 ut
879 997 1146 1055 intelligant3
1165 1006 1207 1039 et
1227 1011 1316 1039 non
1337 995 1452 1038 fiunt
1473 994 1657 1038 humiles
1676 994 1823 1054 inqui-

435 1070 584 1114 sitores
601 1104 611 1124 ‚
638 1070 713 1113 sed
734 1068 910 1128 superbi
929 1067 1262 1111 calumniatores
1289 1085 1297 1109 2
1322 1074 1500 1124 propter
1521 1065 1600 1109 hos
1624 1079 1725 1122 ergo
1745 1065 1821 1124 qui

435 1139 717 1197 Evangelium
740 1139 894 1183 volunt
910 1138 1118 1196 accipere,
1140 1145 1183 1180 et
1206 1139 1366 1194 Legem
1382 1144 1570 1178 veterem
1595 1149 1818 1193 respuere3

435 1217 636 1268 putantes
658 1209 704 1252 in
730 1210 797 1253 via
817 1209 894 1252 Dei
917 1222 1039 1267 posse
1061 1222 1104 1250 se
1134 1221 1223 1251 esse
1241 1241 1251 1260 ‚
1278 1214 1321 1249 et
1343 1214 1458 1249 recte
1479 1220 1570 1248 uno
1593 1203 1704 1263 pede
1726 1219 1820 1247 am-

434 1279 534 1323 bula
544 1295 586 1322 re
607 1300 617 1335 3
651 1279 858 1339 quoniam
882 1293 970 1322 non
1001 1286 1101 1321 sunt
1128 1276 1287 1321 Scribae
1316 1274 1475 1319 eruditi
1496 1274 1542 1317 in
1561 1288 1695 1333 regno
1720 1274 1818 1328 Dei,

433 1349 509 1408 qui
533 1348 762 1408 proferunt
781 1348 836 1392 de
871 1349 1075 1392 thesauro
1098 1362 1176 1391 suo
1198 1361 1310 1391 nova
1343 1355 1385 1389 et
1406 1345 1581 1389 vetera2
1609 1363 1617 1387 :
1644 1352 1821 1403 propter

436 1421 513 1463 hos
531 1435 633 1478 ergo
656 1419 762 1463 tales
780 1454 791 1474 ,
816 1435 871 1463 ne
894 1419 970 1478 qui
993 1417 1104 1462 forte
1125 1418 1197 1461 hic
1219 1418 1383 1461 lateant
1402 1451 1412 1472 ,
1439 1425 1514 1460 aut
1542 1416 1620 1459 etsi
1644 1415 1715 1459 hic
1733 1429 1821 1459 non

434 1499 560 1544 sunt,
586 1490 776 1533 habeant
794 1490 869 1548 qui
887 1487 1061 1541 adsunt,
1086 1487 1192 1547 quid
1215 1486 1373 1530 talibus
1390 1484 1698 1545 respondeant,
1720 1484 1820 1527 bre-

434 1560 543 1603 viter
564 1558 770 1603 solvenda
792 1567 855 1602 est
877 1558 955 1601 ista
977 1557 1175 1616 quaestio.
1204 1557 1394 1601 Dicimus
1415 1555 1601 1610 talibus,
1627 1557 1822 1612 Evange-

434 1629 540 1673 lium
565 1628 757 1687 accipitis
773 1663 783 1681 ,
810 1631 968 1685 Legem
994 1642 1084 1671 non
1106 1627 1296 1685 accipitis
1319 1645 1327 1671 :
1348 1642 1426 1670 nos
1448 1634 1595 1669 autem
1614 1624 1818 1678 dicimus,

434 1698 635 1742 eumdem
653 1713 742 1742 esse
754 1696 980 1756 Evangelii
997 1695 1445 1740 misericordissimum
1462 1695 1727 1752 largitorem,
1745 1693 1822 1753 qui

435 1768 576 1813 extitit
590 1768 718 1811 etiam
734 1767 857 1824 Legis
872 1765 1074 1810 terribilis
1088 1765 1216 1810 lator.
1233 1769 1347 1823 Lege
1364 1765 1480 1808 enim
1496 1763 1666 1816 terruit,
1683 1765 1824 1807 Evan-

437 1839 548 1897 gelio
571 1853 802 1883 conversos
824 1837 1004 1888 sanavit,
1021 1851 1130 1894 quos
1154 1845 1201 1877 ut
1221 1842 1578 1877 converterentur
1598 1836 1713 1891 Lege
1738 1841 1823 1877 ter-

435 1917 594 1952 ruerat.
629 1912 868 1965 Imperator
890 1903 1012 1948 dedit
1033 1904 1171 1961 legem
1192 1938 1202 1958 ,
1239 1912 1282 1947 et
1313 1904 1452 1947 multa
1473 1904 1700 1947 commissa
1721 1911 1822 1947 sunt

435 1987 585 2023 contra
607 1977 770 2034 legem:
789 1975 856 2019 lex
873 1989 1006 2035 quam
1027 1973 1148 2018 dedit
1168 1974 1419 2033 imperator,
1434 1989 1523 2018 non
1545 1982 1725 2018 noverat
1741 1973 1821 2018 nisi

435 2048 592 2108 punire
613 2055 843 2106 peccantes
869 2064 877 2089 ε
905 2044 1093 2089 restabat
1121 2058 1221 2102 ergo
1240 2078 1250 2098 ‚
1276 2053 1326 2087 ut
1356 2043 1412 2088 ad
1434 2043 1639 2088 solvenda
1664 2043 1821 2087 delicta

436 2132 587 2163 eorum
605 2151 616 2171 ‚
641 2117 732 2176 ipse
755 2130 857 2160 cum
887 2113 1158 2171 indulgentia
1180 2114 1367 2169 veniret,
1389 2115 1464 2174 qui
1487 2114 1627 2173 legem
1644 2113 1819 2173 praemi-

436 2198 563 2233 serat.
581 2187 665 2233 Sed
686 2186 795 2247 quid
819 2185 924 2230 dicit
944 2199 1192 2245 perversum
1216 2199 1306 2240 cor,
1322 2184 1423 2244 quia
1445 2183 1550 2228 dicit
1572 2184 1765 2244 accipere
1778 2198 1821 2227 se

437 2258 723 2317 Evangelium
741 2291 752 2311 ,
774 2260 934 2315 Legem
953 2270 1057 2300 vero
1080 2269 1281 2314 respuere
1299 2256 1317 2297 P
1338 2256 1481 2307 Quare
1503 2254 1666 2313 respuit
1680 2256 1698 2297 P
1711 2253 1820 2306 Quia

435 2329 645 2386 scriptum
678 2336 762 2381 est,
799 2326 964 2386 inquit,
991 2344 1011 2366 «
1045 2325 1246 2368 Tentavit
1276 2327 1388 2368 Deus
1417 2324 1652 2368 Abraham.
1682 2342 1702 2365 »
1729 2326 1822 2382 Ego

438 2402 577 2442 Deum
599 2396 740 2441 colam
762 2396 839 2456 qui
864 2397 1032 2440 tentat?
1053 2394 1273 2440 Christum
1298 2394 1417 2449 cole,
1451 2410 1582 2454 quem
1614 2395 1747 2438 habes
1777 2393 1822 2436 in

439 2466 692 2526 Evangelio.
720 2468 816 2525 Ipse
844 2474 887 2509 te
909 2475 1082 2510 revocat
1103 2465 1157 2508 ad
1178 2463 1503 2521 intelligendam
1531 2468 1707 2523 Legem.
1740 2461 1823 2507 Sed

438 2538 540 2597 quia
558 2553 646 2582 non
667 2537 931 2581 transierunt
953 2535 1007 2580 ad
1028 2534 1266 2592 Christum,
1284 2535 1328 2578 in
1347 2550 1424 2580 suo
1442 2535 1738 2593 blasphemate
1758 2548 1822 2577 re-

488 2629 497 2645 ¹
519 2624 597 2654 Gen.
624 2632 703 2664 xxii,
726 2632 755 2656 1.
776 2638 817 2645 -
838 2628 850 2645 ²
868 2620 989 2654 Matth.
1013 2630 1085 2659 xm,
1104 2620 1156 2653 52.
