1924 3309
467 261 553 301 266
889 271 924 299 s.
959 267 1189 298 AUGUSTINI
1219 266 1401 295 muscom

467 344 691 382 mortuum
713 335 930 396 accipiatis
951 335 1154 379 alienum.
1183 334 1280 391 Ipse
1300 332 1464 393 quippe
1484 329 1717 392 Apostolus
1745 332 1850 378 alibi

467 407 603 452 dicit:
633 426 654 450 «
682 407 863 466 Spiritus
894 406 981 451 vita
1002 412 1065 448 est
1085 411 1264 462 propter
1297 403 1512 463 justitiam
1531 405 1561 448 ¹.
1587 421 1608 446 »
1628 405 1686 448 Et
1707 404 1811 448 alibi
1837 424 1846 449 z

470 497 490 521 «
530 480 688 538 Sapere
709 486 855 522 autem
877 474 1118 520 secundum
1140 489 1337 529 carnem,
1363 489 1477 520 mors
1496 478 1600 520 est2.
1623 492 1645 516 »
1670 474 1749 520 His
1769 490 1850 519 au-

466 557 553 593 tem
578 557 710 608 atque
729 545 980 607 hujusmodi
1001 544 1182 589 vocibus
1203 543 1278 589 illa
1298 553 1434 590 mater
1455 544 1652 605 evigilat,
1676 553 1720 589 et
1739 545 1790 590 fit
1811 546 1850 589 ei

464 635 615 675 mane,
637 634 737 664 cum
759 616 893 663 verbo
911 615 1011 671 Dei,
1033 616 1117 660 hoc
1132 624 1196 660 est
1222 630 1323 660 cum
1344 615 1518 661 Christo
1535 650 1546 672 ‚
1581 616 1658 677 qui
1679 616 1850 661 orieba-

464 702 537 736 tur
551 727 562 747 ,
587 692 670 736 hoc
688 699 751 734 est
770 687 1032 748 loquebatur
1047 687 1094 731 in
1116 687 1253 733 Paulo
1270 722 1281 743 ,
1307 688 1432 747 Legis
1452 687 1727 732 illuminatur
1749 687 1852 732 obs-

464 762 636 806 curitas.
665 763 786 804 Hanc
807 758 924 802 enim
952 757 1240 813 illuminavit,
1264 773 1366 803 cum
1396 759 1455 803 ait
1479 777 1487 803 :
1517 777 1538 801 «
1573 758 1712 803 Dicite
1741 758 1851 802 mihi

466 850 487 873 »
517 831 600 876 sub
625 834 739 889 Lege
758 827 952 874 volentes
971 844 1082 885 esse,
1104 832 1262 888 Legem
1289 844 1380 874 non
1402 827 1610 873 audistis?
1633 829 1852 888 Scriptum

465 920 486 943 »
521 910 584 945 est
618 901 734 944 enim
768 900 871 959 quia
893 899 1113 944 Abraham
1144 899 1254 945 duos
1281 899 1392 945 filios
1420 899 1600 955 habuit,
1634 914 1776 944 unum
1797 900 1853 944 de

521 972 678 1017 ancilla
699 1007 709 1028 ,
735 981 779 1016 et
796 987 937 1016 unum
955 972 1011 1016 de
1032 971 1170 1016 libera
1195 991 1203 1017 z
1225 972 1301 1017 sed
1321 972 1355 1016 is
1377 971 1454 1032 qui
1480 971 1535 1015 de
1563 970 1720 1015 ancilla
1737 1005 1749 1027 ,
1785 985 1853 1014 se-

466 1062 487 1086 »
522 1043 715 1088 cundum
751 1057 925 1087 carnem
947 1051 1076 1087 natus
1099 1052 1191 1101 est,
1230 1043 1307 1104 qui
1328 1051 1474 1087 autem
1496 1041 1552 1086 de
1588 1040 1745 1097 libera,
1774 1056 1853 1101 per

467 1133 487 1156 »
522 1114 920 1174 repromissionem,
939 1129 1038 1174 quae
1054 1123 1156 1158 sunt
1176 1114 1222 1158 in
1245 1113 1461 1172 allegoria.
1489 1115 1593 1157 Haec
1614 1113 1729 1157 enim
1751 1121 1854 1157 sunt

466 1206 486 1229 »
521 1187 610 1232 duo
640 1190 912 1232 Testamenta
929 1222 940 1242 ,
965 1201 1105 1231 unum
1127 1186 1307 1247 quidem
1326 1201 1350 1229 a
1371 1193 1520 1230 monte
1544 1185 1666 1237 Sina,
1691 1184 1738 1227 in
1764 1198 1853 1227 ser-

466 1278 486 1301 »
521 1260 705 1304 vitutem
731 1274 941 1319 generans
959 1294 969 1314 ,
995 1259 1115 1319 quod
1133 1267 1197 1303 est
1219 1260 1351 1317 Agar.
1380 1257 1480 1302 Sina
1501 1255 1618 1300 enim
1639 1270 1764 1300 mons
1789 1265 1853 1300 est

467 1349 486 1372 »
522 1332 566 1374 in
590 1331 747 1375 Arabia
763 1365 773 1385 ,
799 1346 899 1389 quae
922 1330 1154 1390 conjuncta
1177 1338 1241 1374 est
1260 1329 1364 1373 huic
1381 1364 1396 1384 ,
1420 1343 1520 1388 quae
1542 1342 1660 1372 nunc
1693 1335 1756 1371 est
1777 1328 1852 1370 Je-

467 1419 486 1442 »
522 1401 710 1445 rusalem
734 1420 742 1445 :
764 1402 894 1445 servit
915 1401 1028 1445 enim
1045 1416 1147 1445 cum
1165 1399 1262 1444 filiis
1279 1400 1407 1444 suisss.
1431 1417 1452 1440 »
1474 1401 1583 1452 Quae
1599 1406 1745 1442 autem
1756 1412 1852 1442 sur-

465 1487 562 1516 sum
585 1481 649 1515 est
670 1471 907 1515 Jerusalem
925 1506 936 1526 ,
961 1471 1097 1516 libera
1120 1480 1183 1515 est
1199 1473 1216 1512 ‘3
1233 1473 1331 1516 Non
1353 1485 1456 1529 ergo
1478 1472 1654 1525 mirum,
1670 1469 1705 1513 si
1726 1483 1856 1528 prop-

466 1552 530 1586 ter
551 1553 724 1587 mortua
747 1558 903 1602 opera,
931 1542 985 1586 ad
1015 1557 1108 1586 eam
1142 1557 1243 1601 quae
1274 1541 1479 1585 deorsum
1512 1549 1600 1595 est,
1625 1548 1853 1597 mortuus,

467 1622 510 1657 et
532 1622 709 1672 propter
731 1612 934 1672 spiritalia
951 1647 962 1667 ,
1000 1613 1124 1657 vivus
1145 1612 1333 1671 pertinet
1353 1610 1408 1656 ad
1429 1626 1523 1655 eam
1545 1626 1645 1670 quae
1683 1625 1855 1655 sursum

466 1693 529 1728 est
553 1684 808 1727 Jerusalem.
827 1684 938 1736 Quia
955 1692 998 1726 et
1011 1681 1139 1726 inferi
1157 1682 1361 1727 deorsum
1381 1690 1505 1737 sunt,
1525 1697 1614 1742 quo
1635 1681 1857 1741 pertinent

466 1755 628 1798 mortui
655 1773 664 1798 ε
690 1755 834 1814 superi
872 1763 1015 1797 autem
1049 1769 1219 1797 sursum
1235 1788 1245 1808 ,
1272 1769 1361 1813 quo
1383 1754 1604 1812 pertinent
1631 1753 1731 1798 vivi.
1764 1754 1855 1796 Hac

468 1823 784 1866 illuminatione
800 1857 810 1873 ,
840 1831 1049 1880 tanquam
1084 1836 1209 1864 mane
1246 1821 1384 1874 facto,
1427 1821 1631 1878 intelligit
1665 1820 1855 1866 Ecclesia

468 1893 649 1951 gratiam
682 1891 945 1951 spiritalem3
986 1889 1197 1949 repellens
1225 1905 1249 1933 a
1277 1904 1320 1933 se
1352 1888 1525 1933 carnale
1562 1904 1671 1948 opus
1705 1891 1852 1949 Legis,

466 1972 675 2023 tanquam
707 1970 930 2005 mortuum
955 1959 1143 2004 alienum
1166 1981 1177 2017 3
1213 1969 1258 2004 et
1277 1959 1359 2003 sibi
1383 1958 1608 2004 vindicans
1634 1959 1778 2005 vivam
1802 1962 1854 2004 fi-

465 2034 563 2077 dem
580 2069 591 2089 ,
622 2032 831 2093 quoniam
865 2032 1008 2091 justus
1038 2046 1089 2074 ex
1121 2030 1208 2074 fide
1238 2031 1371 2075 vivit4
1399 2049 1408 2074 :
1435 2045 1567 2090 quam
1584 2030 1630 2074 in
1655 2030 1792 2075 Patris
1810 2041 1854 2076 et

465 991 476 1014 )

478 992 486 1014 ν

466 2104 565 2149 Filii
587 2114 630 2149 et
656 2105 838 2164 Spiritus
860 2102 996 2148 sancti
1016 2103 1193 2147 nomine
1214 2111 1447 2147 consecuta
1464 2111 1555 2162 est,
1579 2111 1623 2146 et
1638 2100 1736 2146 ideo
1754 2112 1853 2147 tan-
1892 2131 1894 2134 v

465 2192 597 2237 quam
634 2176 887 2221 triduanum
916 2175 1054 2219 filium
1091 2175 1489 2233 certaecognoscit‚
1528 2189 1610 2219 nec
1647 2189 1747 2218 eum
1770 2175 1851 2218 sibi

466 2250 573 2308 eripi
589 2249 767 2308 patitur.

522 2322 604 2363 III.
628 2322 754 2365 Nunc
776 2318 933 2364 clamet
949 2317 1023 2362 illa
1045 2331 1173 2370 suum
1191 2331 1281 2361 esse
1302 2315 1611 2375 Evangelium,
1637 2325 1849 2377 tanquam

462 2390 542 2434 sibi
565 2390 793 2446 debitum,
830 2399 873 2434 et
904 2404 982 2449 per
1008 2403 1051 2433 se
1077 2396 1346 2448 generatum.
1381 2388 1491 2432 Nam
1527 2388 1613 2432 hoe
1642 2386 1850 2432 dicebant

465 2462 677 2505 Gentibus
709 2461 754 2504 in
788 2462 877 2521 ipsa
905 2458 1213 2513 contentione,
1240 2458 1315 2518 qui
1344 2473 1393 2502 ex
1426 2457 1590 2502 Judaeis
1620 2457 1850 2503 carnaliter
1892 2472 1895 2479 ¹

465 2534 695 2578 sentientes
711 2534 977 2578 Christianos
995 2547 1039 2577 se
1060 2530 1202 2575 dicere
1219 2529 1455 2574 audebant.
1483 2532 1708 2589 Tanquam
1730 2528 1849 2574 debi-

1891 2175 1894 2215 i

1885 2313 1895 2453 ,ε

1885 2455 1895 2605 {3

515 2621 628 2651 1Ιῖοηπι,
654 2629 725 2660 vm,
748 2630 797 2650 10.
821 2635 859 2641 *-
882 2625 894 2641 ²
916 2617 997 2649 thid.
1023 2627 1072 2648 10.
1093 2633 1133 2638 —
1156 2614 1168 2639 3
1189 2614 1294 2647 Galat.
1314 2626 1362 2656 ιν,
1381 2623 1437 2655 21,
1457 2618 1522 2647 etc.
1546 2631 1584 2637 —
1603 2613 1618 2644 4
1638 2617 1727 2646 Rom.
1747 2625 1770 2655 1,
1794 2624 1848 2655 17·
1886 2609 1895 2652 ξ,

1884 3167 1895 3309 ¹===1-—
