1867 3320
321 269 465 300 smum
496 272 668 313 xxxvi,
703 275 748 303 m
781 276 1024 306 rnovmznns
1055 278 1301 310 suouoms.
1415 272 1498 314 475

127 337 183 381 ad
195 335 503 396 proprietatem
517 337 784 397 accipiantur
794 339 955 400 lapides
967 343 1158 401 pretiosi,
1175 345 1280 405 quid
1292 362 1499 407 magnum

121 405 1281 470 est‚quodquibuslibetlapidibuspretiosiorinvenitur
1290 418 1499 464 Ecclesia?

123 477 252 524 Nulla
278 477 374 522 talis
394 480 658 537 comparatio
677 489 740 524 est
753 480 848 525 :sed
860 482 1142 542 suntlapides
1158 486 1332 543 pretiosi
1346 488 1391 531 in
1407 489 1494 533 illa.

129 551 234 592 Tam
251 548 429 607 pretiosi
445 557 548 592 sunt
564 548 727 607 lapides
741 551 829 606 isti,
855 561 904 596 ut
925 553 1010 596 vivi
1032 551 1243 597 dicantur.
1271 558 1378 601 Sunt
1397 573 1499 616 ergo

123 618 289 678 lapides
313 619 490 679 pretiosi
512 629 714 664 ornantes
736 636 828 665 eam
847 641 854 666 :
873 623 947 667 sed
963 632 1025 668 est
1037 623 1127 683 ipsa
1142 626 1377 683 pretiosior.
1390 628 1499 672 Volo

119 690 285 749 aliquid
319 690 627 735 commendare
654 692 863 737 Charitati
892 697 1074 750 Vestrae,
1109 705 1321 756 quantum
1354 700 1497 757 capio,

117 769 333 821 quantum
354 761 522 820 capitiS‚
540 771 753 821 quantum
779 764 1151 825 timeo‚quantum
1174 767 1324 811 timere
1337 767 1500 812 debetis

117 829 174 876 de
185 831 248 875 his
258 830 479 890 lapidibus
492 833 701 890 pretiosis.
712 835 821 878 Sunt
834 834 878 879 in
887 834 1072 880 Ecclesia
1084 836 1247 896 lapides
1260 839 1445 897 pretiosi,
1459 849 1500 884 et

118 916 287 961 semper
303 901 505 957 fuerunt,
530 901 671 959 docti,
697 904 968 950 abundantes
988 907 1164 950 scientia
1185 916 1229 951 et
1256 906 1428 967 eloquio
1458 919 1501 954 et

118 973 238 1018 omni
251 973 536 1018 instructione
551 975 689 1032 Legis.
703 976 882 1020 Pretiosi
893 976 1020 1035 plane
1032 977 1194 1035 lapides
1204 979 1273 1022 isti
1287 988 1408 1023 sunt:
1426 980 1498 1023 sed

119 1060 170 1088 ex
191 1059 344 1089 eorum
360 1059 543 1088 numero
557 1043 735 1104 quidam
751 1045 1059 1090 aberraverunt
1073 1048 1126 1090 ab
1139 1059 1391 1092 ornamento
1404 1064 1503 1092 mu-

118 1113 234 1158 lieris
257 1115 404 1174 hujus.
428 1118 650 1167 Quantum
667 1115 783 1158 enim
799 1115 985 1174 pertinet
1007 1116 1061 1160 ad
1084 1116 1325 1161 doctrinam
1350 1127 1393 1161 et
1413 1118 1505 1162 elo-

119 1185 272 1245 quium
288 1185 407 1229 unde
429 1184 568 1244 fulget
582 1187 595 1211 ¹
614 1220 624 1240 ‚
649 1184 757 1244 lapis
779 1186 989 1245 pretiosus
1011 1196 1101 1231 erat
1123 1187 1365 1246 Cyprianus
1392 1207 1400 1232 ε
1426 1189 1500 1232 sed

119 1256 278 1300 mansit
317 1256 362 1300 in
403 1256 534 1315 hujus
568 1265 839 1300 ornamento.
857 1252 866 1257 ’
880 1258 1005 1316 Lapis
1043 1258 1251 1316 pretiosus
1291 1267 1381 1302 crat
1420 1261 1503 1302 Do-

120 1335 247 1370 natus
271 1345 279 1371 :
301 1326 376 1370 sed
398 1325 563 1370 resiluit
585 1341 608 1370 a
626 1341 834 1385 compage
854 1328 1109 1372 ornamenti.
1133 1327 1211 1371 Ille
1232 1329 1307 1388 qui
1323 1330 1499 1381 mansit,

120 1397 167 1440 in
188 1411 238 1441 ea
252 1411 296 1440 se
309 1397 442 1441 amari
455 1397 595 1442 voluit
614 1417 622 1442 :
642 1397 715 1441 ille
736 1399 812 1457 qui
829 1397 930 1441 inde
953 1414 1150 1443 excussus
1164 1409 1241 1453 est,
1274 1410 1429 1459 praeter
1450 1400 1501 1444 il-

118 1465 206 1511 lam
227 1482 389 1512 nomen
402 1467 484 1512 sibi
496 1468 710 1527 quaesivit.
733 1468 811 1512 Ille
822 1484 1077 1527 permanens
1091 1484 1189 1512 cum
1206 1469 1292 1523 illa,
1309 1471 1363 1514 ad
1387 1470 1499 1515 illam

119 1537 296 1597 collegit
321 1556 330 1583 z
354 1537 428 1582 ille
450 1538 641 1584 resiliens
657 1574 668 1594 ,
704 1555 791 1583 non
825 1538 1048 1597 colligere,
1077 1540 1152 1584 sed
1178 1555 1373 1599 spargere
1398 1557 1501 1586 con·

121 1610 300 1669 cupivit.
325 1609 430 1654 Mali
447 1609 550 1665 filii,
576 1610 683 1670 quid
705 1611 932 1670 sequimini
955 1610 1142 1670 lapidem
1165 1611 1420 1670 pretiosum,
1447 1614 1500 1657 de

119 1688 376 1724 ornamento
397 1680 529 1741 hujus
551 1680 742 1724 mulieris
765 1682 1021 1724 excussum?
1059 1681 1342 1740 Respondetis
1371 1683 1498 1735 mihi,

121 1750 234 1804 Quid
251 1751 403 1794 enim?
426 1754 491 1794 Tu
508 1752 568 1794 sic
596 1750 844 1809 intelligens
869 1751 1090 1809 quomodo
1125 1750 1228 1794 ille?
1250 1761 1323 1795 aut
1353 1753 1411 1796 sic
1439 1752 1502 1795 Ιο-

119 1821 264 1882 queris
278 1820 503 1881 quomodo
517 1821 618 1864 ille?
636 1829 712 1864 aut
729 1830 817 1864 tam
833 1820 988 1864 doctus
1001 1835 1044 1863 es
1060 1836 1190 1879 quam
1208 1820 1308 1865 ille?
1328 1823 1388 1866 Sit
1405 1822 1503 1866 licet

119 1890 368 1950 intelligens
411 1910 420 1935 :
460 1910 481 1933 «
522 1889 773 1934 Intellectus
810 1890 974 1943 bonus,
1007 1891 1207 1934 omnibus
1247 1892 1504 1936 facientibus

123 1979 144 2003 »
179 1965 322 2006 eum2.
350 1981 370 2003 »
399 1962 462 2006 Sit
482 1960 585 2006 licet
605 1960 781 2015 doctus,
807 1961 908 2005 licet
929 1961 1175 2005 liberalibus
1206 1962 1438 2021 disciplinis
1460 1973 1502 2007 et

122 2032 335 2090 mysteriis
378 2031 502 2090 Legis
536 2032 798 2086 instructus,
823 2031 931 2090 lapis
965 2040 1027 2075 est
1060 2033 1266 2090 pretiosus
1299 2051 1306 2075 :
1334 2032 1421 2074 rodi
1448 2034 1502 2076 ab

122 2102 202 2148 illo·
221 2103 277 2147 ad
294 2103 418 2150 istam
435 2137 446 2158 ,
477 2121 496 2144 «
519 2102 748 2147 Pretiosior
769 2112 833 2146 est
853 2101 1072 2161 lapidibus
1095 2102 1299 2160 pretiosis.
1330 2121 1348 2142 »
1380 2105 1501 2161 Lapis

123 2175 334 2234 pretiosus
356 2175 390 2219 si
408 2190 497 2219 non
519 2175 574 2218 sit
594 2174 640 2218 in
657 2183 914 2219 ornamento
943 2174 1129 2217 mulieris
1154 2174 1276 2232 hujus
1293 2209 1302 2226 ‚
1326 2175 1436 2232 jacet
1459 2175 1499 2217 in

127 2247 327 2290 tenebris.
365 2247 490 2306 Lapis
524 2245 736 2305 pretiosus
769 2246 963 2305 quolibet
989 2246 1123 2304 jacet,
1150 2246 1261 2303 jacet
1300 2245 1341 2287 in
1379 2254 1499 2287 teno-

124 2317 212 2361 bris
237 2335 244 2360 :
271 2332 380 2376 opus
404 2316 467 2360 illi
490 2326 603 2370 erat,
630 2325 679 2360 ut
701 2317 745 2359 in
763 2325 1018 2361 ornamento
1042 2316 1169 2374 hujus
1194 2314 1382 2357 firminae
1406 2330 1501 2372 per-

124 2397 339 2442 maneret,
360 2397 402 2431 et
423 2396 533 2431 esset
553 2387 598 2430 in
621 2387 878 2446 compagine
895 2386 1135 2429 ornamenti
1171 2387 1274 2443 ejus,
1305 2389 1392 2442 Ego
1421 2402 1500 2427 au-

174 2501 182 2517 ¹
202 2495 280 2528 Cod.
297 2497 380 2528 Cass.
403 2494 499 2536 7,fol.
523 2494 585 2527 380
607 2507 612 2526 :
637 2506 652 2523 «
669 2494 779 2535 Fulget
798 2494 874 2537 lapis
894 2494 1060 2536 pretinm,
1078 2494 1221 2524 ‹los-trina
1241 2493 1320 2523 υιιίιιι
1337 2493 1497 2524 ‹imminu-:i

124 2550 222 2592 fulget
238 2565 244 2583 ;
265 2551 343 2594 lapis
359 2552 517 2594 pretiosus
533 2554 602 2583 erat
619 2551 801 2593 Cyprianus.
821 2563 835 2578 υ
857 2567 897 2573 -
914 2557 925 2573 ²
944 2550 1020 2580 psat.
1042 2560 1092 2584 cx.
1119 2561 1166 2581 ιο.
