1924 3309
450 247 504 289 14
887 253 922 287 s.
957 254 1188 288 mausum
1220 259 1402 290 EPISCOPI

446 323 677 370 obedimus
707 331 854 368 tamen
870 357 881 379 ‚
912 338 1055 384 neque
1077 325 1370 370 consentimus
1387 359 1400 381 ‚
1423 330 1570 368 mente
1598 321 1831 369 servientes

443 394 527 453 legi
551 394 626 438 Dei
645 414 656 451 3
677 393 779 454 quia
801 394 963 438 mortui
984 409 1132 439 sumus
1153 403 1332 455 peccato
1345 396 1376 439 ¹.
1397 387 1607 440 Morietur
1623 400 1768 437 autem
1786 401 1831 438 et

441 473 686 525 peccatum,
704 479 805 509 cum
823 465 1075 510 reformatio
1097 466 1289 525 eorporis
1310 466 1356 510 in
1378 464 1694 511 resurrectione
1715 463 1831 509 facta

442 535 577 580 fuerit
593 570 604 591 ‚
625 535 680 580 de
697 551 785 596 qua
805 545 904 596 post
925 536 1031 581 dicit
1044 552 1056 581 .·
1070 555 1091 579 «
1106 537 1353 583 Vivificabit
1368 546 1411 581 et
1429 535 1629 582 mortalia
1649 549 1834 596 corpora

443 624 466 649 »
501 615 642 652 vestra
659 641 670 662 ,
690 615 868 667 propter
892 608 1100 667 Spiritum
1122 617 1375 654 manentem
1390 608 1437 653 in
1455 608 1579 654 vobis
1594 611 1627 652 ².
1651 625 1673 650 »

501 679 731 723 XXXVII.
750 678 880 732 Quod
895 688 1042 724 autem
1060 678 1187 725 dicit:
1205 680 1476 725 «Occasione
1491 687 1637 724 autem
1655 685 1833 738 accepta

447 766 468 791 »
502 757 729 808 peccatum
752 763 829 808 per
864 748 1121 794 mandatum
1154 759 1382 809 operatum
1405 758 1470 794 est
1497 748 1544 793 in
1564 764 1635 793 me
1656 762 1834 794 omnem

450 837 468 859 »
504 819 900 878 concupiscentiam
926 821 942 845 3
958 854 970 875 ,
1009 836 1030 861 »
1055 818 1389 879 intelligendum
1425 828 1490 864 est
1524 834 1616 864 non
1657 832 1834 864 omnem

443 887 576 932 fuisse
597 888 1020 948 concupiscentiam,
1040 897 1275 949 antequam
1295 889 1591 949 prohibitione
1613 897 1741 934 aucta
1762 902 1833 933 es-

444 967 523 1003 set.
557 961 755 1017 Augetur
784 959 901 1003 enim
930 959 1227 1019 prohibitione
1250 961 1604 1020 concupiscentia
1621 995 1633 1016 ,
1653 958 1834 1020 quando

444 1028 565 1074 deest
590 1029 728 1089 gratia
748 1029 972 1075 liberantis
990 1030 1114 1075 :ideo
1134 1030 1336 1076 nondum
1357 1040 1420 1076 est
1436 1032 1574 1076 omnis
1597 1039 1834 1091 antequam

442 1101 728 1159 prohibeatur
755 1119 763 1146 :
788 1117 890 1147 curn
913 1110 1059 1146 autem
1079 1102 1300 1162 prohibita
1317 1101 1449 1146 fuerit
1468 1137 1479 1158 ‚
1505 1101 1739 1146 desistente
1752 1135 1764 1156 ‚
1784 1108 1836 1145 ut

443 1170 645 1228 diximus,
672 1173 808 1232 gratia
825 1207 836 1228 ‚
861 1181 1034 1218 tantum
1056 1173 1208 1218 crescit
1230 1173 1583 1233 concupiscentia
1598 1207 1610 1228 ,
1634 1181 1684 1217 ut
1705 1172 1766 1216 ita
1787 1171 1835 1215 in
1883 1221 1889 1228 N

443 1256 522 1286 suo
544 1257 699 1300 genere
716 1243 879 1297 omnis,
903 1242 950 1286 id
971 1252 1034 1287 est
1056 1251 1358 1288 consummata
1379 1244 1456 1287 fiat
1473 1278 1484 1298 ‚
1510 1251 1562 1287 ut
1582 1243 1712 1287 etiam
1733 1256 1837 1287 con-

444 1319 509 1356 tra
531 1314 693 1370 Legem
709 1313 786 1355 fiat
802 1345 814 1367 ‚
835 1321 878 1355 et
900 1312 1255 1371 praevaricatione
1271 1312 1437 1357 crimen
1450 1312 1712 1357 accumulet.

513 1381 643 1434 Quod
666 1390 811 1425 autem
833 1380 939 1425 dicit
962 1400 970 1426 :
1006 1400 1027 1424 «
1060 1383 1160 1427 Sine
1190 1385 1305 1441 Lege
1327 1382 1444 1425 enim
1465 1390 1694 1441 peccatum
1716 1396 1836 1427 mor-

447 1469 468 1493 »
504 1459 632 1495 tuum
658 1458 721 1494 est
739 1450 754 1476 ⁴
771 1485 782 1506 ,
811 1467 831 1492 »
851 1465 942 1494 non
965 1451 1066 1509 quia
1083 1466 1173 1495 non
1192 1459 1257 1494 est
1271 1485 1282 1506 ,
1297 1449 1406 1495 dixit
1426 1469 1447 1493 «
1472 1460 1696 1496 mortuum
1718 1459 1798 1507 est,
1811 1469 1834 1494 υ

445 1519 522 1565 sed
543 1521 643 1581 quia
667 1520 773 1564 latet
797 1538 805 1565 :
830 1519 952 1579 quod
974 1519 1020 1564 in
1037 1520 1408 1580 consequentibus
1432 1521 1682 1567 manifestat
1698 1555 1709 1577 ,
1735 1536 1838 1567 cum

445 1589 554 1635 dicit
575 1609 583 1636 :
609 1588 728 1635 «Sed
749 1598 978 1649 peccatum
999 1598 1050 1634 ut
1073 1599 1279 1650 appareat
1300 1599 1546 1650 peccatum,
1571 1607 1649 1650 per
1668 1591 1837 1636 bonum

450 1679 470 1703 ι)
504 1662 613 1705 mihi
635 1669 863 1720 operatum
886 1669 951 1704 est
967 1669 1156 1704 mortem
1171 1662 1239 1703 ⁵.»
1262 1663 1382 1704 Bona
1405 1669 1469 1704 est
1490 1661 1605 1704 enim
1629 1664 1742 1706 Lex:
1761 1661 1837 1706 sed

446 1732 537 1775 sine
553 1730 686 1788 gratia
707 1729 897 1773 ostendit
923 1727 1230 1773 tantummodo
1255 1738 1431 1788 peecata
1448 1764 1460 1785 ‚
1485 1745 1575 1774 non
1592 1729 1723 1776 tollit.

503 1802 755 1846 XXXVIII.
782 1798 911 1852 Quod
934 1807 1080 1843 autem
1102 1800 1184 1844 ait:
1210 1818 1230 1841 «
1255 1802 1349 1858 Ego
1371 1809 1518 1844 autern
1538 1801 1737 1846 vivebam
1756 1800 1836 1846 ali-

448 1890 470 1913 »
505 1870 683 1931 quando
716 1870 807 1914 sine
839 1870 1010 1928 Lege⁶‚
1039 1868 1419 1928 »intelligendum
1443 1878 1529 1925 est,
1553 1871 1697 1916 vivere
1727 1871 1836 1916 mihi

446 1942 623 1985 videbar
646 1961 657 1998 3
677 1940 778 2000 quia
795 1948 895 1984 ante
918 1938 1175 1983 mandatum
1197 1938 1360 1984 latebat
1383 1948 1625 1999 peccatum.
1640 1943 1697 1985 Et
1714 1938 1837 2002 quod

449 2012 508 2056 ait
527 2030 535 2056 :
565 2029 585 2053 «
601 2009 875 2056 Adveniente
897 2019 1043 2054 autem
1061 2010 1284 2064 mandato,
1309 2020 1537 2070 peccatum
1559 2010 1736 2069 revixit3
1755 2027 1836 2071 ego

454 2101 474 2123 »
511 2090 657 2126 autern
680 2089 878 2125 mortuus
909 2082 1032 2124 sum⁷
1048 2115 1059 2135 ‚
1087 2098 1107 2121 »
1132 2080 1463 2139 intelligendum
1486 2090 1549 2125 est
1565 2115 1577 2137 ,
1607 2090 1836 2141 peccatum

453 2167 661 2212 apparere
683 2151 838 2211 coepit,
859 2165 940 2209 ego
962 2159 1107 2194 autem
1130 2159 1353 2195 mortuum
1374 2166 1444 2195 me
1460 2166 1550 2195 esse
1566 2152 1766 2210 cognovi.

511 2224 721 2267 XXXIX.
743 2220 872 2275 Quod
894 2228 1039 2265 autem
1063 2221 1123 2265 ait
1148 2239 1156 2265 :
1186 2224 1451 2266 «Peccatum
1475 2222 1591 2266 enim
1612 2222 1836 2267 occasione

457 2313 478 2336 »
515 2302 691 2352 accepta
714 2307 790 2351 per
810 2291 1065 2336 mandatum
1096 2289 1251 2335 fefellit
1272 2307 1342 2335 me
1359 2327 1370 2347 ‚
1397 2300 1440 2336 et
1466 2307 1543 2351 per
1573 2291 1684 2337 illud
1717 2293 1836 2338 occi-

458 2383 478 2406 »
515 2362 621 2419 dit8,
641 2381 661 2404 »
687 2362 785 2406 ideo
803 2361 969 2407 dictum
986 2371 1066 2417 est,
1092 2361 1194 2422 quia
1217 2360 1416 2406 desiderii
1438 2362 1646 2422 prohibiti
1667 2361 1837 2409 fructus

456 2434 627 2480 dulcior
642 2442 719 2478 est.
737 2431 858 2478 Unde
878 2433 1006 2477 etiam
1022 2447 1313 2493 quaecumque
1329 2442 1504 2492 peccata
1519 2432 1689 2478 occulte
1705 2433 1834 2490 fiunt,

505 2539 513 2554 ¹
539 2533 630 2563 Rom.
651 2541 709 2572 vu,
728 2529 782 2562 25.
802 2545 842 2551 —
862 2529 1028 2569 ²1d.v111,
1053 2539 1156 2560 11.—-
1173 2525 1186 2551 3
1205 2528 1254 2562 Id.
1272 2538 1327 2570 vn,
1352 2527 1383 2561 8.
1405 2546 1445 2553 -
1461 2527 1570 2564 lolbid.
1593 2545 1634 2553 —
1651 2526 1763 2562 ⁵1bid.
1782 2529 1835 2562 13.

459 2603 498 2610 —-
514 2584 529 2609 6
548 2586 627 2619 lbid.
651 2597 685 2627 9.
703 2602 744 2609 -
759 2592 771 2619 7
789 2585 871 2619 lbid.
894 2595 944 2618 10·
963 2582 1031 2609 -3
1049 2583 1129 2618 lbid.
1154 2594 1207 2619 ιιι
