1867 3320
297 267 621 300 Pnorosrnonns
652 268 709 298 Ex
741 265 939 298 EPISTOLA
971 265 1026 296 An
1057 264 1270 297 nouAnos.
1414 258 1469 297 27

91 340 191 384 est¹.
217 355 239 379 «
263 338 414 396 Neque
436 335 628 395 Angelus
652 352 673 376 »
699 343 893 394 separat,
919 333 1021 393 quia
1037 332 1140 377 lieet
1162 333 1376 390 Angelus,
1401 335 1470 378 in-

91 408 186 468 quit
199 441 210 461 ,
229 406 285 450 de
303 405 417 450 eoelo
434 405 685 459 descendat,
706 413 749 448 et
771 403 1002 448 annuntiet
1018 402 1140 446 vobis
1162 411 1318 460 praeter
1339 419 1468 461 quam

91 477 209 538 quod
226 475 445 534 accepistis
462 509 473 530 ,
499 475 730 518 anathema
752 474 819 517 sit.
851 492 871 515 «
891 475 1042 532 Neque
1063 471 1330 530 principatus
1350 506 1361 526 ,
1385 490 1405 513 »
1427 473 1471 516 id

90 557 153 593 est
171 582 182 602 ‚
207 547 447 591 contrarius
465 580 475 600 ,
503 545 606 604 quia
627 545 745 589 exuit
769 559 812 588 se
834 544 923 603 ipse
939 544 1018 588 hos
1039 542 1308 602 principatus
1330 551 1373 586 et
1394 558 1474 601 po-

90 626 282 671 testates,
308 616 583 675 triumphans
605 630 677 659 eos
698 616 743 658 in
762 614 1038 673 semetips02.
1069 632 1088 655 «
1113 615 1264 672 Neque
1280 627 1472 671 praesen-

93 706 113 730 »
133 688 206 732 vtia
235 701 378 746 neque
397 685 545 729 lutura
561 719 572 739 ,
601 702 621 726 »
642 683 690 728 id
710 693 796 738 est,
823 682 1078 743 temporalia
1098 682 1169 727 vel
1197 697 1297 742 quae
1326 681 1472 726 delec-

89 765 209 812 tant,
243 755 313 800 vel
349 770 449 815 quae
470 763 676 813 premunt
692 789 702 809 ,
727 753 798 798 vel
819 769 918 814 quae
942 768 1062 813 spem
1093 751 1201 796 dant
1219 787 1230 807 ,
1269 751 1339 795 vel
1374 768 1473 811 quae

90 827 309 872 incutiunt
330 827 545 870 timorem.
563 843 580 865 «
598 828 750 885 Neque
772 825 923 869 virtust
939 842 959 866 »
981 827 1038 868 Et
1057 824 1128 868 hic
1149 823 1355 867 virtutem
1373 837 1475 866 eon·

90 897 265 942 trariam
282 905 455 955 oportet
471 895 680 953 intelligi,
706 893 948 939 secundum
971 908 1102 953 quarn
1124 893 1230 936 dicit
1254 911 1263 936 ι
1290 910 1310 933 «
1335 894 1473 937 Nemo

92 985 112 1009 »
145 981 245 1011 vasa
268 965 390 1010 fortis
413 965 610 1025 diripiet,
641 964 722 1008 nisi
743 964 863 1023 prius
890 963 1129 1021 alligaverit
1149 962 1308 1006 fortem
1323 963 1354 1004 ³.
1389 964 1475 1006 Ne-

91 1054 112 1078 »
145 1051 230 1096 que
265 1035 451 1079 altitudo
475 1070 485 1090 ,
516 1049 661 1094 neque
693 1032 981 1093 profundum.
1012 1050 1032 1073 »
1059 1031 1322 1091 Plerumque
1357 1032 1473 1074 enim

88 1106 224 1150 inanis
246 1105 471 1149 euriositas
488 1119 639 1149 earum
661 1118 807 1148 rerum
824 1118 925 1164 quae
946 1102 1130 1147 inveniri
1152 1117 1242 1146 non
1263 1110 1470 1161 possunt,

91 1184 166 1220 aut
182 1174 340 1219 frustra
357 1175 487 1218 etiam
508 1174 792 1218 inveniuntur
809 1173 898 1217 sive
917 1173 963 1216 in
984 1171 1100 1216 coelo
1122 1172 1211 1216 sive
1233 1172 1279 1215 in
1296 1171 1470 1228 abysso,

88 1255 256 1306 separat
274 1262 297 1290 a
321 1249 410 1289 Deo
424 1279 435 1299 ,
461 1244 541 1289 nisi
572 1245 757 1289 charitas
779 1244 924 1288 vincat
941 1277 952 1298 ,
977 1258 1076 1302 quae
1098 1242 1153 1286 ad
1170 1251 1286 1286 certa
1303 1242 1475 1301 spirita-

87 1316 144 1360 lia
169 1331 258 1360 non
276 1316 467 1359 vanitate
500 1329 646 1358 rerum
677 1329 776 1374 quae
799 1313 901 1358 foris
923 1322 1052 1367 sunt,
1079 1313 1155 1356 sed
1173 1313 1354 1356 veritate
1376 1327 1474 1371 quae

87 1387 219 1441 intus,
235 1386 433 1429 homines
451 1385 618 1428 invitat.
635 1403 655 1425 «
672 1386 823 1442 Neque
844 1392 1040 1426 ereatura
1063 1382 1160 1425 alia.
1176 1399 1196 1422 ι)
1212 1381 1342 1434 Quod
1362 1381 1474 1426 duo-

88 1457 170 1500 bus
192 1455 331 1500 modis
354 1454 537 1512 intelligi
555 1462 696 1513 potest
718 1473 726 1497 :
748 1462 823 1497 aut
844 1452 1023 1497 visibilis
1055 1461 1253 1496 ereatura
1269 1487 1279 1506 ,
1310 1453 1411 1511 quia
1432 1460 1476 1496 et

89 1540 166 1570 nos
183 1559 194 1580 ,
232 1525 277 1568 id
299 1533 363 1568 est
377 1559 387 1579 ,
425 1524 569 1568 anima
586 1558 597 1579 ‚
629 1531 825 1567 creatura
847 1537 996 1566 sumus
1012 1556 1022 1576 ,
1048 1520 1124 1565 sed
1145 1521 1371 1565 invisibilis
1390 1542 1400 1578 3
1424 1530 1475 1565 ut

88 1595 170 1639 hoe
193 1593 348 1638 dixerit
363 1628 373 1648 ,
400 1593 521 1653 quod
543 1608 619 1637 nos
643 1607 729 1637 non
756 1601 926 1651 separat
949 1591 1030 1635 alia
1052 1600 1249 1636 creatura
1266 1626 1276 1645 ‚
1307 1590 1354 1634 id
1379 1600 1470 1646 est,

90 1679 210 1708 amor
226 1677 458 1723 corporum
478 1671 578 1707 :aut
599 1671 714 1709 cente
736 1662 838 1721 quia
861 1677 939 1706 nos
961 1677 1049 1705 non
1074 1670 1243 1720 separat
1261 1660 1340 1704 alia
1360 1676 1475 1705 erea-

91 1743 186 1779 tura
209 1749 232 1778 a
268 1733 477 1777 charitate
504 1732 604 1785 Dei,
643 1746 693 1775 ex
721 1746 772 1775 eo
794 1731 915 1790 quod
942 1730 1063 1774 nulla
1087 1740 1282 1774 creatura
1306 1739 1369 1774 est
1392 1731 1474 1775 alia

89 1804 200 1848 inter
221 1818 299 1847 nos
321 1812 364 1847 et
390 1805 527 1845 Deum
544 1835 556 1855 ,
581 1815 680 1860 quae
710 1815 754 1844 se
776 1809 995 1859 opponat,
1021 1808 1064 1844 et
1085 1815 1109 1843 a
1135 1799 1367 1859 complexu
1384 1801 1475 1859 ejus

90 1873 304 1919 excludat.
339 1875 477 1932 Supra
513 1872 726 1915 humanas
760 1871 873 1914 enim
912 1878 1079 1914 mentes
1111 1885 1210 1929 quae
1244 1870 1474 1915 rationales

90 1952 214 1997 sunt,
232 1944 320 2002 jam
340 1942 461 1985 nulla
483 1949 678 1985 ereatura
694 1975 704 1995 ,
726 1941 801 1984 sed
824 1943 936 1983 Deus
958 1948 1037 1983 est.

150 2015 263 2057 le.
289 2011 417 2065 Quod
436 2020 581 2055 autem
603 2011 708 2054 dicit
734 2029 743 2055 z
768 2012 998 2063 «Quorum
1022 2019 1164 2069 patres
1185 2018 1229 2054 et
1245 2025 1296 2053 ex
1313 2010 1473 2070 quibus

95 2099 115 2122 n
149 2082 344 2127 Christus
365 2081 604 2125 secundum
627 2094 818 2134 carnem,
851 2098 871 2121 ι)
894 2088 937 2123 et
958 2080 1112 2139 adjecit
1131 2098 1138 2123 ι
1169 2097 1188 2120 «
1211 2080 1295 2131 Qui
1317 2088 1381 2122 est
1401 2095 1474 2123 su-

95 2169 115 2193 »
150 2167 226 2211 per
247 2166 396 2195 omnes
420 2154 532 2194 Deus
551 2150 805 2194 benedictus
828 2150 872 2194 in
892 2148 1076 2193 saecula⁴
1096 2183 1106 2202 ,
1137 2166 1156 2189 »
1184 2149 1474 2207 plenissimam

92 2220 218 2265 fidem
243 2221 546 2275 commendat,
571 2221 673 2279 quia
697 2221 932 2264 Dominum
954 2228 1151 2263 nostrum
1171 2227 1212 2261 et
1235 2217 1474 2262 secundum

93 2293 406 2350 susceptionem
425 2292 564 2335 carnis
587 2291 726 2334 filium
749 2290 934 2334 hominis
957 2290 1232 2342 confitemur,
1257 2297 1299 2332 et
1320 2303 1475 2332 seeun-

92 2360 196 2405 dum
217 2362 503 2406 aeternitatem
522 2361 716 2404 Verbum
741 2361 785 2403 in
806 2359 1018 2419 principio
1038 2362 1174 2401 Deum
1194 2358 1474 2402 benedictum

93 2445 218 2489 super
250 2445 400 2474 omnes
432 2431 475 2473 in
497 2430 667 2474 saecula.
696 2430 832 2488 liujus
863 2439 1004 2472 autem
1033 2427 1312 2472 confessionis
1334 2428 1474 2472 Judaei

94 2501 298 2560 quoniam
323 2510 489 2560 partem
517 2510 779 2554 tenuerunt,
806 2499 1065 2544 refelluntur
1093 2515 1114 2542 a
1141 2499 1340 2543 Domino.
1368 2501 1474 2544 Nam

144 2584 235 2616 ¹⁶:11.
257 2596 280 2625 1,
299 2585 330 2617 8.
355 2601 394 2608 -·
416 2592 426 2607 ‘¹
443 2584 558 2616 Coloss.
579 2595 615 2621 n,
640 2584 689 2616 15.
712 2601 751 2606 —
773 2581 786 2607 ³
805 2583 922 2614 Manli.
948 2593 1004 2621 xii,
1023 2592 1076 2623 ⁴²9-
1100 2599 1137 2605 —
1161 2582 1176 2611 4
1198 2585 1285 2614 nom.
1307 2593 1352 2620 ix,
1373 2580 1403 2612 5.
