1924 3309
471 291 548 331 414
892 300 925 328 s,
965 299 1191 329 Ancuswm
1226 301 1404 329 Emscori

472 389 490 409 n
527 368 707 411 miliavit
728 368 842 411 enim
861 368 1134 425 semetipsum
1153 400 1163 420 ,
1188 366 1344 425 inquit.
1382 368 1538 412 Discite
1560 383 1584 411 a
1607 381 1698 423 me,
1733 382 1847 428 quo-

471 458 491 481 »
526 439 642 483 niam
660 438 774 482 mitis
792 452 910 492 sum,
935 446 978 480 et
992 434 1166 480 humilis
1182 435 1312 480 corde
1327 439 1358 480 ¹.
1380 455 1401 478 »
1421 440 1516 483 Non
1536 438 1666 493 enim,
1687 438 1846 498 inquit,

468 512 551 555 1100
571 524 647 554 vos
669 508 832 564 doceo,
858 508 979 568 quasi
1009 507 1055 550 in
1086 504 1225 550 forma
1253 506 1330 550 Dei
1362 506 1597 567 aliquando
1633 507 1846 563 fuissetis,

469 595 558 625 non
589 579 783 638 rapinam
820 578 1077 622 arbitrantes
1098 590 1185 619 esse
1218 591 1293 620 vos
1319 577 1507 636 aequales
1529 580 1633 621 Deo.
1673 578 1741 622 Illi
1774 579 1851 622 uni

470 652 693 711 proprium
709 659 801 694 erat
817 684 827 704 ,
854 648 915 692 illi
937 647 1085 705 rapina
1108 662 1197 691 non
1226 656 1338 702 erat,
1357 648 1428 691 cui
1444 656 1599 691 natura
1620 648 1772 692 inerat.
1800 651 1852 692 In

470 721 606 765 Patris
629 719 876 779 aequalitate
911 726 1036 761 natus
1069 725 1132 760 est
1163 717 1217 760 de
1247 720 1388 760 Patre.
1424 717 1538 770 Quid
1572 727 1718 762 tamen
1751 716 1855 762 fecit

472 801 645 851 protpter
664 792 738 834 te?
763 808 783 831 (ι
811 787 1098 846 Semetipsum
1119 787 1374 843 exinanivit,
1399 787 1584 832 formam
1617 789 1727 832 servi
1744 788 1856 833 acci-

473 881 492 903 »
528 862 650 921 piens
668 896 679 915 ,
703 861 749 903 111
769 858 1098 903 similitudinem
1116 858 1342 902 hominum
1360 857 1520 913 factus,
1541 867 1585 902 et
1602 858 1757 902 habitu
1784 860 1849 902 in-

471 951 491 974 »
528 940 683 975 ventus
697 938 746 973 ut
763 930 909 973 homo.
929 947 950 970 »
967 930 1080 972 Ecce
1096 937 1274 988 propter
1289 938 1331 973 te
1343 932 1458 973 Deus
1472 929 1613 973 tactus
1627 938 1690 973 est
1704 929 1853 979 homo,

469 1012 512 1046 et
541 1017 630 1045 non
662 1009 705 1043 te
738 1000 801 1043 vis
832 1013 1088 1056 agnoscere,
1122 1014 1223 1042 cum
1256 1000 1310 1043 sis
1339 1000 1505 1043 homo?
1531 1001 1644 1043 Ecce
1681 1008 1858 1058 propter

475 1082 514 1115 te
536 1072 676 1115 factus
702 1078 765 1113 est
793 1070 926 1113 homo
958 1070 1048 1112 sine
1080 1077 1259 1128 peccato
1278 1104 1288 1123 ,
1330 1078 1374 1113 et
1405 1084 1495 1113 non
1526 1069 1589 1113 vis
1625 1078 1669 1113 te
1703 1083 1859 1127 agnos—

470 1156 566 1185 cere
594 1155 693 1184 cum
728 1140 938 1198 peccato?
967 1148 1017 1182 ut
1050 1139 1195 1182 venias
1226 1138 1281 1182 ad
1318 1138 1442 1182 illum
1479 1139 1554 1198 qui
1585 1138 1666 1194 ait,
1702 1139 1859 1182 Venite

472 1210 527 1255 ad
555 1225 624 1254 me
654 1224 805 1254 omnes
832 1209 907 1267 qui
943 1207 1147 1252 laboratis
1173 1217 1217 1251 et
1245 1209 1411 1253 onerati
1433 1209 1531 1252 estis
1552 1243 1563 1263 ,
1597 1218 1641 1252 et
1671 1223 1752 1267 ego
1783 1223 1860 1253 vos

474 1281 680 1325 reficiam.

532 1353 588 1394 X.
614 1348 770 1394 Tollite
786 1349 942 1408 jugum
963 1362 1113 1391 meum
1135 1362 1263 1406 super
1284 1362 1375 1392 vos.
1404 1347 1556 1392 Tulisti
1579 1348 1663 1393 hoc
1676 1349 1830 1409 jugum
1844 1345 1889 1391 ‘22
1907 1344 1909 1346 ’

476 1420 660 1465 Tulisti?
685 1419 824 1463 Sentis
856 1427 897 1462 te
927 1418 1090 1461 habere
1113 1419 1348 1462 sessorem?
1384 1417 1536 1462 Tulisti
1560 1419 1643 1463 hoc
1673 1420 1863 1478 jugum?

473 1491 586 1533 'Dicis
603 1525 613 1545 ‚
653 1489 767 1533 Tuli.
796 1488 935 1533 Sentis
958 1497 1000 1531 te
1023 1487 1184 1532 habere
1206 1490 1443 1532 sessorem?
1473 1489 1612 1533 Sentis
1634 1497 1676 1532 te
1705 1489 1864 1533 habere
1907 1532 1909 1538 A

476 1561 718 1604 rectorem?
743 1558 913 1612 Sentio,
950 1558 1107 1617 inquis.
1142 1557 1210 1601 Illi
1230 1574 1333 1616 ergo
1363 1558 1459 1613 dic,
1496 1577 1515 1599 «
1541 1560 1719 1603 Gressus
1747 1574 1865 1604 meos

478 1649 497 1671 »
535 1630 672 1688 dirige
705 1628 947 1673 secundum
986 1629 1167 1672 verbum
1197 1638 1339 1673 tuum.
1370 1647 1389 1669 »
1418 1629 1544 1686 Regit
1574 1638 1616 1673 te
1643 1630 1725 1674 sub
1757 1631 1864 1689 jugo
1909 1644 1913 1678 ζ

475 1715 580 1754 suo,
613 1709 656 1743 et
688 1700 770 1742 sub
803 1700 967 1742 sarcina
1003 1714 1094 1742 sua.
1129 1701 1186 1742 Ut
1220 1699 1335 1741 enim
1368 1698 1533 1742 sarcina
1569 1699 1661 1758 ejus
1695 1699 1749 1743 sit
1787 1699 1866 1743 tibi

478 1770 579 1813 levis
601 1778 643 1813 et
671 1771 829 1828 jugum
860 1770 952 1827 ejus
980 1782 1133 1822 suave,
1170 1766 1242 1810 ille
1286 1768 1363 1810 tibi
1399 1783 1589 1812 amorem
1623 1769 1860 1827 inspiravit.
1896 1773 1901 2097 ι

477 2402 576 2445 veni
601 2400 653 2443 ad.
678 2416 792 2444 eum.
832 2402 946 2458 Engo
974 2400 1058 2442 1100
1090 2400 1226 2458 sapis
1263 2400 1362 2458 quia
1385 2399 1566 2452 venisti,
1600 2408 1648 2442 tu
1671 2400 1748 2444 tibi
1782 2401 1865 2444 hoc
1898 2387 1917 2445 '›÷

478 1840 674 1894 Mimanti,
714 1855 843 1882 suave
870 1847 954 1896 est3
989 1854 1078 1882 non
1121 1839 1305 1891 amanti,
1350 1838 1511 1882 durum
1548 1848 1627 1882 est.
1665 1841 1863 1895 Amanti,

475 1925 604 1953 suave
639 1919 703 1952 est
741 1928 748 1952 :
780 1908 987 1951 Dominus
1010 1906 1133 1950 dedit
1169 1907 1465 1952 suavitatem2.
1509 1911 1577 1953 An
1613 1907 1725 1952 forte
1765 1911 1865 1969 quia

478 2489 536 2531 pi
530 2472 731 2515 restitisti.
724 2473 741 2496 ³
763 2469 879 2523 Quid
901 2469 1014 2512 enim
1034 2469 1166 2512 habes
1183 2503 1193 2523 ‚
1218 2469 1338 2527 quod
1361 2484 1449 2512 non
1471 2469 1728 2528 accepisti³.
1715 2471 1732 2499 ‘³
1751 2472 1865 2523 Quo·
1905 2475 1917 2522 'f

482 2541 609 2586 modo
632 2558 682 2585 ve
687 2541 816 2584 111511Ἴ
839 2539 976 2585 Craerh
980 2540 1068 2583 ndo
1087 2538 1278 2583 venisti:
1271 2538 1371 2582 ·sed
1395 2537 1588 2583 nondum
1612 2540 1859 2598 pervenisti
1906 2570 1917 2584 ,,

474 1979 541 2022 vel
569 1978 723 2023 venisti
740 2012 750 2032 ‚
780 1976 958 2020 audiens
995 1995 1003 2020 z
1030 1994 1051 2018 «
1076 1976 1232 2020 Venite
1261 1978 1315 2020 ad
1339 1992 1429 2032 me,
1459 1996 1479 2019 »
1507 1978 1590 2022 hoc
1615 1979 1754 2038 ipsum
1785 1979 1865 2023 tibi

476 2065 674 2109 arrogare
714 2048 930 2103 intendis,
973 2048 1077 2107 quia
1102 2048 1284 2092 venisti?
1308 2051 1443 2102 Ecce,
1488 2049 1653 2108 inquit,
1678 2050 1778 2094 veni
1811 2050 1866 2094 ad

478 2120 601 2164 iilum
641 2119 819 2164 arbitrio
853 2133 982 2173 meo,
1028 2117 1255 2162 voluntate
1291 2133 1402 2162 mea.
1439 2119 1550 2171 Quia
1592 2119 1719 2174 veni,
1765 2121 1866 2163 refi-

476 2193 535 2234 cit
568 2206 637 2235 me
664 2210 673 2235 :
698 2191 800 2251 quia
821 2190 940 2242 veni,
961 2190 1117 2248 jugum
1177 2204 1307 2232 suum
1346 2189 1533 2248 imponit
1577 2189 1685 2232 mihi
1706 2205 1863 2247 suave3

477 2262 553 2321 qui
582 2262 658 2305 dat
695 2275 909 2313 amorem,
949 2258 1160 2302 sarcinam
1202 2273 1324 2302 suam
1360 2258 1500 2304 levem
1532 2259 1717 2318 imponit
1759 2226 1865 2304 mihi

478 2332 639 2375 amanti
672 2341 715 2373 et
747 2329 946 2388 diligenti
979 2348 986 2373 :
1023 2330 1117 2372 haec
1145 2329 1288 2372 omnia
1311 2327 1455 2372 fecit
1445 2345 1489 2372 1n
1520 2344 1614 2386 me·
1653 2330 1728 2373 sed
1765 2331 1866 2390 quia

534 2630 606 2657 ’11
615 2627 661 2657 1111
694 2640 719 2657 xi
757 2638 806 2663 ‘NJ
835 2644 874 2647 κ-
897 2626 1003 2656 111
1030 2624 1444 2659 11111111.ἶ“.-31((11
1471 2635 1522 2666 iv
1545 2636 1574 2667 7

1898 2656 1902 2731 !

1899 2734 1902 2761 ι

1898 2763 1903 2885 i

1899 2888 1903 2931 1

1899 2934 1903 2962 1

1901 2985 1903 3011 1
