1924 3309
434 297 515 334 520
868 307 900 332 S.
939 304 1166 333 AUGUSTINI
1200 307 1378 335 EPISCOPI

429 372 548 427 reris,
565 386 654 415 uon
667 371 871 430 sperasti?
886 372 1039 416 Nonne
1054 379 1155 414 tues
1169 369 1256 426 ille,
1273 373 1348 431 qui
1364 374 1563 432 pauperis
1582 384 1814 433 contemp-

428 453 511 498 tor,
547 445 731 499 Moysen
748 441 1009 501 prophetam
1051 439 1286 485 irridebas?
1322 442 1509 488 Noluisti
1545 459 1650 503 ergo
1681 443 1813 489 fidem

428 513 648 574 possidere
665 527 767 557 cum
789 511 988 571 proximo
1018 511 1063 553 in
1083 519 1340 570 paupertate
1373 512 1480 572 ejus,
1504 513 1638 559 modo
1661 513 1816 559 frueris

429 584 555 629 bonis
577 584 696 643 ejus?
716 582 880 626 irrisisti
902 595 1024 635 eum,
1041 580 1219 640 quando
1233 581 1404 636 audisti,
1434 602 1453 624 «
1479 583 1631 627 Fidem
1647 583 1817 643 posside

432 674 452 696 »
489 669 589 698 cum
607 653 803 713 proximo
820 652 863 695 in
882 659 1138 710 paupertate
1161 652 1310 710 ipsius,
1336 661 1387 696 ut
1408 664 1446 696 et
1465 652 1590 697 bonis
1613 655 1702 713 ejus
1715 669 1816 713 per-

433 746 450 767 »
486 725 659 770 fruaris.
693 743 713 765 »
743 722 876 768 Modo
898 721 1017 766 vides
1048 721 1179 780 longe
1201 722 1316 767 bona
1333 725 1442 784 ejus,
1468 733 1511 767 et
1533 740 1621 768 non
1644 740 1744 768 cum
1765 740 1817 769 eo

427 796 633 855 possides.
659 797 853 837 Ventura
874 792 989 836 enim
1011 801 1135 836 erant
1155 791 1229 837 illa
1246 793 1362 837 bona
1379 828 1391 848 ,
1420 802 1604 837 ventura
1621 794 1820 838 invisibi-

424 865 538 910 liter.
563 862 751 918 Quando
774 863 890 906 enim
923 877 1014 906 non
1034 862 1316 917 videbantur,
1347 862 1564 908 credenda
1586 873 1733 919 erant,
1764 880 1819 909 ne

426 934 605 996 quando
637 933 862 989 videntur,
901 942 1144 977 remaneret
1171 933 1252 977 tibi
1286 933 1434 978 dolere
1464 950 1615 994 posse,
1655 944 1698 980 et
1729 951 1819 980 non

428 1021 551 1065 posse
574 1015 738 1049 tenere.

501 1078 579 1119 VI.
607 1076 751 1132 Ergo,
780 1073 934 1117 fratres
951 1108 962 1128 ‚
996 1083 1214 1133 quantum
1241 1072 1349 1116 mihi
1381 1073 1579 1127 videtur,
1629 1073 1819 1133 eliquata

430 1154 493 1188 est
530 1145 611 1187 ista
651 1144 879 1187 sententia.
914 1141 1206 1201 Intelligenda
1233 1151 1298 1186 est
1329 1142 1493 1200 quippe
1521 1142 1754 1186 christiane
1795 1159 1818 1187 a

426 1214 699 1267 Christianis,
724 1228 779 1256 ne
796 1213 855 1256 sic
878 1212 1174 1271 possideamus
1193 1211 1323 1254 fidem
1351 1226 1452 1255 cum
1487 1213 1684 1270 proximo
1705 1228 1817 1272 pau-

424 1297 527 1343 pere
543 1316 555 1337 ,
580 1291 629 1326 ut
643 1281 815 1326 divitias
838 1281 876 1325 ei
897 1292 1102 1325 venturas
1123 1278 1422 1339 temporaliter
1443 1295 1681 1340 speremus,
1697 1291 1740 1326 et
1762 1283 1819 1327 ad

426 1368 496 1396 eas
517 1367 619 1395 cum
640 1350 717 1396 illo
729 1350 1008 1410 possidendas
1026 1349 1156 1394 fidem
1181 1358 1371 1394 nostram
1394 1365 1630 1394 servemus.
1648 1353 1746 1396 Non
1759 1352 1817 1395 sic

429 1422 625 1475 omnino,
643 1436 732 1466 non
755 1421 828 1465 sic.
857 1420 942 1466 Sed
969 1419 1208 1480 quomodo,
1240 1420 1321 1463 nisi
1356 1419 1597 1464 secundum
1621 1435 1818 1480 praecep-

426 1503 520 1538 tum
562 1491 735 1535 Domini
766 1491 925 1535 nostri:
959 1509 980 1532 «
997 1490 1144 1534 Facite
1177 1489 1299 1534 vobis
1320 1490 1480 1534 amicos
1495 1490 1549 1533 de
1570 1505 1817 1535 mammona

426 1583 446 1605 ·»
481 1562 744 1623 iniquitatis,
788 1570 837 1606 ut
878 1571 921 1606 et
964 1562 1044 1620 ipsi
1089 1560 1298 1620 recipiant
1334 1575 1409 1604 vos
1444 1561 1488 1604 in
1532 1560 1815 1606 tabernacula

429 1652 446 1673 n
481 1633 670 1676 aeterna?
696 1651 715 1672 ›>
740 1633 851 1675 Sunt
866 1631 936 1675 hic
954 1631 1070 1675 enim
1094 1645 1305 1690 pauperes
1333 1647 1424 1675 non
1440 1631 1651 1675 habentes
1667 1631 1815 1676 taber-

422 1703 593 1756 nacula,
619 1702 696 1745 ubi
726 1718 804 1746 nos
828 1702 906 1761 ipsi
921 1702 1147 1760 recipiant.
1175 1703 1321 1746 Facite
1338 1717 1410 1746 eos
1428 1702 1588 1745 amicos
1602 1701 1657 1745 de
1675 1717 1815 1746 mam-

424 1788 552 1818 mona
583 1771 845 1831 iniquitatis,
878 1772 924 1813 id
956 1779 1045 1825 est,
1072 1769 1128 1813 de
1160 1772 1291 1814 lucris
1320 1787 1419 1827 quae
1452 1771 1657 1831 iniquitas
1685 1783 1812 1817 vocat

427 1844 560 1886 lucra,
605 1843 715 1885 Sunt
750 1840 865 1883 enim
893 1839 1031 1893 lucra,
1074 1855 1175 1899 quae
1205 1841 1372 1899 justitia
1393 1850 1521 1885 vocat
1540 1842 1661 1886 lucra
1687 1862 1696 1886 ε
1722 1843 1813 1901 ipsa

425 1921 527 1956 sunt
548 1912 593 1953 in
616 1909 827 1954 thesauris
849 1908 941 1952 Dei.
977 1907 1121 1953 Nolite
1138 1919 1416 1953 contemnere
1453 1925 1688 1970 pauperes,
1723 1927 1812 1956 non

425 1982 634 2025 habentes
653 1995 741 2038 quo
764 1977 965 2033 redeant,
986 1994 1075 2022 non
1092 1978 1303 2023 habentes
1329 1996 1418 2039 quo
1432 1980 1611 2025 intrent.
1638 1981 1814 2027 Habent

424 2066 513 2109 quo
550 2049 735 2102 intrent,
781 2047 946 2091 habent
988 2047 1269 2092 tabernacula
1284 2084 1294 2104 ‚
1342 2050 1506 2093 habent
1546 2059 1589 2094 et
1630 2060 1806 2096 aeterna.

426 2120 602 2165 Habent
619 2135 708 2178 quo
722 2117 882 2161 frustra
906 2118 1038 2176 recipi
1057 2118 1278 2176 optabitis,
1303 2119 1413 2164 sicut
1435 2119 1555 2163 dives
1569 2119 1656 2175 ille,
1676 2121 1708 2163 si
1722 2137 1810 2165 non

426 2205 497 2235 eos
511 2204 630 2233 nunc
651 2189 697 2232 in
718 2197 859 2233 vestra
881 2188 1126 2247 receperitis
1153 2208 1161 2233 :
1188 2189 1289 2248 quia
1321 2208 1341 2231 «
1366 2189 1452 2242 Qui
1478 2190 1628 2249 recipit
1642 2191 1809 2250 justum

429 2281 448 2301 »
483 2262 528 2304 in
550 2260 725 2304 nomine
745 2260 872 2319 justi,
899 2259 1141 2304 mercedem
1159 2261 1264 2320 justi
1285 2260 1465 2320 accipiet
1489 2283 1500 2318 3
1522 2261 1598 2320 qui
1617 2263 1809 2321 prophe-

428 2351 446 2372 »
482 2340 569 2374 tam
587 2330 740 2389 recipit
766 2331 811 2373 in
833 2330 1010 2374 nomine
1036 2331 1281 2389 prophetoe,
1314 2330 1559 2374 mercedem
1581 2333 1808 2390 prophetae

425 2420 442 2441 »
480 2400 659 2459 accipiet
688 2421 696 2445 2
724 2400 864 2460 etqui
896 2399 1065 2445 dederit
1092 2400 1168 2444 uni
1197 2416 1246 2444 ex
1285 2401 1470 2445 minimis
1498 2401 1603 2445 meis
1625 2401 1805 2446 calicem

422 2490 440 2511 »
476 2485 600 2529 aquae
632 2469 799 2528 frigidae
830 2479 999 2514 tantum
1020 2470 1066 2514 in
1095 2471 1271 2514 nomine
1293 2470 1523 2530 Discipuli,
1551 2487 1677 2517 amen
1698 2472 1796 2517 dico

474 2562 478 2574 ¹
504 2556 577 2584 law.
599 2565 663 2588 v(vr,
684 2568 715 2595 3).
