1867 3320
278 286 597 318 rnorosrmonsss
628 289 685 317 Ex
715 285 914 317 musmom
945 285 1001 316 An
1032 286 1244 320 noumos.
1387 284 1443 324 23

77 373 97 398 »
131 354 272 399 sole1?
286 371 307 395 »
325 356 387 398 De
403 369 490 413 qua
507 354 609 398 item
627 353 764 398 David
781 353 886 398 dicit
911 372 920 398 ε
947 372 967 396 «
986 362 1036 398 ut
1057 353 1163 413 quid
1179 355 1354 414 diligitis
1372 374 1446 405 va-

75 443 96 467 »
131 424 329 478 nitatem,
355 432 398 466 et
419 424 610 482 quaeritis
632 423 908 468 mendacium
922 424 998 465 ²2»
1010 425 1108 469 Non
1123 434 1279 483 sponte
1300 436 1446 473 autem

73 494 176 539 dicit
191 509 280 538 esse
296 493 534 552 subjectam
551 493 731 538 vanitati
752 502 993 538 creaturam
1004 528 1016 549 ‚
1040 495 1247 554 quoniam
1264 497 1449 555 poenalis

73 573 136 609 est
152 564 233 608 ista
253 563 480 623 subjectio.
506 566 605 609 Non
626 563 741 607 enim
761 564 895 609 homo
917 564 1027 609 sicut
1049 574 1203 624 sponte
1223 567 1446 625 peccavit,

73 634 132 678 sic
151 633 279 676 etiam
302 642 456 692 sponte
472 631 703 677 damnatus
724 642 788 678 est
809 653 818 679 :
837 649 937 694 quae
950 643 1098 679 tamen
1119 635 1340 681 damnatio
1360 652 1451 682 non

73 705 163 749 sine
184 718 259 762 spe
276 704 556 762 reparationis
576 704 764 763 irrogata
785 714 849 749 est
866 714 1033 750 naturae
1055 713 1230 751 nostrae.
1255 708 1312 751 Et
1328 708 1449 764 ideo,

76 793 96 818 «
130 777 312 833 Propter
334 788 456 828 eum,
481 775 649 833 inquit,
679 775 755 834 qui
775 775 958 835 subjecit
979 776 1025 820 in
1046 790 1148 835 spe3
1166 777 1268 836 quia
1295 786 1340 821 et
1358 778 1452 837 ipsa

75 863 95 887 n
129 853 325 889 creatura
358 842 611 888 liberabitur
631 860 654 889 a
681 846 888 889 servitute
914 846 1113 891 interitus
1141 847 1188 890 in
1204 846 1450 892 libertatem

74 932 95 956 »
131 914 276 972 gloriae
299 914 488 958 filiorum
510 912 615 958 Dei³
631 948 642 969 ,
671 931 691 956 »
717 914 763 958 id
782 923 860 970 est,
882 916 1012 960 etiam
1028 917 1120 975 ipsa
1134 933 1233 975 quae
1253 926 1451 962 tantum-

72 983 203 1030 modo
220 994 416 1029 creatura
438 993 516 1039 est,
543 984 742 1029 nondum
765 1001 843 1045 per
863 987 996 1031 fidem
1019 996 1246 1045 aggregata
1268 1003 1452 1034 numero

72 1054 261 1100 filiorum
284 1055 361 1099 Dei
387 1073 396 1100 ε
425 1053 501 1098 sed
518 1063 663 1098 tamen
686 1055 732 1098 in
754 1056 813 1099 eis
834 1056 911 1115 qui
930 1055 1138 1100 credituri
1158 1066 1282 1102 erant
1298 1092 1309 1113 ‚
1330 1057 1454 1103 vide-

72 1125 147 1170 bat
173 1124 405 1184 Apostolus
438 1123 560 1184 quod
590 1123 697 1169 dicit
714 1159 725 1180 ‚
757 1125 860 1185 quia
885 1143 904 1167 «
925 1134 1123 1171 creatura
1148 1127 1408 1173 liberabitur
1429 1146 1454 1175 a

74 1213 95 1238 »
129 1196 334 1240 servitute
356 1195 555 1239 interitus
572 1229 584 1250 ,
612 1212 633 1236 »
659 1204 710 1239 ut
736 1196 929 1239 interitui
953 1211 1042 1240 non
1064 1197 1243 1252 serviat,
1269 1199 1340 1243 cui
1362 1214 1454 1243 ser-

0 1251 2 1263 i
71 1266 196 1310 viunt
239 1280 388 1310 omnes
425 1273 688 1324 peccatores,
726 1265 946 1310 Peccatori
983 1266 1100 1310 enim
1140 1266 1308 1310 dictum
1351 1277 1415 1312 est
1441 1287 1450 1314 :

73 1355 94 1378 «
128 1339 270 1380 Morte
287 1336 523 1380 morieris4.
558 1334 834 1378 Liberabitur
855 1344 1000 1379 autem
1021 1336 1068 1378 in
1088 1335 1336 1380 libertatem
1358 1337 1455 1396 glo-

34 1431 39 1436 ·
73 1422 94 1448 »
130 1406 203 1448 riae
225 1405 415 1449 filiorum
433 1405 527 1458 Dei,
551 1422 571 1444 »
597 1403 643 1446 id
659 1412 738 1457 est,
761 1413 811 1447 ut
828 1413 871 1448 et
891 1404 980 1462 ipsa
997 1405 1223 1462 perveniat
1243 1405 1300 1448 ad
1320 1406 1455 1451 liber-

68 1483 201 1519 tatem
222 1474 370 1533 gloriae
386 1472 575 1518 filiorum
593 1473 670 1516 Dei
692 1487 768 1531 per
794 1471 927 1516 fidem
948 1490 956 1516 :
977 1487 1077 1531 quae
1095 1472 1202 1517 fides
1217 1488 1318 1518 cum
1337 1474 1382 1518 in
1404 1491 1455 1520 ea

69 1559 158 1589 non
180 1553 298 1597 erat,
326 1542 632 1587 tantummodo
670 1550 867 1586 creatura
889 1541 1131 1586 dicebatur.
1158 1545 1215 1587 Et
1242 1542 1297 1587 ad
1317 1544 1454 1602 ipsam

69 1612 201 1658 refert
222 1612 343 1673 quod
364 1613 560 1672 sequitur
587 1631 596 1656 z
626 1630 646 1654 «
674 1612 839 1656 Scimus
863 1612 979 1656 enim
1001 1613 1103 1672 quia
1124 1623 1322 1658 creatura
1344 1629 1452 1658 con—

72 1702 93 1726 »
128 1684 320 1741 gemiscit
341 1717 351 1737 ‚
378 1692 421 1726 et
448 1682 566 1727 dolet
583 1696 721 1740 usque
742 1680 886 1726 adhuc
902 1684 931 1725 ⁵.
957 1700 977 1723 »
1005 1685 1142 1727 Erant
1169 1683 1285 1726 enim
1308 1683 1452 1729 adhuc

70 1752 275 1798 credituri
296 1752 372 1811 qui
396 1752 523 1796 etiam
553 1750 706 1810 spiritu
736 1749 1019 1808 subjacebant
1043 1751 1266 1796 laboriosis
1295 1755 1454 1797 errori-

70 1823 166 1867 bus.
188 1821 272 1867 Sed
294 1838 349 1865 ne
365 1822 462 1881 quis
483 1829 657 1880 putaret
677 1818 731 1863 de
748 1820 940 1878 ipsorum
957 1819 1159 1864 laborum
1176 1830 1348 1865 tantum
1363 1823 1455 1868 dic·

71 1901 165 1938 tum
204 1906 293 1936 esse
309 1925 320 1946 ,
357 1890 581 1949 subjungit
608 1889 737 1934 etiam
771 1888 826 1932 de
858 1889 908 1932 iis
946 1890 1023 1948 qui
1051 1891 1141 1949 jam
1162 1889 1451 1938 crediderant.

71 1964 331 2020 Quanquam
360 1960 475 2004 enim
507 1959 682 2018 spiritu,
719 1959 801 2002 hoc
823 1966 913 2012 est,
937 1967 1082 2002 mente
1104 1960 1314 2004 servirent
1347 1965 1450 2021 Legi

71 2031 173 2085 Dei,
209 2039 353 2074 tamen
384 2029 485 2088 quia
517 2043 646 2072 carne
677 2028 860 2072 servitur
881 2026 964 2085 legi
1001 2029 1222 2086 peccati⁶‚
1253 2032 1450 2089 quandiu

72 2100 286 2145 molestias
311 2109 354 2144 et
380 2099 702 2144 sollicitationes
730 2098 1003 2143 mortalitatis
1042 2108 1200 2143 nostrae
1232 2102 1421 2158 patimur
1438 2137 1449 2156 ‚

73 2170 169 2215 ideo
191 2169 380 2223 addidit,
402 2169 550 2214 dicens
570 2188 578 2213 :
611 2187 632 2211 «
657 2170 753 2214 Non
766 2168 907 2212 solum
929 2176 1074 2212 autem
1092 2169 1197 2228 ipsi,
1217 2170 1293 2213 sed
1310 2179 1352 2214 et
1374 2186 1451 2216 nos

76 2258 96 2282 »
131 2240 338 2300 primitias
359 2240 529 2298 spiritus
552 2239 785 2293 habentes,
806 2247 849 2283 et
870 2239 950 2298 ipsi
971 2240 1016 2282 in
1040 2240 1356 2299 nobismetipsis
1378 2242 1450 2285 in-

76 2327 96 2352 »
132 2311 402 2368 gemiscimus
417 2313 446 2353 ⁷.
475 2328 494 2351 n
522 2312 618 2354 Non
640 2309 782 2353 solum
804 2324 924 2368 ergo,
944 2309 1100 2368 inquit,
1126 2309 1215 2368 ipsa
1237 2325 1337 2368 quae
1353 2319 1451 2355 tan-

76 2379 302 2424 tummodo
318 2389 512 2425 creatura
540 2380 701 2423 dicitur
717 2380 760 2423 in
778 2379 1028 2423 hominibus
1045 2379 1120 2439 qui
1139 2380 1335 2424 nondum
1357 2396 1452 2425 cre-

76 2447 294 2503 diderunt,
319 2459 362 2493 ct
385 2448 482 2493 ideo
504 2448 700 2493 nondum
719 2449 764 2492 in
783 2447 970 2493 filiorum
995 2448 1070 2492 Dei
1087 2464 1270 2494 numero
1291 2451 1452 2494 consti-

125 2548 133 2564 ¹
155 2543 252 2574 Eccli.
273 2555 296 2582 ι,
320 2553 351 2575 9..
373 2560 412 2565 —-
434 2551 444 2564 ²
469 2543 546 2574 Paul.
564 2554 609 2582 ιν,
631 2544 659 2574 3.
681 2559 723 2566 —-
744 2541 756 2565 ³
771 2545 862 2574 Rom.
884 2553 955 2582 vm,
970 2550 1026 2583 20,
1045 2550 1098 2576 2¹.
1115 2541 1184 2567 -4
1204 2546 1280 2576 Gen.
1297 2554 1330 2581 ιι,
1349 2554 1445 2585 ¹7·-

78 2595 195 2627 ⁵1z0m.
222 2609 290 2635 νιιι,
308 2606 359 2629 2¹2.
389 2614 424 2620 --
442 2601 456 2616 ¹·
474 2599 517 2628 Μ.
539 2609 592 2635 νιι,
612 2597 664 2628 25,
692 2614 728 2620 —-
746 2605 759 2629 Ἰ
775 2598 820 2629 ΙιΙ.
840 2608 904 2638 νιιι,
925 2598 976 2628 23.
