1867 3320
397 276 535 304 emmo
567 276 639 314 lx,
676 276 728 303 DE
761 277 901 304 DECEM
933 278 1123 306 cuonms.
1365 269 1447 308 255

77 342 337 388 facinoribus
355 376 366 396 ,
389 343 434 385 in
456 341 628 401 flagitiis
650 357 750 386 cum
772 342 958 387 offendis
978 378 988 398 ,
1008 344 1054 386 in
1075 343 1330 402 corruptelis
1348 360 1448 389 eum

75 411 283 468 offendis,
307 412 353 455 in
385 420 429 456 te
458 411 521 456 illi
551 410 654 457 facis
687 412 906 473 injuriam.
946 413 1070 457 Facis
1101 413 1217 457 enim
1248 414 1449 473 injuriam

76 483 221 543 gratiae
235 482 367 542 ipsius
387 517 398 538 ,
423 482 575 527 domui
595 483 745 542 ipsius.

128 555 245 598 XVI.
273 555 456 598 Servum
478 553 512 597 si
528 552 730 608 haberes,
755 553 887 598 velles
907 562 958 598 ut
981 553 1162 599 serviret
1188 552 1270 597 tibi
1304 569 1451 599 servus

72 631 172 669 tuus
189 642 199 669 ι
220 624 329 668 servi
346 632 396 668 tu
412 623 580 668 meliori
602 623 788 667 Domino
800 625 890 667 Deo
907 632 999 668 tuo.
1019 625 1199 669 Servum
1213 631 1341 667 tuum
1361 640 1451 669 non

71 702 119 739 tu
138 692 298 749 fecisti,
322 703 366 738 et
386 702 431 738 te
450 703 494 738 et
516 708 688 738 servum
708 702 835 738 tuum
855 693 929 737 ine
950 692 1054 738 fecit
1078 712 1088 739 ε
1112 693 1175 739 vis
1195 702 1247 737 ut
1263 694 1344 738 tibi
1362 709 1451 738 ser-

69 764 157 808 viat
173 778 273 808 cum
290 780 379 824 quo
395 764 536 809 factus
556 778 615 819 es,
630 772 674 807 et
686 778 776 808 non
786 763 849 807 vis
860 764 1017 808 servire
1029 764 1067 808 ei
1080 779 1104 808 a
1116 779 1206 823 quo
1219 762 1358 809 factus
1371 779 1414 809 es
1433 766 1450 806 ‘2

71 835 187 892 Ergo
203 848 303 878 cum
320 835 383 879 vis
399 842 450 878 ut
476 833 632 878 serviat
652 833 732 877 tibi
753 848 899 878 servus
920 842 1021 878 tuus
1052 834 1207 888 homo,
1231 843 1275 878 et
1294 842 1345 878 tu
1360 849 1450 879 non

67 904 130 947 vis
169 905 326 948 servire
369 904 553 948 Domino
580 906 670 947 Deo
711 912 789 948 tuo
804 937 815 958 ,
851 902 956 947 facis
996 906 1087 947 Deo
1120 903 1241 963 quod
1274 912 1324 948 tu
1358 903 1450 963 pati

66 987 155 1016 non
202 974 278 1018 vis.
318 976 435 1032 Ergo
471 971 581 1016 illud
617 987 755 1017 unum
796 981 1064 1031 praeceptum
1101 972 1298 1017 continet
1340 973 1446 1028 duo,

65 1040 137 1086 illa
174 1041 264 1087 duo
297 1042 525 1087 continent
559 1042 709 1086 decem
730 1076 741 1096 ,
785 1040 859 1086 issa
892 1040 1045 1086 decem
1082 1042 1310 1086 continent
1351 1057 1448 1088 0ῐηῖ-

65 1111 150 1155 nia.
181 1114 364 1157 Cantate
398 1128 500 1172 ergo
537 1112 582 1156 in
620 1111 821 1171 psalterio
864 1110 1016 1156 decem
1044 1111 1310 1157 chordarum
1341 1127 1448 1157 can-

65 1180 198 1225 ticum
219 1197 397 1227 novum.
420 1185 479 1226 Ut
500 1191 645 1226 autem
662 1182 843 1226 cantetis
861 1183 1079 1226 canticum
1103 1197 1290 1234 novum,
1313 1190 1448 1227 estote

65 1251 261 1296 homines
291 1253 408 1297 novi.
434 1252 604 1310 Diligite
627 1252 839 1311 justitiam
863 1271 874 1296 2
900 1252 1033 1296 habet
1074 1250 1448 1311 pulchritudinem

63 1335 198 1365 suam.
223 1322 327 1367 Ideo
354 1337 444 1367 non
473 1321 603 1367 vultis
636 1321 755 1366 illam
788 1321 934 1365 videre
953 1356 965 1377 ,
997 1321 1100 1380 quia
1121 1321 1241 1365 aliud
1276 1321 1442 1366 amatis.

63 1391 169 1434 Nam
191 1392 223 1434 si
245 1391 365 1435 aliud
386 1407 475 1436 non
509 1391 705 1435 amaretis
722 1425 732 1444 ,
772 1406 867 1434 eam
890 1391 1041 1450 utique
1063 1390 1280 1436 videretis.
1304 1393 1446 1444 Quare

65 1458 182 1504 illam
199 1460 354 1505 videtis
371 1496 382 1516 ,
408 1460 586 1520 quando
608 1461 726 1504 illam
744 1461 941 1517 exigitis?
957 1463 1102 1513 Quare
1122 1460 1272 1506 laudas
1293 1461 1442 1516 fidem,

61 1529 238 1590 quando
254 1530 373 1575 illam
386 1532 517 1589 exigis
530 1530 586 1574 de
600 1545 723 1575 servo
736 1539 813 1575 tuo
827 1532 845 1574 Ρ
866 1533 1007 1583 Quam
1025 1530 1208 1590 pulchra
1230 1546 1294 1576 res
1307 1531 1413 1576 fides
1427 1533 1445 1576 P

64 1599 147 1645 Sed
160 1608 266 1644 tunc
283 1599 466 1658 pulchra
487 1608 567 1654 est,
587 1598 762 1658 quando
775 1600 830 1643 de
843 1614 966 1645 servo
982 1600 1169 1659 exigitur
1184 1621 1196 1658 3
1211 1610 1315 1645 tunc
1330 1600 1446 1645 vide-

60 1677 148 1724 tur,
163 1670 341 1730 quando
355 1671 410 1715 ab
424 1669 558 1714 altero
569 1670 783 1729 expetitur
799 1671 1000 1730 :quando
1012 1671 1068 1715 de
1083 1680 1125 1715 te
1140 1672 1339 1730 exigitur,
1355 1687 1444 1716 non

60 1738 417 1784 videtur.Aurum
431 1740 565 1795 vides,
578 1739 708 1783 fidem
721 1755 811 1784 non
823 1739 957 1785 vides.
971 1739 1211 1785 Sicutlucet
1221 1756 1376 1785 aurum
1389 1740 1444 1786 ad

61 1809 206 1853 oculos
218 1812 425 1868 corporis,
438 1812 495 1853 sic
510 1810 628 1853 lucet
640 1811 747 1852 fides
761 1809 816 1853 ad
827 1814 976 1853 oculos
990 1810 1146 1855 cordis.
1159 1812 1310 1870 Aperis
1324 1812 1379 1856 ad
1392 1811 1445 1855 il-

59 1875 142 1922 lam
156 1878 302 1922 oculos
326 1878 482 1933 cordis,
501 1878 679 1937 quando
690 1878 753 1921 vis
776 1887 824 1921 ut
837 1878 1040 1922 exhibeat
1059 1878 1179 1924 illam
1196 1880 1275 1924 tibi
1296 1896 1443 1925 servus

62 1953 173 1992 tuus
196 1949 238 1993 Si
255 1948 335 1993 tibi
354 1948 471 1992 illam
492 1947 753 2002 exhibuerit,
772 1946 923 1991 laudas
939 1962 1113 1992 servum
1131 1982 1143 2003 ‚
1169 1958 1212 1993 et
1234 1950 1441 2008 praedicas

61 2027 222 2074 eum,et
233 2019 619 2074 dicis‚Praeclarum
629 2033 799 2063 servum
810 2019 1178 2077 habco‚magnum
1189 2034 1359 2064 servum
1370 2022 1440 2065 ha-

60 2086 155 2144 beo,
167 2088 337 2133 fidelem
349 2103 521 2134 servum
535 2089 688 2134 habco.
704 2088 829 2141 Quod
843 2087 994 2132 laudas
1006 2089 1052 2133 in
1065 2104 1204 2143 servo,
1222 2105 1310 2134 non
1325 2090 1441 2134 exhi-

61 2155 132 2202 bes
146 2159 354 2204 Domino:
373 2168 414 2204 et
430 2175 481 2204 eo
493 2159 754 2213 sceleratius,
772 2159 874 2218 quia
891 2159 954 2203 vis
973 2168 1020 2203 ut
1039 2159 1261 2204 meliorem
1281 2161 1441 2205 habeas

61 2232 108 2271 tu
125 2241 314 2284 servum,
338 2244 470 2289 quam
493 2239 536 2273 te
557 2232 709 2273 Deus2.
727 2230 862 2274 dubet
885 2233 996 2274 Deus
1019 2245 1143 2274 servo
1167 2240 1243 2275 tuo
1260 2265 1271 2285 ,
1292 2242 1342 2276 ut
1360 2232 1441 2276 bo-

61 2309 139 2342 uus
156 2298 210 2344 sit
242 2314 343 2358 erga
376 2309 434 2344 te.
469 2299 703 2353 Quomodo
733 2301 862 2359 jubet
886 2300 1007 2344 uxori
1033 2308 1118 2344 tuae
1139 2335 1150 2354 ,
1186 2310 1235 2346 ut
1262 2310 1305 2347 et
1336 2302 1370 2346 si
1394 2311 1439 2347 tu

122 2418 222 2450 ‘cmi-
240 2420 326 2452 (jn-s.
360 2431 392 2460 n,
415 2420 469 2451 ΙύΙ.
496 2419 553 2461 1¹24
577 2433 582 2451 :
605 2432 619 2447 «
643 2420 802 2452 Meliorem
824 2421 846 2450 *i
879 2422 923 2451 m
943 2421 1064 2452 habere
1094 2432 1220 2454 >ervum
1245 2435 1338 2465 ιμιειιιι
1363 2425 1439 2453 υνυ-

63 2468 173 2505 babent
190 2478 236 2515 tc,
253 2474 375 2515 dignior
401 2479 445 2505 «2⁵1
466 2478 561 2512 neus,
584 2475 636 2517 qui
654 2475 771 2507 habt-nl
796 2488 860 2506 scri
873 2488 922 2507 ιιιιι
947 2476 1061 2508 bonum
1080 2488 1174 2519 quani
1193 2482 1237 2509 lu.
1263 2480 1307 2509 Ί“ι·
1325 2478 1439 2509 iunium

61 2536 181 2561 nervum
202 2540 262 2561 non
284 2529 414 2562 exhibes
434 2532 510 2571 beo,
530 2535 563 2563 et
581 2530 677 2572 exigis
698 2543 715 2562 n
734 2543 828 2564 servo
847 2536 913 2570 tuo,
929 2536 961 2563 ut
986 2532 1083 2567 bonus
1095 2534 1136 2566 sit
1151 2535 1236 2567 circu
1251 2539 1296 2576 to,
1314 2535 1440 2576 quinon

62 2582 107 2617 vi·
121 2581 218 2618 bonus
236 2595 303 2618 csse
319 2585 404 2618 circu
423 2589 535 2620 Deum.
557 2589 641 2619 liceo
657 2586 753 2627 ,iubet
771 2589 868 2628 Deus,
889 2591 952 2620 etc.
