1867 3320
216 272 354 300 senno
387 274 481 311 ΧΠ,
519 275 562 300 m·
597 275 665 301 you
697 276 727 312 1,
765 263 806 312 6,
843 276 893 302 ET
925 277 1088 305 MATTH.
1126 282 1167 318 v,
1204 273 1243 309 8.
1330 274 1408 310 3277

39 352 136 381 mus
163 346 309 381 tamen
347 337 490 383 adhuc
527 354 677 383 eorum
711 339 833 385 dolos
870 341 1158 401 inspiciendos
1192 346 1415 392 obtutibus

39 408 180 453 cordis
201 409 331 453 vestri
353 427 362 454 :
388 418 438 453 ut
459 425 550 454 non
566 410 706 454 solum
731 426 827 466 eos,
850 421 1063 471 quantum
1096 414 1150 457 ad
1179 430 1253 459 vos
1282 420 1417 474 perti-

39 486 136 533 net,
155 478 336 533 evitetis,
361 477 437 523 Sed
454 480 582 524 etiam
603 489 652 524 ut
669 481 771 525 alios
794 481 988 526 infirmos
1008 492 1051 526 et
1068 483 1310 528 divinarum
1333 487 1420 531 lec-

39 550 212 594 tionum
233 549 363 594 rudes
378 585 388 605 ,
414 559 465 595 ut
494 552 677 612 quisque
707 562 898 597 vestrum
922 563 1090 613 potest,
1111 555 1270 600 evitare
1293 566 1421 617 atque

40 629 319 666 contemnere
341 621 546 667 doceatis.
573 623 703 682 Apud
733 624 817 668 Job
841 624 1050 684 scriptum
1080 635 1164 680 est,
1191 626 1418 686 inquiunt,

43 710 64 734 «
98 694 212 736 Ecce
235 701 453 736 venerunt
475 692 628 751 Angeli
650 694 694 737 in
715 705 997 753 conspectum
1022 696 1096 739 Dei
1116 732 1126 751 ,
1151 706 1194 740 et
1223 696 1423 741 diabolus

43 779 63 803 »
97 761 144 805 in
164 761 308 806 medio
332 777 498 806 eorum.
524 766 581 806 Et
605 766 717 807 Deus
733 765 791 808 ait
806 766 981 809 diabolo
1004 785 1011 810 :
1035 766 1156 810 Unde
1177 768 1420 820 venis‘?Qui

43 850 63 874 »
100 831 364 891 respondens
386 831 511 876 dixit:
529 834 751 877 Circuiens
766 843 907 878 totum
925 836 1076 879 orbem
1092 837 1247 880 adveni
1267 838 1422 881 buck»

0 922 3 923 ⁷
40 902 137 957 Hic,
162 903 385 963 inquiunt,
412 902 734 947 demonstratur
751 905 976 949 diabolum
995 922 1083 949 non
1107 907 1247 951 solum
1272 908 1426 952 vidisse

40 975 176 1016 Deum
194 1009 204 1027 ,
227 972 302 1017 sed
325 974 454 1018 etiam
472 974 667 1019 locutum
693 989 781 1017 esse
803 990 902 1018 cum
924 990 989 1019 eo.
1022 980 1069 1019 ln
1089 978 1322 1034 Evangelio
1346 993 1426 1021 au-

40 1052 126 1088 tem
149 1043 255 1089 dicit
281 1064 289 1088 :
319 1063 338 1086 «
366 1045 487 1088 Beati
519 1045 595 1104 qui
631 1060 739 1104 puro
778 1055 879 1089 sunt
917 1046 1071 1102 corde,
1110 1049 1317 1107 quoniam
1349 1049 1428 1108 ipsi

43 1133 62 1157 »
98 1119 237 1159 Deum
260 1115 520 1159 videbunt2.
537 1135 556 1157 »
578 1119 632 1160 Et
650 1117 807 1160 iterum
831 1117 934 1161 dicit
960 1138 968 1162 ε
998 1138 1016 1159 «
1046 1122 1139 1177 Ego
1158 1135 1253 1162 sum
1272 1122 1423 1178 janua,

41 1204 60 1227 »
96 1200 224 1230 nemo
246 1195 388 1245 potest
409 1187 555 1230 venire
574 1186 630 1230 ad
655 1190 824 1231 Patrem
843 1223 853 1242 ,
879 1189 958 1231 nisi
982 1204 1057 1247 per
1078 1192 1187 1232 me‘2'.
1216 1209 1233 1229 »
1263 1191 1426 1234 Deinde

38 1256 286 1318 adjungunt
305 1258 696 1313 ratiocinationem,
721 1258 914 1303 dicentes
941 1279 949 1304 ;
978 1261 1018 1304 Si
1039 1261 1168 1318 igitur
1190 1261 1230 1304 hi
1251 1262 1329 1304 soli
1349 1263 1425 1321 qui

38 1338 138 1373 sunt
155 1344 265 1388 puro
283 1328 414 1373 corde
431 1329 581 1374 vident
598 1332 753 1383 Deum,
770 1345 960 1388 quonam
980 1330 1111 1374 modo
1133 1330 1426 1375 sordidissimo

38 1410 81 1445 et
102 1401 451 1445 immundissimo
469 1400 600 1445 corde
616 1401 815 1445 diabolus
830 1402 973 1460 potuit
990 1402 1135 1445 videre
1161 1406 1295 1446 Deum
1313 1406 1330 1446 P
1353 1413 1425 1446 aut

36 1470 225 1532 qualiter
246 1487 322 1530 per
338 1474 517 1531 januam
537 1507 547 1526 ,
573 1472 656 1515 hoc
679 1481 769 1527 est,
801 1488 875 1530 per
904 1473 1124 1516 Christum
1148 1474 1392 1531 ingreditur
1409 1476 1426 1516 ζ’

38 1544 202 1586 Iterum
216 1541 465 1600 Apostolus,
492 1542 716 1601 inquiunt,
746 1551 924 1585 testatur
943 1551 984 1585 ct
1002 1544 1230 1586 confirmat
1252 1543 1420 1586 dicens:

41 1631 61 1655 «
96 1612 226 1666 Quod
248 1628 392 1672 neque
428 1613 672 1672 Principes,
699 1628 840 1673 neque.
873 1617 1133 1667 Potestates,
1160 1628 1301 1672 neque
1328 1614 1424 1656 Vir-

0 1698 3 1702 >
39 1701 60 1724 »
95 1691 209 1727 tutes
233 1686 371 1727 Deum
395 1693 712 1742 cognoverunt.
741 1702 759 1723 »

97 1756 155 1797 ΙΙ.
181 1753 411 1799 Calumnia
443 1752 623 1814 quidem
662 1753 837 1797 illorum
877 1754 941 1797 his
975 1755 1153 1799 omnino
1176 1755 1319 1798 verbis
1344 1756 1427 1797 huc

35 1839 175 1883 usque
196 1825 482 1881 proponitur,
507 1834 550 1863 ct
584 1840 730 1863 revera
752 1826 934 1879 quaestio
965 1834 1026 1863 est
1053 1824 1256 1878 prudenti
1281 1825 1427 1865 discu-

38 1893 183 1939 tienda
205 1891 466 1937 Christiano.
484 1889 568 1935 Sed
586 1905 679 1934 eam
702 1889 965 1934 calumniam
984 1892 1323 1949 proponentium
1344 1895 1429 1936 ani-

37 1980 133 2009 mus
156 1962 286 2018 facit,
311 1971 360 2006 ut
383 1960 579 2006 similiter
601 1960 822 2019 imperitos
845 1961 898 2003 ad
922 1960 1002 2003 sibi
1024 1960 1291 2004 credendum
1316 1980 1337 2006 a
1361 1980 1428 2006 sa-

36 2033 269 2079 luberrima
320 2032 643 2091 Scripturarum
689 2030 947 2075 auctoritate
991 2030 1294 2089 detorqueant.
1344 2034 1425 2076 Sed

36 2106 178 2166 primo
200 2104 254 2148 ab
276 2103 364 2147 istis
382 2102 539 2147 vellem
558 2117 770 2162 quoererc,
784 2102 860 2145 ubi
884 2101 1141 2146 Adimantus
1161 2101 1274 2160 apud
1295 2106 1426 2161 Apos-

37 2175 178 2221 tolum
200 2173 383 2234 legerit,
409 2189 511 2218 nam
535 2172 688 2218 talium
719 2172 1035 2218 calumniarum
1060 2172 1136 2215 ist«¹
1160 2174 1427 2231 conscriptor

39 2257 101 2292 est
120 2269 130 2304 3
153 2246 311 2291 vellem
331 2261 433 2304 crgo
456 2244 620 2290 diecret
649 2245 723 2288 ubi
745 2244 897 2303 legerit
919 2252 1148 2287 testantem
1169 2243 1425 2302 Apostolum

39 2328 81 2362 ct
103 2318 434 2362 confirmantem
453 2351 464 2371 ,
486 2325 535 2360 ut
557 2315 662 2360 dicit
683 2337 689 2359 z
721 2334 740 2358 «
767 2314 885 2375 quod
910 2330 1051 2373 neque
1079 2314 1294 2373 Principes
1310 2350 1320 2366 ,
1348 2332 1426 2357 ιιι·-

44 2409 63 2432 »
98 2404 184 2449 que
210 2392 466 2442 l'owstates,
500 2402 641 2448 ncquc
667 2388 857 2431 Virtutes
883 2390 1014 2429 Deum
1039 2395 1338 2442 cognoverunt
1366 2405 1372 2429 z
1404 2405 1422 2425 »

41 2476 140 2505 cum
163 2460 372 2505 Dominus
390 2460 518 2503 ctiam
542 2460 769 2504 hominum
796 2460 836 2501 in
860 2474 902 2502 se
920 2458 1190 2501 «evenientium
1214 2458 1327 2500 dicat
1343 2462 1426 2499 An-

43 2531 157 2588 gelos
180 2531 374 2591 quotidie
392 2529 537 2573 vidoro
558 2530 708 2573 facicm
736 2529 867 2572 van-i„-
892 2531 917 2571 ¹.
934 2528 1015 2571 Nisi
1044 2528 1151 2570 soru-
1177 2527 1280 2570 ἰΙΙιιιΙ
1306 2526 1424 2585 «wod

92 2617 191 2649 ¹101».
218 2618 288 2656 =,‹;‚
308 2628 336 2657 7.
369 2634 404 2638 --
430 2624 438 2639 '¹
464 2615 577 2648 walth.
602 2627 631 2654 v,
653 2618 681 2643 S*
770 2616 884 2645 -‘.l··:w.
916 2625 944 2646 x.
967 2625 981 2651 ἡ
1050 2630 1059 2635 ·
1085 2613 1209 2644 mant·
1244 2624 1329 2651 ινιιι,
1356 2622 1403 2642 ιο.
