1924 3309
445 205 528 243 310
886 212 920 239 s.
956 211 1185 241 Aussus'rnu
1219 213 1400 242 Eplscom

437 281 632 326 (litatem.
648 279 726 323 Dic
743 293 863 338 ergo,
882 278 1024 338 incipe
1040 294 1162 323 orare
1176 294 1255 337 pro
1272 279 1446 324 inimico
1461 288 1538 325 tuo
1549 279 1625 325 illo
1646 294 1819 339 magno,
1879 299 1883 309 ·

439 351 516 411 qui
538 350 620 394 tibi
640 348 780 393 multa
800 348 915 393 mala
931 347 1051 404 fecit,
1076 348 1152 407 qui
1173 348 1220 392 in
1236 357 1277 392 te
1293 350 1432 406 multa
1452 349 1560 394 dura
1574 351 1790 409 congessit
1812 370 1822 396 ε

440 421 586 479 incipe
606 434 686 479 pro
707 418 782 464 illo
805 434 927 464 orare
942 453 953 474 ,
988 426 1032 462 et
1052 417 1153 462 vide
1179 433 1254 462 cor
1294 427 1421 463 tuum
1455 429 1602 465 tecum
1636 419 1822 480 litigare.

438 490 569 545 Quod
586 505 689 549 ergo
700 489 780 545 vis,
796 489 918 549 quod
932 488 1074 548 placet
1088 488 1168 532 tibi
1178 522 1190 542 ‚
1209 487 1330 548 quod
1344 488 1569 535 delectaris
1583 490 1827 535 secundum

437 562 688 606 interiorem
703 559 928 604 hominem
940 593 951 614 ,
996 556 1118 617 quod
1138 557 1410 618 obtemperas
1430 561 1617 605 Domino
1636 570 1714 606 tuo
1731 596 1743 617 ,
1785 569 1830 605 et

439 648 534 678 oras
550 647 630 693 pro
651 631 829 675 inimico
846 639 939 684 tuo,
965 643 1121 673 aurum
1142 638 1206 673 est
1231 648 1240 674 z
1273 629 1394 689 quod
1417 644 1537 686 vero,
1569 645 1670 675 cum
1707 645 1830 676 orare

440 703 645 763 coeperis,
670 701 824 760 incipit
844 709 991 744 tecum
1023 698 1204 743 carnalis
1235 699 1463 745 infirmitas
1501 700 1686 760 litigare,
1726 702 1831 762 ipsae

440 783 543 818 sunt
561 771 707 818 sordes
720 806 731 827 ,
757 786 781 814 a
802 771 962 830 quibus
979 779 1022 815 te
1039 772 1155 815 Deus
1174 770 1270 815 vult
1289 771 1334 815 in
1350 769 1526 816 fornace
1545 786 1747 831 purgare.

497 845 576 888 IX.
612 845 823 887 Exereere
843 855 945 899 ergo
964 841 1009 885 in
1037 840 1190 885 mediis
1210 840 1355 897 malis,
1381 857 1408 885 o
1429 842 1545 886 bone
1562 876 1573 898 ,
1600 842 1635 887 si
1663 842 1761 903 quis
1789 856 1833 886 es

440 915 612 959 bonus:
636 927 727 957 non
743 910 798 955 de
812 920 890 956 tuo
907 911 1041 966 bone,
1078 911 1182 971 quia
1204 909 1323 956 fuisti
1344 911 1501 967 malus,
1540 911 1617 956 sed
1645 911 1700 957 de
1720 911 1836 957 illius

442 986 519 1044 qui
553 996 782 1043 nunquam
804 976 1023 1027 est‘malus
1049 1000 1058 1027 ε
1083 997 1281 1027 exercere
1314 983 1360 1027 in
1391 982 1544 1028 mediis
1565 982 1707 1028 malis,
1747 985 1836 1030 Nec

440 1054 550 1099 mihi
580 1054 682 1099 volo
707 1053 839 1110 dicas,
869 1053 1031 1099 Saltem
1048 1054 1082 1098 si
1108 1068 1282 1098 necesse
1298 1063 1410 1098 esset
1436 1064 1618 1114 propter
1631 1055 1838 1099 exercita-

441 1126 607 1170 tionem
628 1133 821 1169 nostram
838 1133 889 1168 ut
904 1133 1047 1168 essent
1066 1123 1186 1179 mali,
1211 1124 1338 1184 pauci
1359 1133 1498 1169 essent
1520 1124 1639 1181 mali,
1664 1133 1708 1169 et
1728 1125 1833 1170 boni

446 1194 577 1239 multi
614 1203 770 1238 essent.
807 1196 907 1239 Non
928 1193 1116 1238 attendis
1142 1194 1246 1253 quia
1276 1194 1311 1237 si
1338 1194 1466 1253 pauci
1488 1186 1653 1250 essent,
1689 1193 1838 1240 multis

449 1279 540 1309 non
561 1265 797 1309 nocerent?
820 1265 977 1323 Utique
991 1262 1216 1308 considera
1231 1264 1299 1309 vir
1314 1265 1524 1324 prudens,
1543 1264 1645 1325 quia
1662 1265 1696 1309 si
1710 1264 1838 1310 multi

448 1334 555 1379 boni
576 1343 739 1390 essent,
764 1342 808 1378 et
829 1334 955 1393 pauci
971 1333 1074 1378 mali
1090 1342 1231 1378 essent
1245 1369 1256 1390 ,
1281 1335 1411 1394 pauci
1435 1335 1538 1380 mali
1550 1335 1699 1380 multis
1713 1335 1839 1380 bonis

443 1420 601 1450 nocere
623 1420 713 1449 non
735 1404 964 1449 auderent.
1005 1405 1048 1449 Si
1067 1420 1158 1449 non
1184 1406 1416 1461 auderent,
1462 1421 1552 1451 non
1572 1415 1834 1451 exercerent.

443 1478 571 1521 Nunc
595 1491 699 1520 vero
717 1476 818 1536 quia
834 1474 964 1520 multi
988 1484 1090 1519 sunt
1111 1476 1230 1531 mali,
1252 1476 1477 1521 laboratur
1494 1492 1517 1520 a
1534 1477 1683 1536 paucis
1709 1477 1834 1522 bonis

445 1548 558 1590 inter
580 1546 744 1590 multos
774 1546 913 1591 malos
938 1564 948 1590 z
973 1555 1017 1590 et
1038 1559 1140 1590 cum
1166 1545 1406 1602 laboratur,
1439 1542 1621 1591 sudatur
1640 1567 1652 1605 3
1671 1555 1715 1591 et
1735 1562 1837 1591 cum

441 1615 641 1672 sudatur,
678 1631 835 1661 aurum
860 1625 1089 1676 purgatur.
1125 1618 1231 1661 Esto
1259 1632 1361 1675 ergo
1393 1617 1438 1661 in
1460 1617 1662 1661 decorem
1683 1620 1837 1662 domus

443 1687 538 1730 Dei.
564 1688 663 1730 Jam
680 1695 827 1729 tecum
847 1688 894 1728 in
916 1687 1047 1730 corde
1068 1696 1147 1731 tuo
1168 1686 1352 1743 litigavit
1378 1685 1606 1730 infirmitas
1630 1702 1639 1730 ε
1663 1686 1834 1742 invoca,

440 1765 491 1800 ut
511 1756 658 1800 vincas
679 1773 688 1799 :
714 1754 826 1798 adsit
843 1754 922 1797 tibi
944 1756 1075 1808 Deus,
1109 1751 1286 1813 adjuvet
1306 1754 1382 1813 qui
1393 1754 1535 1814 jubet.
1561 1757 1660 1798 Jam
1695 1754 1837 1800 factus

441 1842 484 1872 es
506 1827 646 1872 victor
668 1825 933 1870 infirmitatis
951 1833 1040 1869 tuae
1056 1859 1067 1880 ,
1088 1826 1179 1884 jam
1200 1825 1425 1884 suscepisti
1443 1826 1638 1869 animum
1654 1834 1698 1870 et
1718 1824 1837 1872 irue-

443 1908 541 1942 tum
557 1896 709 1941 orandi
730 1910 810 1954 pro
831 1895 1007 1939 inimico
1029 1903 1108 1938 tuo
1129 1913 1137 1939 :
1162 1894 1262 1938 vide
1279 1894 1387 1954 quid
1404 1895 1509 1939 boni
1531 1895 1586 1939 sit
1605 1915 1616 1953 3
1635 1910 1836 1956 compara

444 1968 571 2011 illum
587 1967 682 2010 tibi.
710 1965 790 2009 Ille
811 1963 1049 2008 meditatur
1062 1964 1340 2020 tentationes,
1364 1973 1414 2008 tu
1431 1964 1578 2009 fundis
1591 1966 1833 2012 orationes:

444 2038 518 2082 ille
545 2038 580 2081 si
602 2045 754 2091 nocet,
794 2035 938 2095 palam
961 2043 1091 2079 nocet
1117 2054 1127 2091 3
1157 2043 1207 2078 tu
1227 2033 1348 2095 quod
1369 2050 1449 2094 pro
1471 2034 1547 2079 illo
1573 2050 1693 2091 oras,
1721 2039 1836 2082 Deus

445 2108 567 2153 novit
590 2125 599 2151 :
624 2105 698 2150 ille
720 2121 811 2150 non
831 2105 994 2160 credit,
1018 2105 1119 2165 quia
1141 2119 1216 2150 cor
1240 2113 1366 2149 tuum
1391 2120 1482 2150 non
1502 2105 1694 2150 discutit.
1723 2109 1836 2152 Cum

444 2192 546 2236 ergo
571 2176 644 2221 ille
668 2176 810 2236 palam
838 2184 989 2231 nocet,
1014 2185 1064 2219 tu
1086 2175 1257 2220 occulte
1275 2190 1370 2220 oras
1395 2194 1403 2220 :
1428 2176 1474 2220 in
1498 2176 1580 2221 isto
1602 2177 1832 2233 torculari,

444 2248 565 2307 (quia
588 2256 631 2291 et
646 2246 853 2291 torculari
869 2245 1062 2290 Ecclesia
1084 2254 1331 2304 comparata
1345 2247 1442 2304 est),
1455 2246 1556 2291 vide
1577 2246 1612 2291 si
1628 2261 1718 2292 non
1740 2246 1831 2302 ille,

445 2317 673 2377 quipalam
682 2325 825 2372 nocet,
847 2331 1023 2361 amurca
1032 2329 1205 2359 currens
1221 2324 1284 2359 est
1296 2330 1372 2374 per
1383 2315 1627 2375 publicum.
1646 2319 1834 2362 Amurca

446 2403 523 2447 per
543 2386 772 2446 publicum
789 2387 944 2442 currit,
968 2385 1114 2431 oleum
1138 2394 1284 2429 autem
1307 2385 1363 2429 ad
1387 2384 1532 2430 sedem
1546 2401 1669 2430 suam
1690 2386 1836 2431 occul-

447 2468 513 2503 tos
539 2458 738 2501 transitus
753 2457 901 2502 habet.
927 2459 984 2501 Et
999 2471 1099 2501 eum
1126 2456 1296 2500 occulte
1318 2464 1529 2512 transeat,
1554 2457 1599 2501 in
1613 2457 1832 2515 magnitu-

446 2527 547 2571 dine
571 2536 763 2586 apparet.
777 2529 919 2579 Quam
939 2526 1068 2571 multi
1082 2526 1215 2582 enim,
1232 2541 1259 2571 o
1271 2525 1423 2571 fratres
1437 2526 1538 2582 mei,
1558 2541 1691 2585 quam
1704 2525 1829 2571 multi

1912 3211 1924 3309 =-‘
