1867 3320
422 293 629 327 unsa-ota
660 290 716 325 An
746 289 934 324 ouans
964 292 1198 325 Exposrno.
1425 288 1506 328 123

130 372 231 410 sunt
250 381 259 409 t
280 366 296 421 )
316 362 507 407 inveniet
531 361 710 407 fortasse
730 361 913 405 haereses
941 368 984 405 et
1010 358 1239 405 schismata
1260 363 1505 420 significari.

129 435 214 489 Qui
240 433 316 478 filii
337 433 392 477 de
408 432 545 477 libera
567 432 744 493 quidem
761 467 772 488 ,
797 432 910 476 sicut
930 430 998 475 isti
1024 429 1079 475 de
1101 430 1291 475 Ecclesia
1310 453 1321 489 3
1346 434 1421 478 sed
1441 444 1509 480 ta-

128 521 229 551 men
250 503 491 550 secundum
514 519 689 549 carnem
710 504 800 548 nati
821 512 945 558 sunt,
966 518 1057 547 non
1078 503 1326 562 spiritaliter
1346 519 1424 563 per
1443 521 1512 550 re-

127 577 471 639 promissionem.
499 576 629 629 Quod
650 575 684 619 si
706 576 763 619 ita
791 584 880 630 est,
905 590 986 619 nec
1013 574 1093 634 ipsi
1131 574 1187 618 ad
1212 575 1509 621 haereditatem

127 649 412 694 inveniuntur
442 648 660 708 pertinere
676 683 687 703 ,
713 647 757 691 id
786 656 870 702 est,
909 646 964 691 ad
997 646 1215 691 coelestem
1238 647 1477 692 Jerusalem
1497 683 1508 703 ,

127 726 260 782 quam
279 718 467 764 sterilem
489 727 616 763 vocat
633 718 868 777 Scriptura,
886 717 988 778 quia
1000 716 1076 761 diu
1094 716 1203 761 filios
1224 717 1270 761 in
1287 726 1401 762 terra
1423 734 1512 763 non

129 791 294 851 genuit.
322 794 428 843 Quae
452 789 620 834 deserta
651 789 782 833 etiam
803 788 916 833 dicta
939 797 1002 832 est
1017 823 1028 843 ,
1059 787 1280 833 coelestem
1299 789 1511 849 justitiam

127 861 427 906 deserentibus
448 859 698 904 hominibus
721 868 891 903 terrena
914 859 1202 915 sectantibus,
1229 868 1437 921 tanquam
1455 861 1513 905 vi·

127 949 225 978 rum
246 933 436 978 habente
456 931 530 975 illa
551 940 721 975 terrena
742 931 1003 986 Jerusalem,
1026 932 1128 991 quia
1151 935 1308 990 Legem
1332 947 1513 991 accepe-

127 1014 206 1049 rat.
232 1007 289 1049 Et
304 1004 403 1048 ideo
423 1002 645 1047 coelestem
666 1001 905 1046 Jerusalem
931 1005 1031 1047 Sara
1057 1003 1268 1060 significat
1284 1038 1295 1057 ,
1313 1019 1412 1063 quae
1436 1003 1513 1048 diu

127 1074 294 1120 deserta
317 1083 382 1118 est
398 1090 421 1118 a
444 1073 685 1118 concubitu
696 1073 774 1117 viri
793 1082 968 1132 propter
982 1073 1201 1132 cognitam
1225 1071 1509 1117 sterilitatem.

125 1149 223 1193 Non
245 1146 360 1190 enim
382 1144 487 1189 tales
510 1145 721 1200 homines,
739 1145 879 1205 qualis
898 1154 989 1189 erat
1004 1145 1242 1199 Abraham,
1263 1145 1318 1188 ad
1341 1144 1514 1204 explen-

127 1217 227 1262 dam
258 1215 485 1260 libidinem
508 1217 746 1260 utebantur
774 1216 990 1271 foeminis,
1025 1214 1100 1260 sed
1124 1214 1178 1259 ad
1199 1215 1512 1260 successionem

127 1287 273 1348 prolis.
301 1290 547 1331 Accesserat
569 1295 715 1330 autem
744 1286 958 1331 sterilitati
991 1287 1118 1330 etiam
1148 1296 1368 1341 senectus,
1393 1296 1442 1330 ut
1462 1301 1513 1329 ex

128 1358 246 1403 omni
261 1357 560 1417 desperatione
577 1357 720 1402 divina
736 1357 961 1416 promissio
978 1372 1183 1414 magnum
1197 1357 1402 1401 meritum
1424 1371 1513 1401 cre-

129 1429 332 1473 dentibus
369 1427 507 1472 darct.
539 1430 694 1473 Certus
729 1444 832 1487 ergo
863 1428 917 1472 de
947 1428 1230 1487 promissione
1258 1428 1335 1472 Dei
1367 1428 1512 1472 officio

131 1498 337 1559 gignendi
369 1499 545 1543 accessit
576 1499 630 1543 ad
658 1508 828 1543 aetatem
846 1501 937 1559 jam
961 1514 1133 1557 gravem
1156 1514 1287 1558 quam
1310 1501 1354 1543 in
1391 1500 1513 1543 annis

129 1569 442 1628 vigentioribus
460 1569 674 1628 corporali
696 1570 974 1629 copulatione
993 1569 1257 1614 deseruerat.
1278 1572 1375 1615 Non
1398 1571 1513 1614 enim

132 1640 190 1685 ob
224 1639 342 1684 aliud
373 1639 607 1699 Apostolus
626 1675 637 1694 ,
671 1640 875 1700 adjuncta
904 1655 1052 1683 earum
1092 1640 1323 1684 mulierum
1348 1642 1512 1698 figura,

131 1712 441 1769 interpretatur
455 1710 575 1770 quod
596 1726 673 1770 per
693 1711 952 1770 Prophetam
972 1709 1138 1754 dictum
1155 1721 1218 1754 est
1237 1730 1245 1755 :
1266 1730 1285 1753 «
1303 1712 1515 1765 Quoniam

135 1799 156 1821 »
177 1780 298 1824 multi
312 1781 387 1824 filii
402 1781 582 1825 desertae
598 1782 731 1838 magis
747 1796 878 1841 quam
893 1783 983 1841 ejus
1004 1797 1104 1840 quae
1127 1782 1259 1825 habet
1282 1783 1421 1826 virum
1439 1784 1449 1808 ¹
1469 1801 1512 1827 ι»

133 1866 233 1894 cum
257 1860 300 1895 et
322 1851 477 1894 marito
499 1851 616 1910 prior
640 1853 739 1895 Sara
763 1853 816 1895 sit
839 1860 1009 1894 mortua
1024 1886 1034 1905 ,
1062 1867 1203 1912 neque
1228 1852 1339 1896 inter
1359 1868 1431 1897 eos
1449 1853 1517 1896 ul-

135 1920 225 1964 lum
249 1921 455 1964 extitisset
482 1920 733 1964 divortium.
764 1921 888 1965 Unde
909 1936 1010 1978 ergo
1032 1921 1103 1965 illa
1129 1922 1295 1966 deserta
1310 1959 1321 1977 ,
1348 1933 1422 1968 aut
1445 1923 1515 1968 illa

134 1992 302 2036 habens
333 1992 475 2035 virum
491 2027 501 2046 ,
537 1993 615 2036 nisi
649 1993 766 2052 quod
806 1992 1024 2036 Abrabam
1063 1994 1352 2053 propagandae
1386 1995 1517 2054 prolis

135 2078 311 2122 operam
346 2062 400 2106 ad
431 2066 543 2120 Agar
574 2062 742 2107 ancillae
777 2062 1107 2108 foecunditatem
1148 2065 1202 2107 ab
1225 2067 1366 2109 uxoris
1404 2068 1518 2111 Sarac

136 2133 360 2178 sterilitate
395 2134 702 2178 transtulerat?
736 2134 825 2194 ipsa
856 2144 999 2178 tamen
1039 2135 1316 2194 permittente
1339 2145 1382 2180 et
1404 2135 1518 2180 ultro

137 2206 369 2260 offerente,
395 2214 444 2249 ut
466 2206 644 2249 maritus
661 2207 752 2265 ejus
770 2205 824 2250 de
847 2206 1000 2250 ancilla
1021 2208 1254 2265 susciperet
1277 2207 1400 2251 tilios.
1430 2212 1519 2252 An-

140 2277 258 2336 tiqua
281 2277 395 2320 enim
413 2277 592 2336 justitiae
611 2277 758 2335 regula
780 2286 843 2320 est
862 2313 872 2329 ,
899 2293 1029 2337 quam
1055 2277 1333 2322 commendat
1352 2278 1407 2323 ad
1429 2281 1517 2323 Co·

139 2347 321 2391 rinthios
340 2346 451 2392 idem
472 2346 703 2406 Apostolus
721 2368 728 2392 :
749 2368 767 2389 «
788 2347 944 2392 Mulier
964 2349 1029 2391 sui
1051 2350 1240 2407 corporis
1264 2359 1518 2408 potestatem

142 2435 162 2459 »
198 2433 284 2461 non
306 2418 437 2461 habet
455 2453 465 2472 ,
494 2419 567 2462 sed
591 2419 685 2462 vir²
713 2439 720 2463 ;
751 2437 770 2458 »
796 2418 990 2461 similiter
1013 2428 1156 2462 autem
1179 2429 1220 2463 et
1246 2420 1309 2463 vir
1331 2421 1395 2465 sui
1421 2436 1519 2464 cot·—

140 2489 252 2547 poris
291 2496 545 2546 potcstatem
579 2504 667 2532 non
699 2489 855 2542 habet,
892 2488 966 2531 sed
999 2489 1165 2532 mulier.
1193 2493 1245 2533 Et
1271 2491 1517 2548 hujusmodi

137 2559 252 2602 enim
271 2557 433 2613 debita,
449 2560 561 2603 sicut
581 2568 752 2613 caetera,
770 2559 813 2601 in
837 2574 988 2603 eorum
1016 2560 1175 2618 quibus
1198 2560 1412 2606 debentur
1436 2577 1513 2620 po-

189 2643 376 2684 ·(ῗ..ἰ1ει1.ιν,
396 2654 451 2685 ¹27,
471 2648 499 2676 ct
528 2645 595 2676 lsai.
620 2655 684 2684 mv,
708 2656 732 2675 1.
757 2661 795 2667 —-
818 2652 827 2665 ²
855 2656 862 2675 ι
887 2647 959 2678 Gor.
984 2656 1039 2684 vn,
1059 2646 1090 2686 4.
