1867 3320
344 287 550 317 miserem:
580 287 635 316 AD
666 286 854 316 GALATAS
886 290 1119 318 exposumo.
1348 284 1422 321 131

53 356 128 416 qui
149 370 198 398 ex
220 363 312 398 toto
328 354 459 399 corde
476 390 487 410 ,
519 371 571 399 ex
593 364 682 399 tota
716 356 859 399 anima
877 390 888 410 ,
923 371 974 399 ex
1009 366 1099 401 tota
1124 367 1268 402 mente
1293 363 1428 404 Deum

55 425 213 484 diligit,
237 425 388 484 diligat
410 435 453 470 et
473 427 716 486 proximum
743 436 950 487 tanquam
973 442 1016 471 se
1033 427 1175 487 ipsum
1197 448 1204 472 :
1226 430 1326 488 quia
1348 432 1430 476 hoc

48 497 172 558 jubet
192 494 287 549 ille,
314 511 446 555 quem
474 512 525 541 ex
556 505 648 540 toto
685 496 840 552 corde,
871 513 923 541 cx
951 506 1041 541 tota
1071 498 1212 542 anima
1230 534 1240 553 ,
1267 515 1316 542 ex
1341 510 1431 545 tota

52 575 196 612 mente
227 566 381 624 diligit.
410 570 519 611 Item
542 566 721 626 diligere
737 569 1007 627 proximum,
1052 569 1097 612 id
1130 578 1220 624 est,
1257 585 1431 614 omnem

52 637 271 682 hominem
292 646 499 697 tanquam
518 654 561 681 se
582 638 747 696 ipsum,
772 638 870 698 quis
894 647 1056 697 potest,
1082 639 1161 682 nisi
1198 642 1335 683 Deum
1365 640 1433 684 di-

12 747 13 751 ,
51 705 180 766 ligat,
205 707 327 763 cujus
345 716 564 767 praecepto
585 717 628 751 et
649 708 766 752 dono
791 707 1069 752 dilectionem
1093 710 1275 768 proximi
1300 711 1433 769 possit

51 775 260 835 implere?
280 778 392 821 Cum
415 793 518 835 ergo
540 789 779 837 utrumque
795 788 1063 837 prae—ceptum
1087 778 1144 822 ita
1163 779 1232 833 sit,
1252 790 1298 824 ut
1320 796 1432 824 neu-

14 739 21 961 δ
52 855 166 892 trum
188 847 278 890 sine
300 846 435 891 altero
456 848 587 906 possit
611 848 766 902 teneri,
801 848 930 892 etiam
961 865 1099 893 unum
1125 851 1282 894 horum
1311 866 1436 896 com-

51 933 289 962 memorare
322 918 580 978 plerumque
613 919 802 973 suflicit,
833 935 933 963 cum
964 921 1107 979 agitur
1140 921 1195 965 de
1232 924 1436 981 operibus

15 964 22 1062 ἰ
46 989 223 1049 justitiae
244 1008 252 1034 :
274 990 347 1033 sed
371 990 660 1048 opportunius
691 989 802 1033 illud
821 1025 831 1044 ,
857 990 913 1034 de
948 1007 1038 1050 quo
1059 992 1245 1051 quisque
1267 991 1435 1038 facilius

15 1066 22 1127 ξ
50 1059 336 1104 convincitur.
365 1060 489 1104 Unde
511 1063 700 1104 Joannes
724 1060 830 1104 dicit
861 1078 870 1105 2
904 1080 922 1101 «
944 1062 1025 1113 Qui
1044 1062 1156 1104 enim
1181 1078 1269 1105 non
1294 1062 1438 1123 diligit

16 1128 22 1186 ξ
53 1146 74 1171 n
108 1127 284 1173 fratrem
308 1145 433 1173 suum
457 1145 588 1189 quem
611 1130 750 1184 videt,
772 1133 908 1173 Deum
927 1146 1056 1190 quem
1080 1147 1166 1175 non
1191 1131 1308 1176 videt
1328 1150 1436 1194 quo-

55 1217 76 1242 »
108 1199 240 1244 modo
263 1209 405 1258 potest
437 1199 673 1257 diligere19
706 1219 725 1242 υ
752 1201 1080 1245 Mentiebantur
1112 1203 1227 1246 enim
1257 1205 1435 1262 quidam

3 1189 23 1350 ll
51 1269 327 1315 dilectionem
350 1286 394 1314 se
416 1271 493 1314 Dei
516 1271 677 1314 habere
695 1306 705 1325 ,
731 1280 773 1314 et
796 1271 851 1314 de
876 1271 978 1316 odio
1006 1272 1198 1317 fraterno
1226 1289 1321 1317 eam
1345 1291 1435 1319 non

6 1380 8 1382 ,
49 1341 210 1386 habere
227 1341 601 1386 convincebantur
620 1361 628 1385 :
645 1341 699 1384 de
714 1342 1009 1401 quojudicare
1024 1344 1068 1386 in
1082 1343 1334 1402 quotidiana
1348 1347 1432 1390 vita

4 1446 5 1450 ,
50 1420 92 1455 et
112 1411 303 1455 moribus
327 1410 451 1455 facile
468 1420 545 1454 est.
578 1429 596 1452 «
625 1411 667 1455 Si
685 1421 828 1454 autem
855 1412 1080 1466 mordetis,
1107 1414 1249 1472 inquit
1268 1449 1277 1466 ‚
1299 1424 1341 1458 ct
1359 1431 1435 1460 co-

53 1499 74 1523 »
106 1482 276 1525 meditis
292 1482 494 1535 invicem,
510 1481 655 1524 videte
671 1496 725 1524 ne
742 1482 795 1524 ab
813 1482 995 1525 invicem
1017 1485 1335 1529 consumamini
1349 1489 1365 1511 ‘²
1384 1505 1391 1530 :
1414 1504 1433 1527 »

49 1552 131 1596 hoc
152 1553 265 1597 enim
291 1553 476 1596 maxime
492 1551 598 1595 vitio
622 1551 910 1594 contentionis
926 1561 970 1595 et
986 1551 1261 1608 invidentiae,
1288 1557 1436 1613 perni-

49 1623 173 1668 ciosae
193 1622 506 1681 disputationes
525 1621 638 1664 inter
654 1636 726 1664 eos
751 1621 1056 1664 nutriebantur
1074 1657 1084 1675 ‚
1112 1622 1223 1665 male
1245 1625 1299 1667 dc
1321 1626 1434 1670 invi-

48 1708 139 1738 cem
159 1691 380 1752 loquendo
399 1726 409 1745 ,
435 1701 478 1735 et
505 1691 745 1751 quaerendo
777 1691 962 1749 quisque
983 1691 1164 1749 gloriam
1199 1708 1319 1737 suam
1358 1712 1433 1740 va-

48 1777 238 1822 namque
270 1762 521 1814 victoriam,
570 1761 731 1820 quibus
765 1760 919 1804 studiis
951 1763 1222 1805 consumitur
1254 1765 1432 1811 societas

47 1832 225 1892 populi,
250 1832 356 1875 dum
378 1831 423 1874 in
448 1839 588 1889 partes
616 1830 889 1873 discinditur.
917 1832 1149 1882 Quomodo
1179 1843 1325 1878 autem
1353 1837 1429 1881 ista

48 1902 181 1948 vitare
199 1910 401 1961 possunt,
425 1900 503 1943 nisi
522 1900 673 1958 spiritu
698 1900 952 1953 ambulent,
989 1910 1032 1944 et
1063 1903 1432 1961 concupiscentias

44 1973 180 2018 carnis
203 1987 289 2015 non
314 1970 570 2029 perficiant?
594 1968 788 2012 Primum
812 1969 928 2011 enim
959 1978 1002 2012 et
1031 1985 1239 2028 magnum
1271 1990 1429 2023 munus

45 2051 107 2087 est
126 2042 305 2101 Spiritus
322 2075 332 2094 ,
354 2039 573 2083 humilitas
591 2074 602 2092 ,
624 2048 666 2082 et
690 2038 994 2082 mansuetudo.
1020 2040 1143 2083 Unde
1161 2041 1287 2095 illud,
1306 2048 1426 2104 quod

1 2115 11 2159 t
40 2112 127 2173 jam
154 2111 516 2161 commemoravi,
539 2109 746 2152 Dominus
764 2108 920 2153 clamat
942 2128 950 2153 ς
970 2128 988 2150 «
1015 2111 1167 2154 Discite
1182 2127 1203 2155 a
1223 2128 1306 2166 mc,
1325 2118 1426 2175 quia

0 2166 9 2231 i
50 2201 71 2227 α
103 2183 215 2228 mitis
237 2197 332 2227 sum
352 2216 362 2236 ,
400 2190 443 2225 et
476 2179 650 2224 humilis
679 2181 840 2224 cordc³
871 2199 879 2224 z
904 2198 923 2220 »
944 2189 988 2224 et
1006 2180 1114 2224 illud
1156 2186 1384 2243 Prophetae
1412 2208 1419 2233 ε

4 2238 6 2244 ’
50 2272 71 2298 ι(
104 2256 241 2313 Super
263 2266 394 2312 quem
414 2250 642 2310 requiescit
659 2250 842 2309 Spiritus
864 2265 1002 2304 meus,
1024 2252 1102 2295 nisi
1125 2268 1255 2312 super
1276 2257 1424 2303 humi-

1 2348 5 2360 ν
43 2341 62 2368 n
93 2324 179 2369 lem
207 2334 251 2368 et
278 2324 477 2383 quietum
495 2356 506 2375 ,
531 2331 574 2366 et
599 2331 854 2366 trementem
881 2324 1010 2366 verba
1035 2338 1128 2367 mea
1145 2326 1192 2366 ⁴?
1220 2343 1238 2366 »

100 2397 254 2441 XLVI.
279 2394 409 2447 Quod
434 2403 577 2437 autem
606 2394 662 2437 ait
685 2412 695 2438 :
724 2412 743 2435 (ι
768 2396 881 2438 Caro
904 2394 1018 2436 enim
1046 2396 1313 2454 concupiscit
1340 2400 1421 2445 ad—

3 2468 6 2480 '
46 2484 67 2510 a
98 2481 245 2512 versus
262 2465 461 2525 spiritum
482 2499 493 2518 ,
519 2465 692 2523 spiritus
712 2473 856 2508 autem
878 2464 1080 2508 adversus
1100 2481 1301 2526 carnom3
1329 2471 1419 2515 hwc

48 2555 67 2580 »
99 2538 214 2583 enim
231 2536 415 2582 invicem
436 2534 744 2590 adversantur,
778 2545 936 2580 utnon
970 2550 1017 2578 ea
1049 2552 1148 2595 quae
1182 2538 1311 2583 vultis
1350 2542 1419 2586 sa-

92 2629 99 2646 ·
125 2624 436 2666 iloan.1v,·.¹0.-
458 2628 470 2645 ²
491 2620 593 2657 uulut.
616 2631 648 2662 v,
671 2620 719 2654 15.
742 2638 776 2643 ·-
802 2619 813 2643 ³
840 2621 1135 2662 x'ai÷=1=.v,29.—
1155 2621 1258 2656 Alsa-ii.
1281 2634 1296 2654 1.
1325 2637 1366 2663 v„
1386 2640 1414 2661 >.·.

1240 2677 1281 2717 9.
