1924 3309
386 242 388 245 ·
444 227 524 264 338
877 238 909 264 s.
948 235 1176 266 mensum
1212 238 1390 266 ssmscom

435 320 455 342 »
490 302 572 345 bus
609 301 728 346 meis.
758 321 776 343 »
800 303 924 348 Dicat
947 305 1089 348 anima
1119 320 1218 363 quse
1243 304 1463 362 peccavit,
1490 318 1543 348 ne
1567 304 1664 364 plus
1682 313 1828 364 pereat

434 371 732 431 desperando,
754 389 885 432 quam
904 390 947 418 se
972 373 1163 432 perdidit
1181 373 1496 440 delinquendo:

491 445 549 486 ΙΙ.
572 447 684 488 Ante
706 444 849 488 omnia
870 445 1033 504 quippe
1056 443 1202 487 danda
1225 454 1289 487 est
1310 442 1468 503 opera⁷
1496 459 1549 488 ne
1572 459 1822 502 peccemus,

430 528 484 556 ne
517 513 754 574 quamdam
788 514 1124 559 familiaritatem
1163 524 1206 558 et
1229 514 1464 558 amicitiam
1494 531 1596 559 cum
1619 524 1824 574 peccato,

430 592 640 644 tanquam
661 601 762 630 cum
785 594 983 644 serpente
1010 584 1232 629 faciamus.
1252 586 1401 629 Morsu
1423 585 1587 645 quippe
1613 594 1829 628 venenato

431 655 603 713 perimit
620 665 884 715 peccantem,
906 670 984 700 nec
1007 654 1095 699 tale
1119 655 1285 716 aliquid
1303 665 1383 703 est.
1399 670 1499 699 cum
1519 670 1607 715 quo
1630 654 1829 699 facienda

431 725 484 768 sit
520 727 736 770 amicitia:
772 727 848 770 sed
877 727 910 770 si
945 724 1061 771 forte
1084 736 1160 770 aut
1182 726 1408 770 infirmum
1442 726 1699 786 oppresserit
1716 734 1735 780 ,'
1753 733 1830 769 aut

431 796 607 840 incauto
626 798 914 856 subrepserit,
941 807 1017 843 aut
1041 807 1261 842 errantem
1288 798 1478 857 ceperit,
1506 799 1643 842 autin
1666 812 1830 842 errores

431 868 577 911 cundo
599 867 840 927 deceperit,
865 885 954 913 non
978 870 1125 928 pigeat
1147 869 1338 913 animam
1357 870 1588 923 confiteri,
1615 884 1695 912 nec
1716 883 1832 928 quae·

432 947 498 981 rat
518 940 858 992 excusationem,
884 940 960 984 sed
982 942 1047 984 sui
1065 942 1403 985 accusationem.
1429 943 1536 985 Nam
1555 949 1598 983 et
1618 939 1721 983 inde
1740 955 1831 984 ora-

435 1008 496 1052 vit
515 1009 707 1068 quodam
731 1011 774 1053 in
801 1010 969 1055 Psalmo
986 1046 997 1066 ‚
1034 1021 1077 1055 et
1104 1012 1163 1055 ait
1185 1031 1193 1056 :
1223 1031 1243 1052 «
1271 1015 1411 1064 Pone,
1442 1012 1650 1065 Domine,
1681 1020 1830 1054 custo-

439 1096 459 1118 »
495 1078 611 1122 diam
633 1081 696 1124 ori
721 1096 831 1135 meo,
848 1091 891 1125 et
909 1082 1066 1125 ostium
1085 1082 1368 1126 continentiae
1383 1082 1547 1126 circum
1573 1081 1685 1125 labia
1709 1096 1803 1124 mea
1820 1092 1835 1125 s

439 1167 458 1190 »
494 1159 537 1193 et
557 1166 644 1195 non
668 1151 857 1196 declines
880 1169 954 1196 cor
978 1168 1122 1197 meum
1146 1155 1191 1197 in
1215 1154 1347 1198 verba
1379 1153 1571 1212 maligna
1588 1188 1599 1207 ‚
1626 1152 1680 1196 ad
1703 1168 1834 1196 excu-

439 1237 458 1260 »
494 1221 648 1265 sandas
682 1224 977 1267 excusationes
1005 1224 1050 1268 in
1074 1225 1260 1283 peccatis
1281 1227 1313 1268 1.
1341 1243 1360 1265 »
1385 1228 1618 1268 Peccatum
1647 1224 1832 1283 quisque

438 1289 591 1334 suadet
607 1292 685 1335 tibi
697 1295 714 1334 ⁶?
726 1302 826 1336 ante
841 1293 988 1338 omnia
1006 1304 1243 1338 recusetur.
1263 1293 1348 1339 Sed
1363 1309 1615 1354 persuasum
1634 1297 1729 1338 est?
1747 1309 1835 1338 non

440 1372 684 1418 excusetur,
706 1364 782 1408 sed
802 1365 944 1424 potius
969 1375 1212 1411 accusetur.
1239 1369 1349 1411 Nam
1370 1376 1413 1410 et
1434 1367 1513 1410 iste
1535 1366 1611 1425 qui
1633 1366 1806 1410 dicebat
1824 1384 1833 1409 :

448 1451 468 1474 «
502 1435 588 1478 Cor
618 1435 834 1479 mundum
856 1452 955 1480 crea
987 1437 1032 1480 in
1057 1452 1126 1481 me
1152 1441 1265 1481 Deus
1283 1472 1294 1492 ‚
1324 1456 1344 1478 »
1371 1438 1429 1481 sic
1459 1437 1674 1496 incoepit,
1702 1456 1722 1478 «
1751 1436 1836 1481 Mi-

447 1520 467 1543 »
502 1519 640 1548 serere
675 1506 758 1549 mei
796 1510 904 1550 Deus
921 1541 931 1561 ‚
975 1506 1217 1550 secundum
1256 1522 1461 1566 magnam
1500 1507 1838 1551 misericordiam

450 1592 470 1615 »
506 1584 627 1619 tuam
639 1580 670 1620 ².
692 1595 711 1617 »
737 1580 938 1635 Magnam
957 1578 1294 1622 misericordiam
1327 1588 1734 1639 magnussspeccator
1755 1579 1839 1622 im-

448 1645 620 1704 plorat:
647 1663 849 1706 magnam
886 1649 1144 1693 medicinam
1178 1665 1389 1708 magnum
1412 1649 1573 1694 vulnus
1603 1649 1834 1694 desiderat.

456 1715 522 1759 Ibi
543 1716 702 1759 dicitur
723 1736 731 1760 :
763 1736 781 1758 «
801 1721 958 1761 Averte
976 1717 1128 1761 faciem
1153 1728 1272 1761 tuam
1291 1734 1313 1761 a
1335 1719 1517 1777 peccatis
1540 1720 1661 1774 meis,
1682 1729 1726 1764 et
1743 1735 1840 1763 om·-

459 1804 480 1828 »
515 1802 589 1830 nes
610 1787 859 1848 iniquitates
888 1803 1003 1832 meas
1036 1789 1173 1832 dele3.
1193 1792 1280 1834 Cor
1313 1790 1528 1833 mundum
1565 1805 1662 1834 crea
1694 1791 1737 1834 in
1773 1805 1841 1834 me

464 1876 481 1898 »
519 1861 676 1902 Deus¹.
712 1878 731 1900 »
774 1859 942 1902 Avertit
975 1875 1078 1917 ergo
1111 1862 1222 1902 Deus
1257 1858 1408 1903 faciem
1440 1875 1562 1903 suam
1599 1876 1622 1904 a
1650 1861 1837 1920 peccatis

457 1930 723 1982 confitentis,
749 1938 854 1973 etse
887 1930 1029 1989 ipsum
1061 1930 1320 1984 accusantis,
1358 1931 1522 1991 Deique
1555 1930 1764 1975 auxilium
1795 1939 1840 1976 et

459 1999 793 2044 misericordiam
815 1999 1100 2060 deprecantis.
1143 2001 1308 2045 Avertit
1331 2001 1447 2045 enim
1485 2001 1639 2046 {aciem
1661 2018 1784 2046 suam
1818 2017 1842 2047 a

461 2071 645 2129 peccatis
675 2072 787 2131 ejus,
820 2087 909 2115 non
937 2071 1172 2115 avertendo
1196 2072 1251 2114 ab
1279 2072 1388 2129 ipso.
1413 2072 1496 2117 Cui
1513 2073 1628 2116 enim
1649 2071 1810 2116 dicitur
1827 2090 1857 2116 :-

468 2160 487 2182 «
524 2145 681 2185 Averte
705 2140 858 2186 faciem
889 2151 1009 2185 tuam
1037 2157 1059 2184 a
1083 2142 1268 2200 peccatis
1291 2142 1415 2196 meis,
1446 2151 1490 2186 et
1511 2157 1662 2187 omnes
1684 2140 1845 2203 iniqui-

468 2230 487 2252 »
523 2222 630 2256 tates
653 2228 768 2256 meas
793 2211 890 2256 dele
924 2231 933 2256 ε
960 2231 979 2253 »
1005 2211 1145 2256 eidem
1171 2211 1274 2256 alibi
1307 2212 1467 2256 dicitur
1493 2230 1504 2257 .·
1534 2232 1554 2255 «
1588 2216 1651 2259 Ne
1679 2223 1844 2258 avertas

469 2299 488 2321 »
524 2281 677 2326 faciem
701 2292 821 2326 tuam
843 2298 865 2326 a
888 2283 998 2326 me4.
1028 2300 1048 2323 »
1076 2283 1269 2335 Avertit,
1303 2282 1482 2342 quando
1515 2298 1604 2327 non
1626 2282 1842 2330 advertit:

466 2367 566 2396 nam
589 2354 621 2396 si
637 2353 841 2408 advertit,
866 2353 1035 2397 evertit.
1067 2352 1171 2396 Ideo
1193 2362 1236 2397 et
1252 2353 1421 2413 judices
1440 2355 1487 2398 in
1509 2355 1728 2400 convictos
1752 2369 1845 2400 reos

466 2425 722 2467 sententiam
745 2422 1013 2483 proferentes
1044 2423 1386 2468 animadvertere
1417 2425 1638 2470 dicuntur.
1666 2428 1759 2470 Hoc
1791 2438 1846 2469 ne

471 2493 598 2539 faciat
622 2499 753 2550 Deus,
776 2495 821 2539 id
843 2504 907 2540 est
923 2531 934 2551 ‚
960 2510 1015 2539 ne
1032 2494 1373 2551 animadvertat,
1400 2495 1585 2540 dicimus
1611 2515 1620 2541 ι
1645 2513 1665 2538 «
1690 2499 1845 2542 Averte

518 2587 523 2601 ¹
551 2581 630 2611 thuri.
656 2579 889 2623 ext,3,!1.-—
908 2588 918 2603 ²
939 2580 985 2613 ld.
1006 2591 1035 2622 ι,
1054 2580 1083 2613 3.
1109 2597 1148 2603 —-
1172 2578 1183 2602 3
1205 2580 1283 2614 lbid.
1312 2591 1362 2613 ιι.
1381 2593 1417 2604 -·
1445 2580 1520 2614 ·'⁴Id.
1542 2592 1634 2624 xxv1‚
1652 2593 1684 2625 9.
