1867 3320
367 321 509 350 sano
542 322 601 349 1v.
639 322 692 349 DE
725 318 847 350 JAcor,
881 321 931 349 m·
964 321 1084 350 Esau.
1332 315 1412 353 193

105 390 290 434 XXXII.
324 389 438 434 Cum
471 388 526 433 ad
557 388 707 432 ambos
741 387 987 447 pertineant
1014 388 1124 442 ista,
1146 402 1236 432 non
1270 397 1416 434 tamen

35 461 250 523 pertinent
278 475 427 505 omnes
449 468 596 518 gentes
618 459 700 503 nisi
723 458 778 503 ad
799 458 1032 519 spiritales,
1057 458 1159 518 quia
1181 458 1261 517 ipsi
1283 462 1416 518 perti-

35 540 137 578 nent
158 530 211 576 ad
228 530 482 585 Ecclesiam,
504 545 604 590 quae
626 528 825 589 implevit
847 538 989 573 totum
1010 529 1161 574 orbem
1185 538 1412 574 terrarum.

35 602 280 657 Attendite,
312 600 490 657 fratres,
523 610 567 645 et
594 600 827 645 discernite
859 609 1073 660 quantum
1103 600 1309 660 potestis,
1348 601 1417 646 vel

34 682 247 735 quantum
265 672 385 717 vobis
409 671 619 717 Dominus
637 671 726 716 dat.
753 672 905 716 Omnis
919 671 1120 731 spiritalis
1143 670 1260 716 videt
1279 706 1290 726 ,
1316 672 1418 731 quia

35 742 221 789 Ecclesia
244 758 322 802 per
344 751 487 787 totum
510 741 663 787 orbem
686 750 901 786 terrarum
919 751 983 786 est
1004 758 1106 796 una,
1133 757 1249 796 vera,
1275 741 1420 785 catho-

0 820 2 863 ᾗ
31 814 131 868 lica,
163 823 206 858 et
229 813 338 858 nihil
360 813 441 857 sibi
474 822 675 872 arrogat,
712 822 756 856 et
776 813 935 857 tolerat
957 823 1132 872 peccata
1159 813 1389 857 hominurn
1405 848 1415 867 ‚

0 882 4 930 l
33 899 141 945 quos
163 899 251 929 non
274 892 414 943 potest
430 897 614 942 purgare
635 881 690 926 de
711 897 807 927 area
830 882 1047 928 dominica
1064 919 1074 938 ,
1097 893 1332 943 antequam
1347 899 1423 927 ve-

2 962 6 1013 }
35 956 124 1000 niat
144 955 216 999 ille
234 955 413 1000 ultimus
431 954 680 1010 ventilator,
697 954 775 1014 qui
797 953 889 998 falli
912 970 1001 999 non
1024 964 1181 1014 potest,
1200 964 1249 999 ut
1266 964 1422 1014 purget

3 1028 7 1089 l
35 1041 175 1071 aream
197 1041 335 1080 suam,
360 1034 404 1069 et
424 1025 695 1069 frumentum
715 1025 859 1069 mittat
875 1025 919 1069 in
936 1026 1157 1079 horreum,
1185 1024 1328 1085 paleas
1345 1041 1422 1069 au-

4 1092 9 1146 ⁷:
36 1105 119 1142 tem
143 1096 218 1142 det
240 1095 295 1141 ad
315 1095 690 1141 comburendum:
709 1096 812 1155 quia
828 1096 919 1155 ipse
938 1096 1070 1140 habet
1094 1095 1323 1140 excludere
1346 1111 1423 1155 pa-

7 1174 11 1230 ξ
36 1167 171 1223 leam,
203 1176 246 1212 et
278 1182 501 1226 segregare
532 1182 555 1210 a
584 1166 835 1220 frumento,
867 1175 909 1210 et
939 1182 1182 1226 praeparare
1214 1167 1421 1210 horreum

8 1239 13 1292 ἰ
37 1238 178 1283 tritico
198 1273 209 1293 ,
234 1237 364 1298 paleis
390 1238 549 1296 ignem.
577 1240 730 1297 ltaque
752 1237 854 1296 quia
874 1237 1016 1291 novit,
1044 1236 1200 1281 tolerat
1222 1246 1424 1296 peccato-

10 1320 100 1374 tres
126 1309 170 1352 in
199 1309 286 1352 fine
320 1308 596 1367 separandos.
638 1310 720 1350 Per
754 1322 903 1351 omnes
934 1316 1081 1366 gentes
1108 1316 1356 1366 peccatores
1379 1316 1423 1352 et

35 1395 183 1424 omnes
211 1377 403 1423 carnales
437 1379 560 1423 mixti
588 1388 692 1422 sunt
723 1377 1010 1436 spiritalibus,
1042 1388 1084 1422 et
1111 1378 1305 1423 serviunt
1327 1379 1416 1423 eis:

11 1398 244 1510 lspiritales
282 1459 426 1494 autem
464 1465 551 1494 non
584 1448 810 1506 serviunt,
843 1449 946 1508 quia
974 1448 1027 1492 de
1054 1448 1136 1492 illis
1160 1450 1418 1509 proficiunt,

34 1536 133 1566 cum
150 1520 230 1580 ipsi
251 1520 471 1564 deficiunt.
497 1519 745 1573 Attendite,
768 1518 920 1563 fratres
942 1519 1049 1574 mei,
1075 1520 1217 1564 dicam
1235 1555 1245 1575 ,
1265 1521 1298 1564 si
1322 1536 1422 1580 pos-

35 1606 151 1645 sum,
177 1599 220 1634 et
240 1605 328 1634 non
343 1591 535 1644 timeam,
563 1606 652 1634 non
676 1590 829 1634 tacebo
848 1609 856 1634 ;
873 1606 1030 1650 urgeor
1048 1592 1162 1634 enim
1182 1601 1232 1636 ut
1253 1590 1393 1636 dicam
1411 1611 1419 1636 2

18 1645 78 1729 let
98 1661 131 1704 si
155 1660 259 1703 mihi
291 1659 403 1704 forte
436 1658 569 1718 aliqui
598 1661 952 1715 succensuerint,
993 1661 1068 1704 sed
1097 1663 1203 1704 dent
1224 1663 1420 1715 veniam,

37 1731 166 1776 timeo
184 1730 299 1774 enim
318 1765 328 1784 ,
354 1739 403 1774 ut
420 1729 538 1786 dixi,
562 1729 706 1773 timori
724 1728 831 1774 dent
853 1731 1038 1774 veniam.
1061 1732 1258 1776 Christus
1283 1734 1423 1776 nemi-

37 1816 135 1846 nem
158 1800 326 1844 timuit:
353 1815 430 1844 nos
450 1808 595 1843 autem
617 1799 839 1844 Christum
858 1801 1052 1846 timendo
1076 1817 1164 1846 non
1188 1804 1420 1862 parcimus,

24 1887 91 1941 ¹ne
108 1870 248 1922 nobis,
274 1869 380 1913 dum
404 1869 508 1914 tales
526 1870 732 1914 nolumus
749 1871 1024 1925 contristare,
1047 1872 1118 1916 ille
1142 1888 1230 1917 non
1256 1884 1419 1932 parcat.

26 1940 150 2004 {Quid
173 1940 300 1984 velim
320 1939 463 1983 dicere
497 1939 737 1997 dignamini
763 1940 915 1984 audire
931 1976 941 1995 ,
971 1951 1014 1985 et
1036 1943 1320 1987 intentissime
1343 1944 1423 1988 ad-

39 2021 217 2056 vertere,
243 2013 518 2069 Accepcrunt
540 2010 669 2053 ambo
691 2025 713 2053 a
737 2026 830 2054 rorc
852 2011 951 2054 coeli
974 2021 1017 2055 et
1038 2013 1092 2055 ab
1111 2014 1309 2058 ubertate
1332 2024 1422 2058 ter-

42 2097 123 2137 rae,
155 2081 290 2125 Jacob
325 2090 367 2124 et
395 2081 539 2137 Esau,
571 2081 701 2125 ambo
729 2080 838 2125 illud
869 2082 1029 2127 liabent
1063 2084 1182 2143 quod
1201 2086 1290 2144 jam
1313 2085 1423 2128 dixi-

42 2169 159 2208 mus,
199 2152 320 2213 quod
347 2152 574 2206 novimus,
613 2151 734 2212 quod
771 2153 902 2196 nostis
939 2173 946 2196 :
980 2154 1052 2197 scd
1084 2165 1132 2198 ut
1167 2157 1353 2199 serviani
1386 2158 1422 2199 ci

45 2234 209 2283 gentes,
236 2239 324 2267 non
342 2224 507 2282 acecpit
529 2224 609 2267 nisi
632 2223 795 2281 Jacob,
820 2225 920 2284 quia
950 2225 1142 2269 carnales
1167 2227 1210 2270 in
1235 2227 1425 2272 'Ecclesia

0 2308 5 2335 ἰν
34 2291 118 2355 iper
140 2304 281 2340 toturn
302 2294 452 2338 orbem
477 2303 687 2338 terrarum
720 2309 806 2338 non
829 2296 1022 2339 serviunt
1047 2296 1123 2339 nisi
1144 2297 1421 2356 spiritalibus.

46 2366 185 2418 Quare
205 2368 223 2409 ἱ)
244 2366 354 2419 Quia
377 2364 431 2407 de
459 2363 541 2408 illis
565 2364 801 2423 proliciunt
824 2364 1049 2424 spiritales.
1078 2369 1183 2411 Nam
1215 2368 1311 2413 idco
1334 2386 1427 2413 car-

49 2435 161 2480 nales
184 2436 380 2481 homines
402 2434 511 2478 servi
533 2434 742 2479 dicuntur
763 2455 770 2479 :
795 2445 837 2480 ct
858 2440 889 2479 si
913 2437 1031 2496 quod
1051 2436 1209 2482 nolunt
1237 2439 1399 2484 iaciunt
1415 2476 1424 2493 ‚

1 2522 9 2547 ιι
40 2504 219 2573 {prodest
247 2515 389 2550 tamen
422 2505 685 2564 spiritalibus
718 2505 825 2548 mala
860 2508 1127 2551 conversatio
1156 2509 1393 2572 carnalium
1418 2531 1426 2554 ·.

42 2574 147 2671 ὶιμιίε
175 2585 289 2620 etex
320 2575 470 2620 cadem
499 2576 824 2621 conversatione
856 2578 1113 2635 proliciunt,
1150 2589 1191 2624 ct
1217 2596 1290 2639 poi·
1323 2581 1430 2625 tolc-

44 2656 226 2708 4rant1am
247 2656 526 2691 coronantur.

46 2722 50 2774 ἱ
207 2730 358 2760 cxxiv.
1202 2728 1244 2761 13

14 1501 17 1510 l

0 2459 8 2477 ι’
