1924 3309
472 291 554 330 248
906 303 938 327 s.
976 300 1204 328 Ancus-nm
1237 300 1416 327 Erlscom

472 382 548 412 cus
571 365 663 411 odit
681 380 782 409 011111
805 365 944 425 qualis
966 374 1029 409 est
1051 385 1059 409 :
1079 379 1180 408 nam
1200 364 1297 408 ideo
1318 363 1413 408 vult
1436 367 1590 408 vsanum
1614 379 1702 407 esse
1717 398 1728 418 ‚
1753 364 1855 423 quia

472 437 566 482 odit
593 451 694 480 eum
727 433 984 479 febrientem
1009 453 1017 478 ε
1052 443 1094 478 et
1117 442 1180 477 est
1200 433 1393 478 medicus
1415 432 1547 478 febris
1574 441 1824 493 persecutor
1840 468 1851 489 ,

470 517 521 552 ut
561 508 614 551 sit
651 506 837 551 hominis
872 504 1093 549 liberator.
1137 504 1204 549 Sic
1240 505 1417 549 avaritia
1437 539 1448 560 ,
1496 505 1555 548 sic
1597 503 1734 548 libido
1749 538 1760 559 ,
1797 503 1855 548 sic

471 578 623 624 odium
641 612 652 634 ‚
678 576 1051 636 concupiscentia,
1072 574 1241 619 luxuria
1259 610 1270 630 ,
1297 576 1355 619 sic
1382 575 1607 633 nugacitas
1628 568 1856 634 spectacu-

469 650 613 694 lorum
633 683 644 704 ‚
670 648 811 692 febres
846 655 948 691 sunt
980 646 1135 690 animae
1157 655 1266 701 tuae,
1293 646 1425 691 debes
1459 644 1554 690 illas
1586 646 1727 690 odisse
1756 660 1856 690 cum

470 719 640 764 medico
668 738 677 763 ι
702 718 763 762 ita
783 716 1021 762 concordas
1044 732 1146 761 cum
1163 715 1356 771 medico,
1381 716 1528 760 niteris
1545 731 1647 760 cum
1668 715 1853 772 medico,

470 798 514 833 et
534 789 723 833 libenter
745 787 867 831 audis
884 786 1005 847 quod
1021 787 1149 847 jubet
1165 787 1380 841 medicus,
1403 785 1588 830 libenter
1610 784 1716 830 facis
1737 786 1858 846 quod

463 860 592 918 jubet
614 858 824 912 medicus,
844 866 887 901 et
905 857 1159 916 proficiente
1175 858 1264 917 jam
1288 856 1467 901 sanitate
1490 856 1708 914 incipiunt
1728 855 1856 900 etiam

468 929 683 974 delectare
698 937 929 988 praecepta.
947 931 1087 981 Quam
1103 943 1309 973 onerosus
1322 936 1386 971 est
1402 928 1524 971 cibus
1540 927 1662 985 aegris
1682 926 1857 986 quando

468 1000 753 1044 reficiuntur?
779 1007 821 1042 et
857 1002 1049 1058 pejorem
1068 1000 1222 1042 horam
1245 999 1459 1057 deputant
1482 998 1584 1055 aegri
1613 996 1858 1041 refectionis

470 1085 579 1125 suae,
606 1083 739 1129 quam
761 1084 850 1112 suae
872 1068 1148 1125 accessionis3
1179 1078 1222 1112 et
1244 1078 1390 1112 tamen
1422 1076 1586 1126 cogunt
1609 1082 1652 1111 se
1675 1082 1857 1129 concor-

470 1140 621 1183 dantes
643 1153 744 1182 cum
765 1138 951 1192 medico,
968 1146 1011 1182 et
1032 1138 1229 1198 quamvis
1250 1137 1376 1183 inviti
1398 1146 1441 1181 et
1463 1136 1738 1181 obluctantes
1759 1136 1858 1180 vin-

469 1216 576 1252 cunt
603 1223 647 1251 se
674 1217 724 1251 ut
749 1207 914 1266 aliquid
947 1207 1175 1266 accipiant.
1202 1212 1372 1260 Quanta
1407 1207 1614 1251 aviditate
1644 1206 1733 1250 sani
1768 1221 1859 1249 ma-

466 1279 562 1337 jora
589 1277 837 1336 percepturi
859 1286 961 1320 sunt
980 1312 991 1331 ‚
1026 1276 1145 1320 unde
1179 1277 1283 1335 aegri
1317 1277 1485 1320 minora
1506 1276 1580 1320 vix
1610 1275 1858 1334 accipiunt?

473 1347 558 1393 Sed
589 1346 708 1391 unde
739 1348 823 1391 hoc
844 1346 1009 1391 factum
1044 1349 1141 1391 est?
1162 1346 1272 1399 Quia
1297 1346 1480 1391 oderant
1511 1345 1682 1390 febrem
1708 1360 1828 1390 suam
1845 1380 1856 1401 ,

472 1426 514 1460 et
543 1432 644 1461 cum
666 1415 837 1461 medico
854 1415 1253 1471 concordaverunt,
1275 1426 1318 1460 et
1341 1416 1468 1460 simul
1485 1415 1858 1475 persequebantur
1921 1431 1924 1459 ε

473 1486 639 1531 febrem
657 1485 849 1530 medicus
873 1495 915 1530 et
937 1495 1140 1544 aegrotus.
1167 1488 1279 1531 Cum
1310 1501 1412 1544 ergo
1442 1494 1486 1529 et
1512 1501 1591 1530 nos
1618 1485 1720 1529 talia
1750 1484 1859 1529 dici-
1923 1513 1924 1517 =

471 1572 568 1601 mus
589 1591 599 1611 ‚
630 1572 721 1601 non
747 1555 916 1600 odimus
937 1555 1019 1599 nisi
1039 1554 1181 1600 febres
1202 1564 1364 1601 vestras
1390 1575 1399 1600 :
1426 1556 1514 1600 imo
1545 1556 1591 1599 in
1615 1556 1741 1600 nobis
1771 1556 1860 1615 ipse
1919 1574 1921 1589 1

471 1641 612 1671 sermo
645 1625 723 1670 Dei
754 1625 896 1670 febres
918 1634 1077 1670 vestras
1100 1625 1220 1681 odit,
1253 1641 1354 1670 cum
1384 1640 1473 1685 quo
1497 1626 1762 1670 concordare
1783 1624 1859 1669 de-

471 1697 598 1741 betis.
616 1699 726 1742 Nam
747 1711 825 1740 nos
847 1695 956 1755 quid
977 1711 1125 1740 sumus
1142 1730 1153 1751 ‚
1179 1696 1260 1740 nisi
1281 1694 1496 1740 liberandi
1515 1696 1738 1741 vobiscum
1753 1731 1764 1751 ,
1790 1711 1857 1740 sa-

472 1766 607 1811 nandi
631 1766 887 1811 vobiscum?

529 1839 610 1880 XI.
627 1837 762 1880 Modo
776 1851 866 1879 non
880 1850 948 1878 me
966 1836 1238 1889 intueamini,
1256 1837 1329 1878 sed
1348 1850 1591 1879 sermonem
1606 1837 1698 1880 Dei.
1718 1836 1858 1882 Nolite

471 1907 596 1951 irasci
629 1906 948 1950 medicamento
983 1913 1149 1961 vestr03
1185 1920 1274 1948 non
1300 1904 1444 1948 inveni
1474 1904 1591 1948 enim
1623 1905 1743 1950 aliud
1773 1923 1856 1966 qua

471 1978 712 2021 transirem.
739 1976 850 2019 Veni
884 1974 938 2018 ad
966 1975 1166 2033 quintam
1199 1974 1408 2018 chordam
1426 1975 1560 2019 homo
1577 2010 1588 2030 ,
1619 1977 1695 2036 qui
1728 1985 1855 2035 tango

469 2046 722 2106 psalterium
744 2046 895 2089 decem
925 2043 1186 2087 chordarum
1205 2079 1215 2099 ,
1247 2043 1463 2104 numquid
1485 2047 1853 2103 praetermissurus

470 2133 586 2161 eram
608 2117 839 2177 quintam?
860 2118 953 2159 Imo
976 2115 1143 2159 assidue
1165 2130 1460 2173 percussurus.
1486 2119 1537 2159 Ι11
1553 2115 1625 2160 illa
1649 2118 1766 2161 enim
1791 2117 1854 2162 vi-

469 2189 551 2232 deo
568 2188 712 2246 jacere
733 2195 876 2230 totum
894 2200 1004 2244 pene
1029 2200 1162 2243 genus
1185 2186 1444 2240 humanum,
1462 2186 1508 2229 in
1525 2185 1599 2231 illa
1610 2186 1737 2232 video
1762 2180 1852 2247 plus

468 2257 679 2301 laborare.
706 2259 849 2315 Ipsam
872 2255 1156 2314 percutiendo
1179 2255 1287 2315 quid
1324 2256 1421 2300 dico
1440 2258 1457 2299 P
1479 2255 1622 2301 Nolite
1644 2256 1851 2302 moechari

470 2337 566 2385 post
586 2342 741 2371 uxores
772 2335 954 2380 vestras,
986 2325 1087 2385 quia
1105 2341 1194 2369 non
1217 2325 1347 2370 vultis
1381 2335 1431 2370 ut
1451 2327 1730 2372 moechentur
1757 2336 1852 2388 post

469 2413 544 2441 vos
566 2411 717 2441 uxores
751 2406 918 2441 vestrae.
957 2395 1098 2441 Nolite
1130 2396 1191 2439 ire
1223 2411 1324 2451 vos,
1351 2396 1470 2456 quod
1503 2411 1572 2440 eas
1606 2399 1727 2457 sequi
1763 2412 1848 2442 non
1886 2415 1913 2451 ,η

468 2466 612 2511 vultis,
642 2467 740 2511 Sine
757 2482 883 2510 causa
904 2481 979 2511 vos
999 2480 1199 2510 excusare
1214 2466 1454 2521 conamini,
1480 2465 1657 2526 quando
1679 2466 1844 2521 dicitis,
1884 2471 1888 2533 ᾖ
1907 2481 1911 2512 ⁴:

1886 2553 1887 2560 1
1908 2547 1911 2567 ι

467 2537 691 2597 Numquid
713 2553 763 2581 00
787 2537 841 2581 ad
863 2553 1041 2581 uxorem
1064 2536 1279 2580 alienam?
1300 2535 1369 2581 Ad
1396 2536 1594 2581 ancillam
1614 2553 1755 2582 meam
1777 2552 1841 2582 eo.

471 2609 538 2649 Vis
558 2617 605 2649 111
627 2608 741 2650 (licat
765 2624 870 2650 uxor
890 2618 959 2651 tua
980 2608 1072 2661 tibi,
1087 2607 1311 2666 Numquid
1330 2622 1381 2650 eo
1396 2606 1451 2650 ad
1468 2608 1609 2652 virum
1625 2608 1843 2652 alienum?
1883 2647 1885 2652 .
1907 2623 1909 2644 1
