1924 3309
427 283 505 323 164
852 292 886 320 s.
923 291 1152 321 Auuus'rim
1185 293 1367 320 EPISCOPI

420 360 525 405 mini
548 368 591 403 et
612 358 917 414 admonemus,
938 367 1153 418 quantum
1171 372 1419 416 possumus,
1445 364 1489 400 et
1511 355 1800 415 praecipimus,

419 442 469 477 ut
490 430 666 492 quando
685 430 843 474 auditis
860 430 1019 489 exponi
1041 438 1358 473 sacramentum
1379 429 1612 488 Scripturae
1630 442 1804 471 narran-

421 503 470 547 tis
493 518 592 562 quae
616 510 733 560 gesta
760 509 883 558 sunt,
913 499 1031 558 prius
1062 496 1173 542 illud
1200 497 1320 558 quod
1351 498 1513 542 lectum
1536 506 1599 542 est
1621 497 1804 542 credatis

416 574 474 618 sic
511 581 678 631 gestum
696 607 707 627 ,
735 570 958 631 quomodo
980 569 1142 612 lectum
1180 578 1270 625 est,
1310 583 1364 611 ne
1395 568 1617 612 subtracto
1648 567 1802 611 funda-

414 653 562 688 mento
585 643 646 686 rei
667 652 796 701 gestae
812 675 822 695 ,
848 640 971 699 quasi
993 639 1039 681 in
1061 642 1159 681 aere
1194 637 1398 697 quaeratis
1417 636 1646 681 aedificare.
1673 637 1805 681 Abra·

416 715 516 758 ham
534 722 655 772 pater
678 720 822 755 noster
843 711 976 753 homo
1007 717 1098 752 erat
1115 707 1201 752 illis
1221 708 1493 767 temporibus
1516 707 1681 763 fidelis,
1709 723 1804 751 cre—

415 785 522 830 dens
555 788 673 838 Deo,
705 782 965 842 justificatus
1000 795 1052 823 ex
1086 778 1194 834 fide,
1232 780 1344 823 sicut
1369 780 1589 838 Scriptura
1611 778 1736 834 dicit,
1762 787 1806 822 et

415 865 540 900 vetus
564 863 607 899 et
627 869 754 898 nova.
785 851 980 910 Suscepit
1005 849 1144 893 filium
1167 850 1222 892 de
1249 851 1350 893 Sara
1372 865 1531 904 uxore,
1559 850 1650 908 jam
1672 849 1718 892 in
1739 864 1806 892 se-

416 934 592 970 nectute
614 924 810 982 utrisque
832 920 1076 966 constitutis
1092 955 1103 975 ,
1129 934 1179 962 ex
1196 934 1353 978 magna
1378 918 1706 979 desperatione,
1731 917 1805 962 sed

415 995 656 1041 secundum
684 993 952 1037 hominem1.
982 990 1095 1043 Quid
1129 998 1276 1033 autem
1308 989 1363 1033 de
1387 993 1476 1035 Deo
1513 1006 1602 1034 non
1630 1004 1806 1049 speran-

416 1065 539 1120 dum,
560 1064 631 1109 cui
649 1061 825 1108 difficile
848 1059 957 1106 nihil
975 1062 1067 1104 est?
1082 1059 1167 1112 Qui
1189 1059 1248 1102 sic
1267 1057 1370 1103 facit
1390 1074 1564 1117 magna,
1583 1057 1806 1118 quomodo

416 1153 574 1197 parva,
594 1136 652 1180 sic
674 1135 851 1179 suscitat
871 1142 1082 1186 mortuos,
1103 1129 1327 1191 quomodo
1353 1139 1469 1174 creat
1492 1130 1627 1175 vivos.
1650 1129 1692 1174 Si
1715 1129 1806 1186 pic-

416 1217 484 1251 tor
505 1207 656 1251 eadem
688 1214 778 1249 arte
810 1204 914 1248 facit
943 1217 1111 1246 murem
1127 1236 1138 1257 ,
1175 1217 1263 1261 qua
1285 1199 1584 1260 elephantem,
1610 1199 1807 1257 (diversa

415 1293 569 1336 opera,
610 1276 685 1319 sed
714 1291 780 1318 ars
808 1290 894 1317 una
918 1293 926 1317 ;
952 1276 1152 1332 >quanto
1186 1273 1321 1329 magis
1360 1275 1473 1315 Deus
1502 1270 1579 1330 qui
1601 1269 1733 1324 dixit,
1764 1278 1807 1313 et

416 1348 531 1392 lacta
552 1356 654 1391 sunt
671 1380 681 1399 ‚
706 1343 926 1388 mandavit
948 1378 958 1398 ,
983 1353 1026 1386 et
1048 1352 1190 1386 creata
1213 1351 1315 1386 sunt
1329 1343 1375 1385 ²?
1398 1341 1515 1394 Quid
1538 1339 1716 1384 difficile
1737 1338 1806 1384 fa-

416 1419 474 1462 cit
489 1453 499 1473 ,
534 1417 611 1477 qui
641 1416 774 1459 verbo
797 1414 932 1458 facit?
955 1417 1051 1466 Qua
1073 1412 1278 1457 facilitate
1301 1413 1463 1457 creavit
1485 1411 1673 1470 Angelos
1693 1409 1807 1455 ultra

416 1488 551 1533 coelos
566 1522 577 1543 ,
603 1503 652 1530 ea
674 1485 882 1530 facilitate
910 1484 1139 1528 luminaria
1162 1484 1207 1527 in
1229 1483 1349 1528 coelis
1365 1519 1375 1539 ,
1408 1499 1458 1527 ea
1489 1481 1700 1527 facilitate
1722 1481 1807 1541 pis-

419 1575 487 1605 ces
506 1560 553 1603 in
569 1559 699 1613 mari,
725 1573 773 1601 ea
800 1555 1007 1600 facilitate
1035 1556 1209 1600 arbores
1231 1564 1275 1599 et
1292 1554 1493 1598 animalia
1516 1555 1561 1598 in
1585 1563 1699 1598 terra
1726 1572 1734 1597 :
1759 1568 1809 1597 ea

419 1630 627 1675 facilitate
648 1644 804 1687 magna
819 1662 829 1682 ,
855 1642 941 1686 qua
963 1641 1108 1685 parva.
1134 1626 1217 1671 Cui
1236 1641 1341 1684 ergo
1363 1634 1521 1669 cuncta
1550 1623 1808 1668 facillimum

420 1701 505 1745 fuit
532 1699 671 1744 facere
701 1700 755 1742 de
788 1697 950 1752 nihilo,
989 1696 1235 1740 mirandum
1258 1705 1322 1740 est
1355 1712 1441 1756 qua
1476 1694 1599 1739 dedit
1633 1694 1808 1739 senibus

421 1772 592 1815 filium?
623 1769 745 1813 Tales
780 1783 882 1827 ergo
903 1767 1000 1811 illos
1034 1767 1172 1821 viros,
1206 1766 1275 1810 vel
1294 1765 1390 1810 illos
1407 1766 1603 1807 homines
1621 1765 1809 1807 habebat

420 1847 560 1897 Deus,
596 1849 639 1884 et
666 1839 740 1883 illo
777 1849 970 1895 tempore
992 1837 1097 1878 tales
1120 1836 1281 1877 fecerat
1303 1849 1525 1892 praecones
1550 1833 1661 1877 Filio
1697 1848 1808 1877 ven-

422 1924 518 1958 turo
536 1947 546 1966 ,
573 1920 621 1954 ut
647 1925 735 1953 non
751 1906 890 1951 solum
912 1907 957 1949 in
979 1906 1043 1949 his
1067 1921 1165 1964 quae
1188 1904 1409 1959 dicebant,
1433 1904 1509 1948 sed
1525 1905 1652 1948 etiam
1677 1904 1722 1948 in
1743 1904 1809 1948 his

419 1999 519 2043 quae
551 1980 791 2033 faciebant,
819 1978 885 2021 vel
919 1977 964 2020 in
985 1976 1052 2019 his
1078 1991 1176 2035 quae
1199 1974 1281 2019 illis
1302 1975 1585 2030 accidebant,
1611 1975 1807 2019 Christus

422 2061 670 2113 quaeratur,
697 2049 893 2095 Christus
911 2048 1173 2092 inveniatur.
1206 2046 1434 2106 Quidquid
1458 2047 1680 2105 Scriptura
1702 2046 1807 2091 dicit

424 2124 478 2168 de
501 2123 737 2175 Abraham,
759 2128 802 2163 et
824 2118 988 2163 factum
1010 2127 1089 2171 est,
1114 2126 1157 2161 et
1178 2117 1404 2176 prophetia
1426 2126 1490 2161 est
1510 2137 1518 2161 2
1535 2117 1647 2161 sicut
1674 2120 1807 2176 Apos-

424 2196 537 2240 tolus
558 2193 750 2249 quodam
772 2191 868 2236 loco
890 2190 995 2234 dicit
1015 2208 1035 2230 «
1059 2189 1276 2247 Scriptum
1294 2197 1358 2232 est
1375 2189 1508 2243 enim,
1533 2189 1653 2249 quod
1671 2189 1807 2232 Abra-

424 2285 444 2308 »
478 2268 581 2310 ham
604 2265 713 2309 duos
729 2262 840 2307 filios
861 2260 1031 2314 habuit,
1054 2274 1190 2303 unum
1209 2259 1265 2302 de
1282 2258 1453 2313 ancilla,
1481 2268 1523 2303 et
1547 2259 1731 2303 alterum
1749 2259 1804 2302 de

423 2356 443 2377 »
478 2336 614 2379 libera
630 2337 645 2360 ³
669 2354 677 2378 ι
705 2352 726 2375 »
751 2348 850 2392 quae
883 2339 984 2376 sunt
1013 2330 1059 2373 in
1090 2328 1309 2387 allegoria.
1339 2332 1441 2374 Haec
1466 2344 1567 2388 ergo
1588 2339 1691 2374 sunt
1712 2330 1801 2373 duo

421 2410 709 2450 Testamenta.

475 2478 597 2520 Vlll.
618 2477 714 2519 Jam
737 2488 839 2531 ergo
862 2488 950 2516 non
968 2469 1263 2530 imprudenter
1285 2469 1484 2525 dicimus,
1503 2471 1603 2530 quia
1621 2473 1737 2514 Isaac
1757 2479 1799 2514 et

467 2579 474 2594 ¹
495 2569 872 2610 Gen-XV,6;ROHL1V,
894 2570 928 2607 ἐς
950 2572 981 2599 et
1000 2567 1101 2599 Galat.
1120 2577 1168 2606 ur,
1187 2567 1265 2597 (5.—-
1284 2572 1297 2588 ²
1317 2565 1584 2607 Psal.cx1.v111‚5.
1605 2583 1645 2588 —-
1664 2564 1798 2598 3Galat.

420 2640 465 2669 iv,
490 2638 541 2658 222.
