1867 3320
321 282 528 311 EPISTOLAE
560 281 614 310 An
647 279 833 311 GALATAS
867 284 1099 311 EXPOSITIO.
1322 275 1406 313 1109

0 351 2 399 Ι
28 350 71 394 id
112 357 382 409 praeparante
414 357 546 408 atque
582 357 815 408 praestante
851 347 1097 392 mediatoris
1131 347 1216 390 fide
1242 368 1250 392 z
1276 365 1408 409 quam

0 405 3 465 i
26 418 126 463 fidei
151 419 332 477 gratiam
349 433 468 462 nunc
491 418 800 462 indumentum
822 427 950 463 vocat
969 453 979 471 ,
1017 426 1066 461 ut
1088 417 1310 461 Christum
1337 419 1408 462 in-

0 475 3 497 '
26 489 122 534 duti
139 489 245 543 sint,
264 489 402 549 quiin
419 504 518 533 eum
543 488 840 544 crediderunt,
858 498 901 534 et
921 488 1020 533 ideo
1041 486 1120 531 filii
1144 488 1220 531 Dei
1238 486 1411 533 fratres-

25 574 109 620 que
129 560 220 618 ejns
239 559 488 603 mediatoris
511 559 657 603 effecti
671 569 787 604 sunt.

71 631 280 673 XXVIII.
293 631 344 672 In
352 644 438 689 qua
447 629 532 672 fide
543 644 632 673 non
640 627 914 673 estdistantia
928 630 951 671 J
955 626 1086 681 udaei,
1099 642 1243 686 neque
1252 628 1407 682 Graeci,

3 700 5 702 ’
25 692 112 743 non
124 698 235 742 servi
245 713 388 758 neque
400 698 541 751 liberi,
557 714 647 743 non
658 698 839 742 masculi
852 707 895 742 et
909 696 1100 741 foeminae
1118 716 1126 741 :
1144 699 1411 757 Inquantnm

25 769 138 813 enim
151 783 300 812 omnes
312 767 462 812 fideles
475 778 591 821 sunt,
603 783 753 812 omnes
766 783 903 812 unum
917 777 1018 811 sunt
1028 767 1073 810 in
1088 767 1259 811 Christo
1268 770 1291 811 J
1297 771 1387 811 esu¹
1398 802 1407 811 .

23 841 79 884 Et
92 839 126 883 si
138 841 221 883 hoc
238 838 342 883 facit
363 839 484 894 fides,
507 855 582 899 per
598 855 730 899 quam
745 839 791 882 in
804 838 885 883 hai:
906 839 993 882 vita
1004 839 1120 898 juste
1138 838 1406 893 ambulatur,

23 918 187 970 quanto
207 908 443 968 perfectius
466 919 597 969 atque
620 909 884 953 cumulatius
908 908 954 952 id
975 908 1138 967 species
1172 928 1181 953 :
1207 909 1298 967 ipsa
1319 908 1411 953 fac-

23 987 119 1024 tura
134 989 214 1033 est,
231 995 331 1023 cnm
346 978 589 1022 videbimus
602 978 712 1022 facie
727 977 782 1022 ad
797 977 954 1022 faciem
967 980 985 1021 Ξ)
997 980 1107 1022 Nam
1123 993 1241 1022 nunc
1254 994 1411 1038 quam-

24 1050 84 1094 vis
102 1049 313 1109 primitias
331 1049 541 1093 habentes
560 1049 757 1109 spiritus,
781 1049 857 1109 qui
873 1050 960 1093 vita
983 1058 1061 1103 est,
1089 1058 1267 1108 propter
1285 1049 1413 1108 justi-

24 1119 126 1163 tiam
144 1118 297 1176 fidei²3
314 1128 457 1162 tamen
480 1119 579 1178 quia
596 1118 738 1163 adhuc
752 1130 976 1163 mortuum
988 1128 1052 1163 est
1065 1134 1222 1178 eorpus
1234 1128 1414 1178 propter

24 1198 250 1249 peccatum
270 1225 281 1246 ,
306 1189 554 1234 differentia
576 1190 655 1234 ista
681 1189 749 1234 vel
772 1191 979 1234 Gentium
998 1226 1008 1244 ‚
1034 1190 1101 1234 vel
1125 1189 1409 1244 conditionis,

23 1259 92 1303 vel
113 1274 259 1315 sexus,
294 1261 383 1319 jam
417 1259 597 1320 quidem
625 1259 765 1303 ablata
803 1270 865 1304 est
888 1261 942 1304 ab
967 1260 1134 1303 unitate
1170 1259 1298 1314 fidei,
1337 1261 1412 1304 sed

24 1339 172 1374 manet
191 1330 236 1373 in
268 1331 592 1374 conversatione
609 1330 807 1386 mortali3
838 1332 1018 1390 ejusque
1040 1330 1236 1373 ordinem
1256 1329 1302 1372 in
1324 1330 1412 1373 hu·

20 1400 90 1460 jus
106 1401 208 1445 vitae
231 1401 384 1444 itinere
408 1400 668 1444 servandum
691 1415 780 1444 esse
795 1436 806 1454 ‚
832 1410 874 1444 et
898 1400 1095 1459 Apostoli
1119 1400 1378 1459 praecipiunt
1400 1436 1410 1454 ,

23 1472 100 1532 qui
120 1472 250 1515 etiam
276 1471 445 1530 regulas
473 1470 778 1514 saluberrimas
801 1470 1002 1524 tradunt,
1039 1469 1414 1530 quemadmodum

24 1554 168 1586 secum
190 1541 339 1586 vivant
363 1556 443 1600 pro
481 1540 730 1584 differentia
753 1541 892 1598 gentis
929 1541 1072 1584 Judaei
1110 1550 1153 1584 et
1173 1541 1334 1594 Graeci,
1373 1550 1415 1584 et

23 1623 102 1671 p'ro
126 1611 372 1656 differentia
405 1611 667 1654 conditionis
689 1610 855 1654 domini
895 1621 938 1654 et
960 1611 1093 1665 servi,
1122 1621 1164 1655 et
1186 1627 1265 1670 pro
1287 1611 1416 1655 diffe-

24 1682 160 1726 rentia
184 1696 307 1725 sexus
329 1681 409 1725 viri
428 1689 470 1723 et
494 1680 636 1724 uxoris
653 1715 663 1734 ,
690 1679 758 1723 vel
791 1681 823 1723 si
842 1697 929 1741 qua
953 1681 1052 1724 talia
1078 1690 1232 1725 caetera
1258 1696 1414 1725 occur-

24 1760 141 1795 runt.
170 1753 225 1794 Et
245 1751 336 1810 ipse
360 1750 478 1810 prior
502 1749 736 1804 Dominus,
772 1750 849 1809 qui
883 1750 942 1794 ait
968 1770 976 1794 ι
1003 1770 1021 1790 «
1048 1750 1234 1794 Reddite
1257 1751 1414 1794 Caesari

28 1839 51 1862 υ
83 1836 183 1881 quae
205 1821 382 1866 Caesaris
403 1829 525 1873 sunt,
551 1828 593 1863 et
615 1822 704 1863 Deo
737 1835 836 1878 quae
862 1821 937 1864 Dei
968 1829 1070 1864 sunt
1087 1824 1117 1863 ³.
1150 1839 1169 1860 »
1196 1820 1290 1864 Alia
1313 1830 1415 1864 sunt

27 1891 141 1936 enim
164 1906 263 1951 quae
285 1905 502 1934 servamus
522 1890 566 1932 in
591 1889 758 1933 unitate
775 1889 875 1932 fidei
894 1890 986 1933 sine
1006 1890 1094 1934 ulla
1126 1891 1351 1944 distantia,
1373 1900 1414 1934 ot

27 1961 109 2005 alia
130 1961 175 2004 in
198 1960 350 2004 ordine
370 1959 470 2004 vitae
492 1960 620 2015 huJus
643 1968 852 2018 tanquam
871 1958 914 2001 in
938 1959 1028 2013 via,
1069 1974 1124 2002 ne
1153 1975 1314 2003 nomen
1336 1961 1415 2004 Dei

29 2041 72 2076 et
88 2031 285 2075 doctrina
305 2029 627 2090 balphemetur.
649 2031 705 2072 Et
725 2029 810 2073 hoc
828 2043 913 2072 non
932 2028 1071 2072 solum
1094 2038 1271 2087 propter
1290 2030 1416 2084 iram,

30 2110 79 2146 ut
100 2102 360 2160 effugiamus
384 2100 671 2144 offensionem
690 2099 945 2155 hominum3
969 2097 1041 2141 sed
1084 2098 1210 2141 etiam
1243 2108 1420 2156 propter

31 2172 355 2226 conscientiam,
376 2181 424 2217 ut
446 2186 533 2214 non
552 2168 772 2223 simulate,
798 2170 918 2229 quasi
943 2168 996 2212 ad
1016 2168 1164 2212 oculos
1184 2169 1413 2213 hominum

31 2241 109 2288 ista
148 2243 374 2296 faciamus,
410 2241 484 2284 sed
522 2255 628 2299 pura
659 2239 902 2284 dilectionis
939 2239 1201 2283 conscientia
1245 2248 1422 2297 propter

32 2315 170 2358 Deum
192 2348 202 2367 ‚
221 2313 296 2373 qni
319 2327 467 2356 omnes
488 2311 689 2355 homins-s
711 2311 805 2354 vult
825 2310 962 2354 salvos
998 2309 1087 2352 sic-ri
1104 2345 1113 2361 ‚
1143 2319 1184 2352 ct
1222 2308 1266 2352 in
1299 2309 1423 2367 agni-

38 2383 196 2428 tionem
222 2382 411 2426 veritatis
430 2382 615 2424 venii-0⁴:
645 2399 662 2421 «
686 2384 846 2423 Omnvs
866 2396 986 2436 vrgo,
1010 2380 1166 2436 inquit,
1187 2393 1262 2422 vos
1286 2394 1421 2422 unum

40 2468 59 2494 »ι
93 2453 192 2496 estis
211 2453 253 2496 in
277 2452 449 2495 Christo
483 2454 630 2493 Jesnfi.
661 2469 679 2491 »
708 2453 762 2494 Et
784 2450 979 2500 addidit,
1015 2468 1034 2489 «ι
1065 2449 1106 2491 si
1134 2458 1303 2501 autem,
1333 2467 1351 2488 »
1376 2457 1424 2491 ut

90 2556 94 2568 ¹
116 2548 220 2578 (ialal.
245 2558 292 2586 ιιι,
314 2550 413 2577 'mx--
432 2552 442 2567 ²
470 2556 476 2575 ι
501 2548 572 2577 cor.
595 2555 658 2584 xiii,
688 2554 736 2584 ι’),
759 2549 788 2574 v!
814 2548 899 2575 num.
924 2554 989 2582 viai,
1009 2543 1107 2574 2:;.—
1123 2541 1135 2565 3
1155 2542 1268 2574 Manli.
1284 2550 1423 2582 nusu-

39 2601 107 2630 -4
131 2614 140 2632 ι
166 2603 244 2634 Tim.
262 2612 299 2642 u,
317 2601 348 2642 ,4.
374 2617 413 2623 -—-
427 2598 442 2623 ⁵
457 2598 560 2633 Galat.
585 2610 634 2639 m,
653 2602 706 2632 28.
725 2616 762 2622 --
781 2602 796 2622 0
817 2600 894 2631 [bid.
917 2608 971 2639 υς).
