1867 3320
249 327 386 355 SERMO
419 328 519 364 xiv,
556 327 609 354 DE
643 326 779 355 vnnsu
816 313 867 353 14
900 323 1051 352 PSALM1
1084 326 1143 351 lx.
1310 316 1388 355 297

24 395 217 456 praecipe.
231 393 403 437 Habent
422 392 537 436 enim
560 391 729 436 divitias
746 392 1005 436 intrinsecus
1031 390 1277 448 superbiam
1301 407 1394 450 per-

23 466 264 519 suadentes,
291 463 456 508 habent
477 461 646 507 divitias
668 464 714 507 in
735 463 895 524 quibus
917 462 1118 506 laborant
1140 476 1229 505 esse
1250 462 1394 506 humi-

23 537 94 583 les.
118 539 177 580 Da
194 534 301 578 mihi
326 535 579 579 Zacchaeum
603 534 837 578 habentem
856 548 1033 592 magnas
1055 532 1246 587 divitias,
1272 534 1395 591 prin-

23 608 155 667 cipem
181 604 538 665 publicanorum,
574 605 865 650 confessorem
899 613 1176 664 peccatorum
1196 638 1206 658 ,
1233 612 1395 648 statura

23 678 188 722 brevem
204 711 215 731 ‚
268 677 412 720 animo
448 676 689 721 breviorem
706 711 716 731 ,
758 675 1063 720 ascendentem
1102 673 1270 733 lignum
1295 709 1305 728 ‚
1347 684 1397 718 ut

23 755 308 794 transeuntem
337 746 504 792 videret
539 748 613 807 qui
636 763 714 806 pro
736 747 812 791 illo
835 747 1053 806 pendebat
1085 747 1130 789 in
1167 744 1301 804 ligno.
1335 748 1397 789 Da

22 817 120 863 mihi
136 816 369 871 dicentem,
386 817 615 862 dimidium
635 833 780 862 rerum
799 832 993 861 mearum
1012 816 1068 861 do
1087 816 1392 875 pauperibus¹.

24 887 101 934 Sed
117 887 301 931 multum
327 887 446 932 dives
464 904 528 942 es,
547 904 572 932 o
598 889 823 942 Zacchaee,
843 887 1030 931 multum
1055 887 1173 930 dives
1198 901 1255 930 es.
1285 889 1397 930 Ecce

20 956 240 1002 dimidium
263 958 386 1002 dabis
410 979 419 1003 :
445 959 675 1002 dimidium
698 975 832 1018 quare
850 958 1117 1002 reservabis?
1144 959 1254 1011 Quia
1272 958 1303 1000 si
1328 959 1398 1000 cui

20 1026 177 1087 aliquid
195 1027 379 1083 abstuli,
406 1028 702 1088 quadruplum
727 1028 878 1072 reddo.

75 1099 155 1140 111.
183 1097 267 1141 Sed
289 1098 347 1142 ait
369 1099 476 1142 mihi
498 1099 683 1159 quisque
705 1098 930 1142 mendicus
947 1134 957 1153 ,
983 1097 1210 1142 debilitate
1232 1097 1368 1141 fessus
1384 1132 1394 1151 ,

18 1168 166 1228 pannis
188 1168 369 1224 obsitus,
393 1168 508 1214 fame
530 1169 779 1229 languidus,
796 1169 1029 1230 respondet
1049 1169 1173 1223 mihi,
1199 1178 1241 1212 et
1264 1168 1368 1212 dicit
1386 1188 1392 1211 ε

17 1234 119 1282 Mihi
147 1237 331 1282 debetur
364 1254 548 1297 regnum
584 1239 825 1296 coelorum3
863 1255 944 1298 ego
975 1239 1090 1282 enim
1131 1237 1280 1281 similis
1302 1252 1395 1280 sum

12 1305 74 1351 'illi
97 1310 258 1351 Lazaro
274 1343 284 1363 ‚
305 1309 380 1367 qui
396 1309 570 1368 jacebat
586 1309 806 1354 ulcerosus
825 1318 925 1352 ante
948 1308 1092 1352 divitis
1111 1306 1309 1362 domum,
1327 1323 1397 1351 cu-

11 1377 77 1438 jus
92 1393 220 1422 canes
241 1378 498 1438 linguebant
519 1379 662 1425 ulcera
683 1416 693 1435 ,
725 1390 768 1424 et
790 1380 1013 1441 quaerebat
1034 1380 1212 1423 saturari
1235 1379 1289 1422 de
1313 1381 1396 1422 mi-

16 1449 100 1505 cis,
135 1466 234 1510 quae
272 1451 489 1495 cadebant
522 1452 577 1495 de
610 1467 755 1495 mensa
790 1451 934 1495 divitis
949 1456 995 1508 '23
1035 1465 1113 1509 ego
1136 1450 1197 1494 illi
1221 1450 1398 1494 similior

15 1533 108 1564 sum
134 1555 145 1575 ‚
183 1521 339 1581 inquit.
378 1524 583 1566 Nostrum
615 1538 751 1581 genus
782 1531 872 1577 est,
908 1523 978 1566 cui
1005 1521 1188 1566 debetur
1217 1536 1398 1579 regnum

15 1587 223 1634 coelorum
245 1613 256 1647 3
278 1607 368 1635 non
386 1591 447 1635 illi
470 1593 614 1650 generi
638 1594 713 1652 qui
733 1593 980 1637 induuntur
1002 1607 1194 1652 purpura
1218 1602 1260 1635 et
1294 1592 1396 1649 bys-

13 1669 58 1704 so
73 1695 84 1714 ‚
108 1670 151 1702 et,
171 1658 405 1716 epulantur
425 1662 620 1720 quotidie
637 1662 880 1721 splendide.
905 1662 1016 1706 Talis
1041 1663 1157 1706 enim
1181 1672 1272 1702 crat
1296 1661 1367 1704 ille
1384 1697 1393 1709 ,

14 1737 110 1772 ante
145 1728 266 1786 cujus
297 1726 475 1771 domum
506 1730 678 1788 jacebat
701 1743 866 1787 pauper
900 1727 1120 1772 ulcerosus
1148 1749 1156 1772 ε
1182 1738 1224 1772 et
1254 1729 1397 1773 videte

14 1799 147 1843 exitus
168 1799 413 1843 amborum.
455 1800 651 1857 Contigit
672 1800 787 1842 enim
818 1800 927 1843 mori
965 1800 1139 1858 inopem
1171 1800 1296 1844 illum
1316 1836 1326 1854 ‚
1355 1810 1396 1844 et

0 1867 169 1915 'auferri
191 1868 246 1912 ab
269 1869 444 1927 Angelis
467 1871 512 1912 in
535 1870 677 1912 sinum
701 1869 905 1913 Abrahae.
939 1872 1139 1913 Mortuus
1166 1880 1228 1914 est
1250 1880 1394 1914 autern

14 1930 147 1994 dives,
168 1948 211 1983 et
232 1939 427 1998 sepultus
449 1949 526 1983 est.
548 1942 655 1984 Nam
679 1954 845 1997 pauper
867 1939 979 1982 forte
1002 1955 1081 1982 nec
1104 1940 1312 1997 sepultus.
1342 1944 1390 1984 Et

14 2007 115 2068 quid
144 2019 290 2068 postea
305 2012 323 2050 ἱ)
352 2011 464 2054 Cum
498 2009 615 2067 apud
651 2008 812 2052 inleros
846 2009 966 2052 dives
1003 2009 1073 2052 ille
1104 2010 1146 2052 in
1171 2011 1394 2052 tormentis

15 2088 131 2135 esset,
144 2079 303 2125 levavit
327 2079 477 2124 oculos
495 2095 610 2133 suos,
632 2080 739 2123 vidit
754 2095 988 2138 pauperem
1011 2095 1139 2139 quem
1164 2090 1392 2138 contomp-

15 2144 118 2192 se'rat
148 2149 189 2193 in
217 2149 405 2225 {brahae
441 2150 604 2205 gremio
638 2149 933 2208 quiescentem
963 2168 970 2192 :
1004 2149 1259 2192 desideravit
1296 2160 1393 2206 gut-

17 2226 118 2275 tam,
142 2235 165 2264 a
187 2235 275 2280 quo
300 2220 373 2264 ille
406 2220 562 2263 micam
590 2239 598 2264 ε
624 2228 667 2263 et
692 2220 899 2279 quoniam
923 2220 1071 2263 dilexit
1095 2219 1360 2278 opulentiam
1381 2256 1390 2270 ,

16 2301 99 2334 non
131 2290 297 2335 invenit
336 2289 689 2334 misericordiam.
738 2290 887 2334 Voluit
924 2290 1143 2333 subveniri
1191 2288 1394 2333 fratribus

17 2357 109 2415 suis,
133 2375 300 2420 semper
316 2375 478 2404 vzecors
493 2396 503 2415 ‚
525 2376 619 2405 sero
639 2361 876 2404 misericors
904 2380 910 2403 :
939 2360 1044 2403 nihil
1071 2362 1250 2403 omnino
1273 2360 1390 2420 quod

18 2429 264 2487 postulavit,
291 2431 474 2488 arceopit.

71 2501 142 2544 lv.
170 2501 466 2544 Discernanuis
493 2515 595 2558 vrgo
613 2536 623 2553 ‚
666 2501 806 2559 inquit
831 2501 955 2552 milii,
983 2515 1192 2558 pauperes
1217 2510 1253 2541 ct
1279 2500 1390 2541 ‹livi-

12 2574 102 2626 ltes:
127 2570 232 2629 quid
256 2571 395 2614 moad
418 2570 498 2614 alia
523 2570 805 2627 intelligenda
828 2570 1095 2613 exhortaris?
1119 2571 1261 2627 Aper-ti
1287 2580 1385 2611 suut

62 2655 162 2688 'Luc.
187 2666 251 2696 nx,
274 2656 304 2686 8.
334 2673 370 2675 ’ᾼ
394 2664 404 2677 ’·
430 2657 475 2686 ΙιΙ,
499 2664 622 2694 xv1,¹10

14 2635 17 2715 ³

16 2750 21 2865 ξ

19 2873 23 2953 ι
56 2952 58 2956 ,

22 3000 26 3078 ³.

108 3086 127 3094 ο
