1924 3309
440 332 524 372 506
872 341 906 372 s.
941 342 1172 373 mensum
1205 343 1386 372 Emscom

438 407 623 453 Difficile
643 417 708 452 est
729 417 779 453 ut
806 423 897 454 non
915 409 969 453 sit
990 408 1205 468 superbus
1220 441 1232 463 ,
1263 408 1339 468 qui
1359 407 1480 453 dives
1502 416 1581 452 est.
1616 406 1736 452 Tolle
1756 422 1826 452 su·

438 480 658 538 perbiam‚
693 479 856 524 divitiae
890 495 979 523 non
1012 478 1251 523 nocebunt.
1280 477 1365 523 Sed
1397 477 1574 522 attende
1595 476 1704 537 quid
1724 475 1826 522 inde

437 549 579 594 facere
609 549 765 594 debeas
782 584 793 605 ,
819 565 873 593 ne
894 558 1018 593 vacet
1052 547 1170 607 apud
1197 557 1240 592 te
1268 547 1390 608 quod
1410 547 1590 607 largitus
1608 558 1671 592 est
1693 551 1822 592 Deus.

442 640 463 664 «
497 623 592 666 Non
614 621 800 680 superbe
819 635 969 679 sapere
989 639 998 664 :
1027 637 1047 661 »
1065 619 1189 663 Istud
1214 620 1366 663 vitium
1391 618 1510 663 tolle.
1527 622 1711 679 «Neque
1726 634 1826 679 spe-

440 710 460 734 »
496 707 589 736 rare
610 692 656 735 in
673 692 839 735 incerto
864 690 1115 735 divitiarum
1136 709 1145 735 :
1169 709 1189 732 »
1213 689 1336 734 Tolle
1360 698 1404 734 et
1425 691 1509 734 hoc
1531 690 1828 735 vitium.Cum

436 762 664 807 abstuleris
682 763 759 806 ista
777 796 788 817 ‚
814 776 964 806 exerce
984 777 1114 821 opera
1132 761 1262 805 bona.
1289 762 1429 814 Quae?
1449 759 1566 804 Audi
1592 778 1601 806 z
1623 779 1643 803 «
1667 761 1828 806 Divites

439 852 459 874 »
495 835 606 887 sint,
628 833 794 892 inquit,
817 833 864 877 in
882 833 1085 892 operibus
1103 832 1245 877 bonis.
1271 834 1369 878 Non
1398 840 1573 891 sperent
1594 831 1641 875 in
1661 832 1828 877 incerto

439 921 460 944 »
497 903 818 947 divitiarum¹.»
834 902 919 948 Sed
937 903 1012 946 ubi
1030 904 1237 962 sperent?
1264 922 1280 943 «
1304 906 1357 946 In
1375 906 1465 947 Deo
1484 902 1582 947 vivo
1596 936 1608 957 ‚
1628 902 1704 961 qui
1719 917 1829 961 prae-

439 991 459 1015 »
495 983 578 1017 stat
596 973 722 1018 nobis
739 974 886 1019 omnia
908 973 1185 1018 abundanter
1208 973 1264 1018 ad
1281 972 1535 1017 fruendum.
1564 991 1584 1014 »
1610 973 1831 1018 Mundum

436 1052 612 1103 praestat
633 1046 748 1088 Deus
771 1046 949 1103 pauperi
971 1079 982 1099 ,
1023 1053 1200 1103 praestat
1236 1053 1279 1088 et
1301 1044 1439 1088 diviti.
1467 1042 1691 1103 Numquid
1727 1043 1830 1103 quia

435 1113 554 1157 dives
576 1122 640 1157 est
659 1148 670 1168 ,
696 1113 806 1157 duos
827 1123 1000 1158 ventres
1025 1113 1283 1174 impleturus
1305 1116 1401 1158 est?
1423 1114 1648 1158 Attendite
1662 1147 1674 1167 ‚
1694 1122 1738 1157 et
1767 1114 1830 1158 vi-

437 1184 537 1228 dete
564 1185 773 1243 quoniam
796 1183 851 1228 de
886 1184 997 1228 datis
1025 1186 1099 1228 Dei
1128 1200 1340 1244 pauperes
1369 1184 1550 1229 saturati
1586 1183 1826 1229 dormiunt.

439 1255 523 1307 Qui
545 1255 679 1313 pascit
696 1270 794 1309 vos,
820 1255 956 1313 pascit
978 1265 1020 1299 et
1035 1254 1131 1299 illos
1154 1270 1230 1314 per
1252 1271 1342 1298 vos.

495 1326 548 1367 V.
573 1327 690 1383 Ergo
709 1339 798 1368 non
815 1333 985 1368 ametur
1008 1326 1193 1383 pecunia
1214 1344 1222 1368 2
1247 1324 1323 1367 sed
1345 1323 1379 1367 si
1395 1323 1488 1382 jam
1505 1322 1692 1366 habetur
1706 1357 1718 1377 ,
1749 1323 1828 1367 hoe

433 1394 536 1437 inde
564 1395 653 1437 fiat.
678 1395 837 1437 Divites
865 1402 1000 1438 estote
1016 1429 1027 1449 ,
1058 1395 1134 1453 qui
1156 1394 1275 1438 illam
1294 1394 1479 1438 habetis.
1513 1393 1599 1438 Sed
1618 1393 1695 1437 ubi
1716 1391 1830 1438 divi-

436 1465 531 1507 tes?
556 1482 575 1505 «
604 1467 654 1506 ln
677 1463 881 1521 operibus
899 1464 1040 1508 bonis.
1071 1464 1238 1518 Facile,
1264 1464 1409 1523 inquit
1424 1499 1434 1518 ,
1461 1463 1657 1507 tribuant
1675 1497 1686 1516 ‚
1706 1478 1830 1508 com-

439 1554 458 1576 »
498 1535 724 1578 municent
737 1538 769 1579 ².
799 1553 818 1575 »
844 1536 923 1579 Hic
939 1536 1031 1595 jam
1050 1536 1228 1581 avaritia
1243 1535 1461 1580 contrahit
1476 1534 1736 1595 se3quand0
1751 1551 1829 1579 au-

437 1605 501 1649 dit
528 1625 537 1650 :
558 1604 734 1649 «Facile
757 1606 967 1660 tribuant,
982 1607 1366 1651 communicent2»
1378 1605 1515 1650 veluti
1537 1611 1649 1666 aqua
1671 1604 1829 1665 frigida

438 1674 740 1735 perfunditur,
765 1676 952 1735 rigescit,
978 1677 1151 1735 stringit
1172 1677 1339 1731 sinum,
1358 1685 1401 1720 et
1418 1676 1522 1720 dicit
1545 1695 1554 1721 :
1573 1678 1671 1721 Non
1693 1676 1829 1735 perdo

436 1746 604 1790 labores
628 1761 760 1790 meos.
785 1745 957 1801 Infelix,
980 1746 1162 1805 perdere
1184 1762 1273 1790 non
1292 1746 1354 1791 vis
1376 1746 1546 1791 labores
1567 1748 1694 1791 tuos?
1716 1749 1828 1791 Ecce

436 1817 631 1861 morieris
648 1854 659 1873 ,
696 1827 740 1861 et
761 1818 836 1877 qui
858 1817 966 1861 nihil
988 1819 1074 1862 hue
1105 1817 1313 1873 attulisti,
1346 1817 1453 1861 nihil
1475 1818 1578 1862 hinc
1605 1827 1727 1875 potes
1751 1833 1829 1861 au-

436 1887 550 1931 ferre
571 1906 581 1931 2
614 1903 714 1931 cum
738 1887 846 1929 nihil
879 1887 1107 1929 abstuleris
1126 1920 1137 1939 ‚
1177 1900 1323 1929 nonne
1344 1884 1570 1944 perdidisti
1593 1901 1742 1930 omnes
1764 1887 1828 1930 la-

437 1957 562 2000 bores
586 1957 716 2000 tuos?
738 1955 852 1998 Audi
876 1969 979 2013 ergo
997 1954 1225 1998 consilium
1246 1955 1338 1998 Dei.
1362 1957 1458 2000 Non
1480 1955 1702 2010 terrearis,
1722 1956 1825 2016 quia

436 2026 544 2070 dixit
565 2045 573 2070 ε
599 2045 619 2068 «
648 2024 792 2069 Facile
818 2024 1043 2080 tribuant,
1068 2026 1408 2069 communicent.
1432 2043 1452 2066 »
1475 2026 1592 2070 Audi
1614 2026 1734 2086 quod
1756 2042 1824 2070 se-

436 2098 599 2157 quitur.
629 2099 817 2155 Expecta
835 2130 846 2151 ,
889 2094 979 2140 noli
1013 2104 1165 2142 contra
1203 2111 1272 2140 me
1300 2095 1502 2140 claudere
1528 2097 1713 2153 ostium,
1745 2113 1824 2142 nec

435 2167 601 2212 aditum
624 2167 766 2212 cordis
789 2167 852 2211 tui
873 2187 884 2224 3
915 2176 1107 2226 expecta.
1132 2167 1204 2211 Vis
1225 2182 1372 2222 nosse,
1393 2186 1412 2209 «
1429 2167 1574 2212 Facile
1610 2168 1822 2224 tribuant,

439 2256 458 2279 »
494 2238 842 2292 communicent,
874 2257 891 2278 »
921 2238 1023 2296 quia
1054 2252 1142 2281 non
1164 2236 1348 2296 perdes,
1391 2246 1433 2280 et
1456 2238 1540 2282 hoe
1561 2238 1702 2282 solum
1735 2254 1824 2283 non

435 2309 623 2368 perdes?
642 2328 659 2349 «
676 2308 1001 2362 Thesaurizent,
1017 2309 1175 2368 inquit,
1196 2308 1278 2352 sibi
1294 2307 1632 2353 fundamentum
1655 2309 1821 2353 bonum

439 2398 458 2421 »
493 2380 538 2422 in
560 2378 778 2434 futurum,
800 2388 849 2423 ut
870 2378 1201 2438 apprehendant
1218 2394 1364 2423 veram
1386 2379 1560 2423 vitam2.
1579 2400 1595 2421 »
1619 2382 1703 2423 Ista
1720 2394 1840 2438 ergo,

435 2465 534 2508 quae
557 2458 598 2493 te
620 2448 828 2504 delectat,
853 2449 960 2493 falsa
982 2449 1070 2493 vita
1091 2457 1156 2492 est
1178 2468 1186 2493 ε
1213 2450 1336 2508 quasi
1362 2449 1406 2492 in
1427 2449 1586 2493 somnis
1605 2450 1674 2493 hic
1695 2449 1815 2494 vivis.

438 2520 480 2563 Si
501 2519 623 2578 quasi
641 2519 686 2563 in
707 2521 868 2565 somnis
897 2519 968 2562 hic
1001 2518 1106 2563 vivis
1125 2553 1135 2574 ,
1161 2519 1439 2576 evigilaturus
1462 2535 1505 2563 es
1526 2519 1704 2579 quando
1727 2534 1818 2563 mo-

435 2588 552 2632 rieris
567 2623 577 2643 ,
603 2598 646 2632 et
671 2589 729 2632 sic
750 2587 859 2632 nihil
897 2589 1031 2632 habes
1054 2588 1249 2633 inveniro
1272 2589 1318 2632 in
1342 2589 1540 2634 manibus
1567 2590 1669 2634 tuis.
1695 2591 1816 2642 Quo-

486 2679 493 2694 ¹
512 2672 609 2704 Eecli.
635 2683 667 2713 v,
690 2673 743 2705 18.
763 2690 801 2695 -—
822 2672 938 2705 21bid.
963 2683 1012 2714 ¹9-
