1924 3309
494 267 516 303 3
524 264 577 302 70
915 257 957 300 ’5.
993 269 1222 301 Aucus'nm
1255 273 1434 301 EPlscom

489 344 606 399 Ergo
621 339 773 384 melius
796 353 890 383 arra
909 355 1039 399 quam
1063 341 1233 399 pignus.
1250 339 1497 400 Aliquando
1519 340 1633 383 enim
1653 340 1839 399 pretium
1854 373 1865 394 ,

490 412 612 457 verbi
634 411 784 470 gratia,
808 426 1024 471 praeparas
1036 411 1139 454 dare
1160 425 1238 469 pro
1252 425 1300 454 ea
1315 426 1361 454 re
1372 426 1503 471 quam
1527 419 1644 454 tenes
1664 409 1790 454 bonae
1812 411 1868 453 fi-

488 481 558 526 dei
578 489 804 526 contractu
819 516 830 534 ‚
851 481 905 526 de
921 482 1014 540 ipso
1027 481 1165 540 pretio
1183 481 1257 524 das
1269 481 1433 540 aliquid
1454 501 1464 538 3
1491 490 1533 525 et
1550 482 1631 525 erit
1646 496 1755 536 arra,
1780 496 1870 525 non

486 552 642 612 pignus
669 572 680 610 3
703 551 823 613 quod
847 552 901 596 sit
923 549 1232 610 complendum
1247 586 1258 606 ,
1299 566 1389 595 non
1420 551 1542 611 quod
1564 550 1865 596 auferendum.

487 626 584 668 Jam
618 638 720 681 ergo
740 623 947 680 intellige.
974 623 1016 667 Si
1037 622 1212 667 invenio
1239 622 1513 678 dilectorem,
1546 622 1680 667 habet
1701 638 1839 668 arram
1857 657 1868 678 ,

487 703 531 738 et
552 710 602 738 ex
624 709 717 738 arra
735 694 950 738 desiderat
972 693 1306 753 plenitudinem.
1342 696 1496 738 Arram
1518 693 1655 753 ipsam
1678 693 1872 738 conside·
1923 752 1924 755 Ἰ

488 773 552 809 ret
572 779 582 805 ε
609 765 691 808 hoc
709 764 825 808 enim
847 762 1154 822 complebitur,
1180 764 1299 808 unde
1313 779 1407 808 arra
1430 764 1532 807 data
1546 772 1623 807 est.
1643 766 1785 823 Ipsam
1797 778 1872 808 co·
1916 758 1924 766 '¹

487 835 595 892 gitet
612 869 622 889 ,
648 833 783 892 ipsam
801 831 918 892 apud
934 848 978 876 se
995 831 1221 889 discutiat,
1247 834 1384 893 ipsam
1414 833 1635 892 inspiciat,
1667 834 1803 892 ipsam
1817 832 1873 876 de

485 902 758 962 plenitudine
771 901 845 947 illa
862 918 993 962 quam
1007 918 1098 948 non
1109 903 1245 959 videt,
1269 903 1534 963 interroget:
1552 919 1607 947 ne
1628 903 1741 948 forte
1754 901 1874 947 aliud

482 973 527 1016 in
564 972 838 1032 plenitudine
867 972 1106 1028 desideret,
1139 989 1270 1034 quam
1303 983 1368 1018 est
1399 975 1444 1017 in
1476 989 1528 1018 eo
1549 973 1667 1034 quod
1689 973 1869 1032 accepit.
1923 1028 1924 1032 Ἰ

486 1046 616 1087 Forte
626 1046 739 1087 Deus
761 1058 917 1087 aurum
934 1043 1115 1087 daturus
1137 1052 1215 1100 est,
1239 1045 1333 1089 auri
1348 1044 1669 1104 plenitudinem
1686 1043 1876 1103 comple·
1923 1033 1924 1043 ³

488 1122 608 1157 turus
624 1146 635 1168 ,
661 1121 704 1156 et
725 1112 780 1157 de
802 1128 908 1157 auro
925 1128 1065 1157 arram
1087 1113 1224 1158 dedit.
1262 1114 1550 1159 Metuendum
1570 1123 1633 1158 est
1650 1129 1706 1158 ne
1725 1123 1775 1157 tu
1795 1127 1876 1172 pro

487 1199 592 1228 auro
618 1183 851 1242 plumbum
880 1183 1111 1228 desideres.
1152 1184 1306 1243 Aspice
1324 1200 1425 1243 ergo
1443 1200 1581 1229 arram
1604 1204 1613 1229 ε
1647 1186 1679 1228 si
1701 1184 1781 1228 tibi
1800 1198 1876 1243 po·

486 1264 611 1298 tuero
633 1254 813 1298 suadere
834 1262 884 1298 ut
901 1255 1104 1314 aspicias:
1125 1258 1239 1299 Deus
1259 1256 1445 1300 charitas
1459 1264 1537 1299 est.

542 1328 598 1370 X.
626 1324 734 1369 Inde
750 1325 963 1369 habemus
981 1325 1169 1385 aliquid,
1212 1325 1316 1370 inde
1334 1326 1493 1385 aspersi
1515 1340 1679 1380 sumus,
1706 1324 1809 1368 inde
1824 1325 1878 1367 ir·

485 1396 631 1441 rorati.
678 1397 812 1456 Cujus
833 1411 902 1440 ros
919 1396 1015 1440 talis
1044 1405 1132 1452 est,
1167 1397 1307 1457 qualis
1333 1396 1457 1442 fons?
1485 1401 1601 1442 Rore
1623 1397 1703 1441 isto
1729 1410 1876 1455 asper-

485 1482 571 1521 sus,
593 1466 669 1510 sed
683 1466 869 1524 flagrans
886 1466 933 1509 in
955 1465 1145 1522 sontem,
1167 1466 1237 1511 dic
1252 1471 1343 1512 Deo
1359 1476 1438 1512 tuo
1456 1487 1464 1512 ε
1486 1487 1506 1509 «
1527 1467 1746 1521 Quoniam
1759 1464 1879 1525 apud

486 1554 506 1577 »
533 1545 574 1580 te
596 1544 660 1579 est
682 1534 778 1580 fons
799 1537 924 1580 vitae1
951 1554 971 1577 »
991 1539 1043 1580 In
1060 1551 1156 1580 rore
1171 1537 1253 1581 isto
1270 1546 1424 1581 natum
1443 1546 1508 1581 est
1524 1536 1789 1581 desiderium
1805 1570 1816 1591 ,
1833 1536 1879 1579 in

490 1605 611 1650 fonte
636 1605 871 1649 satiaberis.
898 1605 967 1649 Ibi
988 1615 1051 1650 est
1072 1606 1194 1666 quod
1216 1607 1379 1651 sufficit
1400 1607 1539 1651 nobis.
1569 1626 1590 1649 «
1616 1605 1716 1651 Filii
1734 1614 1879 1650 autem

492 1696 512 1718 »
538 1677 768 1721 hominum
777 1677 823 1720 in
837 1677 1027 1735 tegmine
1042 1677 1211 1722 alarum
1231 1687 1407 1723 tuarum
1425 1678 1704 1737 sperabunt2.
1726 1695 1746 1718 »
1763 1675 1882 1730 Quid

492 1746 785 1791 desideramus
821 1762 901 1805 pro
922 1760 1080 1803 magno
1115 1761 1165 1790 ea
1201 1748 1279 1791 Dei
1301 1748 1529 1802 beneficia,
1555 1763 1656 1807 quae
1678 1748 1814 1792 donat
1839 1753 1883 1790 et

492 1817 669 1861 bestiis?
691 1817 906 1861 Beneficia
927 1815 1105 1876 quidem
1121 1817 1254 1876 ipsius
1268 1827 1391 1873 sunt,
1413 1818 1509 1877 quis
1529 1818 1777 1862 dubitatPA
1792 1831 1882 1877 quo

493 1888 606 1932 salus
627 1887 695 1932 vel
709 1888 888 1933 minima
902 1923 913 1943 ‚
936 1888 1018 1931 nisi
1039 1888 1095 1931 ab
1117 1886 1192 1931 illo
1214 1887 1269 1931 de
1296 1903 1385 1948 quo
1406 1888 1573 1932 dictum
1595 1896 1682 1944 est,
1707 1886 1883 1932 Domini

496 1967 560 2003 est
575 1958 689 2003 salus
700 1960 746 2000 3?
1890 1892 1898 2086 l

550 2031 630 2072 XI.
651 2028 736 2073 Sed
748 2028 806 2072 ait
826 2027 944 2071 idem
959 2027 1051 2087 ipse
1073 2027 1289 2072 Psalmus:
1311 2028 1519 2073 Homines
1537 2037 1580 2072 et
1588 2029 1787 2088 jumenta
1804 2027 1885 2072 sal-

494 2114 569 2144 vos
593 2099 739 2155 facies,
752 2098 950 2153 Domine,
967 2097 1079 2142 sicut
1097 2097 1384 2157 multiplicata
1400 2107 1464 2143 est
1475 2098 1768 2144 misericordia
1789 2108 1882 2154 tua,

501 2174 623 2215 Deus.
653 2173 758 2215 Tam
770 2169 1060 2229 multiplicem
1073 2169 1414 2215 misericordiam
1435 2170 1586 2226 habes,
1611 2180 1663 2215 ut
1685 2186 1775 2215 non
1789 2179 1865 2214 tan

502 2252 593 2286 tum
607 2242 663 2286 ad
680 2243 892 2298 homines,
912 2242 1196 2287 verumetiam
1211 2242 1267 2286 ad
1276 2243 1476 2302 jumenta
1489 2242 1728 2301 perveniat.
1751 2244 1861 2285 Tant

501 2312 706 2372 praevales
735 2311 1043 2367 misericordia,
1081 2321 1132 2355 ut
1161 2312 1292 2356 facias
1319 2312 1453 2357 solem
1478 2321 1604 2356 tuum
1627 2312 1729 2357 oriri
1758 2326 1864 2371 supe

503 2384 642 2428 bonos
659 2393 702 2428 et
718 2384 868 2440 malos,
892 2393 932 2429 et
955 2383 1078 2443 pluas
1094 2398 1223 2442 super
1239 2384 1378 2443 justos
1391 2391 1435 2427 et
1452 2382 1656 2443 injust0s⁴
1674 2380 1808 2428 ‚Nihil
1816 2396 1861 2425 -n

505 2454 723 2513 peculiare
748 2471 771 2499 a
798 2464 841 2499 te
872 2454 1009 2499 sancti
1040 2453 1128 2509 tui⁷
1173 2453 1283 2497 nihil
1317 2453 1542 2514 proprium
1573 2454 1670 2513 pius
1708 2451 1864 2512 accipit

508 2526 628 2584 quod
648 2525 806 2585 impius
833 2540 923 2570 non
950 2524 1161 2584 accipiat?
1183 2522 1316 2567 Plane
1338 2523 1493 2583 accipit
1519 2542 1528 2568 :
1556 2522 1657 2568 audi
1679 2522 1801 2583 quod
1821 2517 1882 2605 sse-ff

556 2618 562 2632 ¹
587 2611 663 2643 l‘sal.
684 2622 783 2652 xxxv,
805 2622 855 2644 ιο.
878 2628 918 2635 -
938 2618 949 2633 ²
969 2610 1051 2643 Ibid.
1071 2610 1105 2643 8.
1128 2626 1168 2632 --
1191 2607 1268 2641 ³1‹l.
1290 2620 1336 2651 ni,
1350 2620 1382 2650 9.
1405 2626 1445 2632 —
1460 2607 1475 2639 4
1491 2608 1609 2641 Matth.
1626 2619 1658 2650 v,
1678 2607 1732 2650 45.
1876 2608 1880 2636 l

1863 2087 1893 2515 ..R-&Q—
