1924 3309
447 263 528 302 364
882 272 914 301 S.
951 272 1179 301 Aucus-mm
1214 272 1390 300 Emscom

450 341 499 383 tis
516 360 524 384 :
539 339 596 383 sic
613 339 758 398 ignem
776 348 986 383 aeternum
1007 339 1193 382 minatus
1206 345 1270 381 est
1290 337 1447 396 impiis.
1467 337 1510 382 Si
1524 335 1646 397 quod
1667 338 1830 397 promi-

446 411 500 455 sit
520 408 718 454 nondum
733 425 946 464 amamus,
972 408 1122 452 saltem
1144 406 1265 467 quod
1289 407 1477 453 minatus
1498 417 1563 452 est
1582 409 1825 453 timeamus.

448 590 939 607 mmmwwm¹mwbm
943 588 1646 605 §AM'KWWUWUWUWUMMMWMMWWU
1650 589 1791 606 mm
1796 590 1830 606 Μ

899 715 1130 761 SERMO
1166 716 1321 761 XXIII
1333 716 1361 759 ¹.

449 884 509 926 De
533 885 587 925 24
623 896 747 925 versu
779 880 938 924 Psalmi
971 897 1092 924 Lxxn
1116 899 1124 924 z
1153 879 1372 924 Tenm'stz·
1398 892 1598 923 manum
1620 875 1834 922 dexterae

843 967 961 996 mese
986 969 996 995 :
1022 961 1064 996 et
1090 950 1144 995 de
1162 951 1325 996 visione
1347 951 1438 995 Dei.

512 1114 544 1153 I.
572 1113 698 1163 Quon
721 1111 989 1154 cantavimus
1012 1111 1221 1164 Domino,
1253 1109 1524 1169 propositum
1550 1108 1673 1152 nobis
1692 1108 1748 1152 ad
1772 1108 1838 1152 lo-

451 1179 676 1239 quendum
701 1179 928 1224 credamus
951 1199 959 1224 ¹.
980 1180 1081 1223 hinc
1100 1180 1221 1223 vobis
1240 1180 1315 1223 fiat
1336 1195 1476 1223 sermo
1499 1188 1660 1224 noster.
1686 1181 1743 1222 Et
1769 1180 1839 1222 cui

452 1249 637 1293 diximus
660 1268 669 1293 :
698 1269 717 1290 «
744 1250 935 1293 Tenuisti
962 1265 1138 1293 manum
1163 1249 1350 1293 dexterae
1383 1265 1491 1293 meae
1508 1285 1518 1303 ‚
1544 1259 1585 1293 et
1608 1249 1654 1292 in
1682 1248 1840 1293 volun-

455 1339 475 1361 »
512 1328 597 1363 tate
614 1328 687 1363 tua
709 1319 925 1363 deduxisti
948 1335 1033 1373 me,
1054 1328 1096 1362 et
1115 1335 1214 1363 cum
1234 1319 1370 1378 gloria
1394 1319 1654 1378 assumpsisti
1679 1321 1773 1363 me²
1793 1337 1836 1364 ς»

453 1391 542 1449 ipsc
580 1389 634 1433 ad
656 1389 926 1434 intellectum
959 1390 1183 1434 clariorem
1207 1399 1394 1434 assumat
1427 1390 1557 1434 corda
1597 1399 1770 1445 nostra,
1797 1399 1840 1434 et

454 1462 629 1519 adjuvet
653 1460 943 1505 misericordia
968 1470 1011 1504 et
1036 1461 1170 1519 gratia
1189 1476 1263 1504 sua
1285 1476 1354 1504 me
1376 1460 1627 1520 loquentem
1642 1497 1651 1514 ‚
1673 1476 1748 1505 vos
1763 1462 1840 1521 ju-

453 1530 661 1574 dicantes.
678 1533 939 1591 Quanquam
959 1540 1136 1590 proptcr
1153 1531 1511 1575 commoditatem
1532 1530 1842 1590 depromendae

455 1601 570 1644 vocis
594 1600 743 1645 altiore
766 1601 862 1645 loco
885 1611 995 1645 stare
1027 1602 1253 1645 videamur
1286 1622 1294 1646 2
1322 1611 1468 1645 tamen
1500 1603 1546 1644 in
1573 1602 1666 1660 ipso
1691 1601 1842 1645 altiore

456 1671 552 1715 loco
574 1686 649 1714 vos
667 1670 900 1730 judicatis,
929 1681 971 1715 et
1008 1687 1085 1715 nos
1103 1671 1367 1730 judicamur.
1396 1675 1600 1716 Doctores
1624 1671 1812 1716 dicimur
1828 1707 1839 1727 ‚

455 1742 531 1786 sed
560 1741 605 1784 in
627 1740 774 1785 multis
807 1742 1029 1784 doctorem
1052 1742 1287 1800 quaerimus
1310 1761 1318 1786 :
1339 1757 1419 1786 nec
1441 1741 1642 1786 volumus
1665 1758 1742 1786 nos
1763 1744 1842 1786 ha-

456 1811 545 1855 beri
576 1812 813 1868 magistros.
843 1811 1138 1855 Periculosum
1169 1821 1232 1855 est
1254 1812 1369 1855 enim
1402 1821 1444 1855 et
1461 1812 1733 1870 prohibitum
1757 1815 1844 1857 Do-

456 1883 576 1927 mino
614 1883 707 1941 ipso
740 1881 942 1925 dicente:
969 1902 988 1923 «
1016 1884 1079 1926 Ne
1116 1881 1254 1925 velitis
1276 1883 1361 1925 dici
1390 1882 1604 1940 magistri,
1645 1898 1758 1927 unus
1781 1893 1844 1928 est

460 1972 478 1994 »
514 1953 715 2010 magister
732 1962 872 1996 vester
893 1952 1089 1996 Christus
1104 1953 1135 1995 ³.
1165 1969 1184 1992 n
1208 1951 1499 1995 Periculosum
1519 1966 1623 2010 ergo
1644 1955 1845 2011 magiste-

457 2024 592 2078 rium,
617 2022 900 2082 discipulatus
923 2038 1098 2067 securus
1120 2035 1198 2067 cst.
1226 2022 1330 2066 Ideo
1362 2022 1556 2067 Psalmus
1583 2043 1593 2068 ι
1617 2043 1636 2066 «
1662 2025 1843 2068 Auditui

461 2115 479 2136 »
516 2109 613 2138 meo
632 2129 642 2148 ,
670 2095 837 2153 inquit,
863 2092 985 2137 dabis
1015 2093 1223 2151 gaudium
1261 2102 1305 2137 et
1332 2093 1687 2138 exultationem4.
1717 2114 1735 2137 »
1766 2097 1841 2139 Se-

458 2167 601 2210 curior
629 2174 693 2208 cst
720 2165 835 2208 enim
858 2164 977 2207 verbi
1001 2163 1189 2218 auditor,
1215 2157 1347 2223 quam
1366 2165 1484 2207 verbi
1509 2164 1715 2224 prolator.
1738 2164 1843 2210 Ideo

460 2237 531 2280 illo
553 2252 727 2280 securus
753 2245 835 2279 stat
851 2271 861 2290 ‚
888 2245 930 2280 et
953 2234 1073 2279 audit
1091 2250 1189 2278 eum
1206 2271 1217 2289 7
1241 2245 1284 2279 et
1306 2236 1463 2293 gaudio
1483 2237 1643 2295 gaudet
1667 2246 1844 2296 propter

458 2323 608 2351 vocem
629 2308 815 2365 sponsifi.

530 2381 585 2422 II.
622 2380 678 2422 Et
704 2379 804 2436 quia
836 2378 1024 2422 doctoris
1047 2376 1278 2437 Apostolus
1312 2388 1557 2437 susceperat
1590 2380 1843 2423 necessitate

528 2493 533 2506 ¹
557 2484 639 2516 Alias
661 2486 700 2515 ὼ·
716 2484 854 2517 Diversis
877 2493 949 2517 12¹2.
971 2502 1012 2507 —
1033 2492 1045 2506 2
1065 2484 1145 2517 Psal.
1165 2495 1263 2525 tun,
1288 2483 1341 2525 24.
1365 2502 1405 2507 —-
1432 2484 1444 2508 3
1468 2485 1588 2517 Matih.
1614 2496 1703 2527 xxiii,
1723 2496 1760 2517 io
1798 2502 1836 2509 -

461 2540 475 2569 5»
497 2540 559 2570 Ρ-ῑῑιΙ
596 2552 622 2574 1..
647 2552 694 2572 io.
714 2559 750 2562 —«
768 2539 782 2561 5
801 2544 889 2572 Joaxr
912 2552 955 2582 m,
978 2550 1032 2581 Ἣ),
