1924 3309
473 251 557 291 452
901 261 935 287 s.
970 257 1196 288 Auo-usum
1229 260 1410 288 EPlscorl

471 336 558 382 est,
583 325 793 385 quoniam
813 326 1019 385 praecepti
1047 324 1351 383 praevaricator
1385 324 1599 368 extiterat.
1633 320 1717 366 Sed
1749 320 1856 380 quid

470 397 576 442 dicit
596 395 715 456 apud
737 397 1027 456 Prophetam,
1052 394 1126 455 qui
1148 395 1303 454 gratias
1325 395 1411 452 agit
1433 393 1580 453 gratiae
1597 392 1675 437 Dei
1697 407 1770 448 per
1787 406 1857 434 re-

468 467 718 512 missionem
746 475 1027 526 peccatorum
1060 463 1356 509 reconcilianti
1393 479 1471 508 nos
1502 467 1619 519 Deo,
1651 471 1695 506 et
1729 476 1859 505 reno-

471 538 593 582 vanti
618 537 880 597 praeteritam
909 536 1205 582 vetustatem?
1240 553 1260 576 «
1283 534 1447 578 Eduxit
1467 549 1559 588 me,
1596 532 1741 594 inquit
1757 566 1768 587 ,
1806 531 1861 576 de

471 625 492 649 »
527 607 627 652 lacu
647 608 829 652 miseriae
846 642 858 662 ,
883 615 926 650 et
947 604 1002 649 de
1029 605 1125 650 luto
1145 604 1238 648 limi
1263 623 1273 650 ε
1305 613 1349 649 et
1373 603 1518 663 posuit
1540 618 1668 663 super
1694 611 1861 662 petram

467 695 489 720 »
522 677 654 738 pedes
677 693 794 722 meos
811 712 821 732 ‚
848 686 891 721 et
912 674 1068 720 direxit
1101 690 1267 734 gressus
1288 689 1406 718 meos
1429 693 1436 718 :
1463 683 1506 717 et
1532 673 1710 717 immisit
1741 673 1785 716 in
1817 687 1863 716 os

467 763 617 793 meum
634 748 853 793 canticum
872 762 1036 792 novum
1050 781 1061 801 ‚
1081 746 1297 803 hymnum
1315 748 1405 789 Deo
1423 753 1572 788 nostro
1586 745 1617 785 1.
1643 761 1663 785 »
1687 746 1782 788 Hoc
1801 751 1865 787 est

462 820 681 864 canticum
709 832 873 863 novum
890 851 901 871 ,
926 815 1050 877 quod
1068 815 1213 876 psallit
1249 815 1294 858 in
1327 814 1532 874 psalterio
1555 814 1707 858 decem
1730 814 1862 858 chor-

471 888 644 933 darum.
670 892 809 934 Nemo
829 887 945 932 enim
967 886 1119 931 laudat
1133 889 1296 940 Deum,
1321 884 1366 928 id
1389 893 1475 940 est,
1496 884 1600 928 dicit
1621 884 1838 941 hymnum
1852 917 1864 938 ,

464 960 545 1004 nisi
574 961 639 1005 ori
669 975 748 1004 suo
781 958 903 1003 factis
933 958 1178 1003 consentiat
1192 969 1210 1012 ,·
1242 959 1384 1001 Deum
1415 964 1458 998 et
1490 954 1738 1014 proximum
1769 953 1869 997 dili-

469 1031 627 1090 gendo.
666 1033 756 1076 Nec
788 1046 832 1075 se
865 1029 1132 1074 arbitrentur
1165 1027 1504 1086 rebaptizatores
1544 1025 1780 1070 Donatistae
1812 1023 1870 1068 ad

468 1117 637 1147 novum
663 1101 884 1145 canticum
902 1100 1119 1159 pertinere
1145 1113 1265 1143 :non
1282 1097 1400 1141 enim
1430 1105 1610 1141 cantant
1651 1094 1868 1140 canticum

471 1186 660 1226 novum,
687 1171 762 1230 qui
792 1170 847 1214 ab
880 1168 1073 1213 Ecclesia
1089 1203 1100 1222 ‚
1133 1183 1265 1227 quam
1300 1170 1413 1210 Deus
1438 1167 1482 1210 in
1504 1167 1624 1210 omni
1644 1175 1759 1210 terra
1781 1178 1871 1209 esse

470 1242 613 1286 voluit
633 1275 644 1295 ‚
667 1240 856 1299 superba
879 1238 1101 1297 impietate
1119 1237 1287 1296 praecisi
1309 1245 1426 1280 sunt.
1454 1236 1629 1280 Etenim
1659 1235 1742 1280 alio
1773 1235 1872 1280 loco

476 1312 596 1357 idem
614 1312 831 1371 Propheta
843 1309 973 1354 dicit:
1002 1328 1021 1350 «
1042 1311 1226 1353 Caritate
1246 1307 1434 1351 Domino
1451 1307 1670 1352 canticum
1687 1322 1870 1362 novum,

474 1401 494 1425 »
531 1391 702 1427 cantate
724 1380 910 1426 Domino
933 1379 1073 1424 omnis
1096 1387 1210 1422 terra
1228 1380 1260 1421 2.
1291 1395 1312 1419 ι)
1338 1378 1425 1430 Qui
1447 1393 1550 1436 ergo
1569 1387 1745 1422 cantare
1768 1391 1874 1421 cum

474 1453 595 1499 omni
616 1462 730 1498 terra
751 1467 842 1496 non
858 1449 975 1501 vult,
1001 1465 1025 1493 a
1045 1458 1190 1494 vetere
1208 1448 1387 1492 homine
1414 1464 1504 1492 non
1526 1448 1732 1493 recedens
1747 1483 1758 1502 ,
1778 1463 1869 1492 non

476 1533 625 1570 cantat
648 1523 870 1568 canticum
901 1536 1091 1575 novum,
1122 1536 1202 1564 nee
1234 1519 1379 1579 psallit
1406 1520 1451 1563 in
1483 1518 1686 1579 psalterio
1718 1519 1872 1564 decem

482 1595 747 1640 chordarum
775 1612 784 1639 :
809 1593 912 1653 quia
929 1592 1065 1637 hostis
1088 1600 1152 1635 est
1171 1591 1390 1635 eharitatis
1408 1627 1419 1648 ,
1445 1607 1545 1651 quae
1566 1591 1656 1635 sola
1671 1591 1795 1648 Legis
1813 1598 1877 1634 est

480 1665 712 1726 plenitudo
734 1700 745 1719 ‚
779 1679 913 1724 quam
946 1662 1096 1707 decem
1126 1662 1353 1721 praeeeptis
1380 1661 1436 1706 ad
1458 1662 1714 1707 charitatem
1735 1662 1813 1705 Dei
1835 1669 1878 1705 et

483 1737 666 1798 proximi
681 1734 1003 1795 pertinentibus
1020 1733 1205 1777 dicimus
1221 1733 1452 1778 contineri.

534 1848 544 1865 ¹
570 1843 648 1877 Psal.
667 1854 758 1886 xcm,
784 1843 816 1885 3:
836 1847 902 1875 etc.
923 1858 963 1865 -ε-
985 1842 1063 1874 2141.
1086 1851 1160 1882 xcix,
1185 1854 1211 1873 1.
