1867 3320
321 249 526 275 EPISTOLAE
559 246 613 274 An
645 246 831 275 GALATAS
867 247 1097 275 exrosrrio.
1351 241 1401 277 97

28 316 108 360 bus
134 314 350 359 miraculis
380 315 608 373 praesentia
630 314 767 358 sancti
807 314 989 373 Spiritus
1011 316 1267 372 apparebat,
1296 317 1407 361 sicut

29 387 72 430 in
94 386 275 430 Actibus
298 384 606 444 Apostolorum
622 384 782 443 legitur
799 387 829 428 ¹.
857 387 950 428 Hoc
972 394 1116 428 autem
1138 384 1302 429 factum
1319 398 1409 432 erat

28 455 143 516 apud
161 455 331 500 Galatas
354 465 588 515 antequam
616 455 685 498 isti
721 455 775 499 ad
813 470 884 499 eos
918 454 1226 514 pervertendos
1255 466 1298 499 et
1326 459 1409 501 cir-

30 525 338 572 cumcidendos
360 527 594 571 venissent.
621 529 704 570 Iste
735 541 838 585 ergo
865 541 1014 570 sensus
1051 534 1135 581 est,
1178 527 1221 571 Si
1253 528 1298 571 in
1330 527 1412 572 illis

30 597 233 657 operibus
250 597 375 656 Legis
396 605 505 640 esset
525 597 638 640 salus
659 606 798 641 vestra
811 631 822 651 ‚
844 612 933 641 non
949 597 1070 641 vobis
1090 597 1272 656 Spiritus
1292 614 1415 643 sanc-

32 678 99 713 tus
122 668 202 711 nisi
233 667 494 712 circumcisis
527 667 719 712 daretur.
746 667 912 713 Deinde
948 667 1124 723 intulit,
1150 688 1170 710 «
1194 670 1261 713 Sic
1294 669 1414 714 stulti

33 756 54 780 »
90 737 211 792 estis,
236 746 287 780 ut
308 752 409 781 cum
431 738 583 796 spiritu
603 738 843 797 coeperitis,
862 754 980 782 nunc
997 754 1126 782 carne
1140 754 1416 783 consumme-

34 826 54 850 »
89 807 255 865 mini²3
283 826 302 849 ι)
330 809 423 852 Hoc
452 808 657 868 estquod
685 808 882 868 superius
919 810 963 852 in
999 809 1176 853 exordio
1212 809 1377 855 dixerat
1405 831 1414 855 2

37 898 57 920 «
89 878 180 924 Nisi
201 878 333 938 aliqui
355 887 458 922 sunt
481 880 793 923 conturbantes
816 894 889 923 vos
906 914 916 934 ‚
945 889 987 923 et
1017 879 1209 924 volentes
1235 897 1417 926 conver-

37 966 56 990 »
92 958 181 992 tere
207 949 495 1007 Evangelium
527 949 731 993 Christis&
767 967 786 990 »
813 950 1103 994 Conturbatio
1127 951 1241 994 enim
1276 953 1420 996 ordini

35 1018 248 1063 contraria
279 1027 343 1062 est
368 1037 377 1062 :
405 1017 512 1062 ordo
544 1027 607 1062 est
638 1028 785 1063 autem
804 1035 827 1063 a
849 1018 1095 1063 carnalibus
1132 1020 1190 1064 ad
1214 1022 1421 1080 spiritalia

35 1103 208 1147 surgere
221 1123 232 1143 ‚
256 1103 346 1132 non
368 1088 422 1131 ab
439 1088 704 1147 spiritalibus
724 1089 778 1132 ad
795 1089 984 1133 carnalia
999 1091 1174 1146 cadere,
1200 1091 1310 1136 sicut
1331 1093 1422 1137 istis

37 1158 262 1204 acciderat.
288 1161 345 1202 Et
366 1159 460 1203 haee
479 1167 544 1203 est
556 1160 781 1217 Evangelii
802 1161 1026 1205 conversio
1047 1170 1257 1207 retrorsus
1276 1183 1284 1208 :
1302 1163 1422 1224 quod

36 1230 138 1290 quia
158 1230 325 1274 bonum
347 1245 437 1274 non
455 1239 539 1286 est,
565 1246 655 1275 non
680 1240 743 1275 est
760 1232 1048 1291 Evangelium
1071 1267 1082 1288 ,
1108 1249 1208 1278 eum
1237 1235 1322 1279 hoc
1344 1251 1423 1280 an-

36 1301 278 1345 nuntiatur.
315 1299 441 1353 Quod
476 1309 623 1344 autem
657 1300 790 1356 dicit,
822 1321 842 1343 «
887 1303 1024 1346 Tanta
1053 1304 1164 1361 passi
1193 1304 1317 1348 estis⁴
1357 1325 1364 1349 :
1400 1325 1420 1347 »

36 1372 173 1415 multa
193 1372 284 1431 jam
305 1386 385 1430 pro
411 1369 498 1414 fide
532 1370 849 1427 toleraverant,
887 1388 976 1417 non
1007 1373 1162 1418 timore
1178 1410 1188 1429 ‚
1214 1384 1424 1435 tanquam

38 1442 118 1487 sub
142 1445 253 1499 Lege
275 1441 424 1500 positi,
449 1442 524 1485 sed
553 1442 688 1499 magis
710 1443 754 1485 in
787 1442 888 1501 ipsis
911 1444 1184 1502 passionibus
1216 1447 1426 1491 charitate

38 1513 237 1557 timorem
267 1512 475 1557 vicerant.
513 1512 730 1565 Quoniam
764 1513 948 1557 charitas
982 1515 1060 1557 Dei
1094 1513 1252 1560 diffusa
1285 1527 1347 1561 est
1381 1518 1426 1560 in

38 1583 240 1628 cordibus
266 1598 415 1626 eorum
455 1598 533 1641 per
573 1582 781 1642 Spiritum
816 1593 1040 1639 sanctum,
1082 1601 1213 1644 quem
1245 1603 1426 1647 accepe-

39 1656 182 1698 runt⁵.
212 1672 232 1695 «
256 1653 355 1697 Sine
375 1667 503 1696 causa
519 1687 530 1706 ,
549 1667 653 1710 ergo
671 1686 681 1706 ‚
704 1653 874 1712 inquit,
892 1663 1009 1697 tanta
1030 1655 1138 1712 passi
1155 1656 1276 1711 estis,
1304 1675 1323 1697 »
1350 1659 1426 1718 qui

39 1739 87 1768 ex
109 1725 342 1778 charitate,
368 1738 467 1783 quae
500 1723 546 1765 in
586 1721 710 1765 Vobis
736 1731 856 1766 tanta
888 1724 1120 1778 sustinuit,
1148 1726 1202 1768 ad
1224 1726 1425 1771 timorem

40 1794 174 1839 relabi
191 1794 337 1838 vultis.
360 1812 379 1835 «
399 1793 441 1838 Si
461 1803 606 1836 tamen
623 1793 713 1836 sine
728 1808 855 1837 causa
872 1811 891 1833 »
914 1803 1034 1838 tanta
1054 1795 1162 1852 passi
1178 1797 1426 1850 estis.Quod

41 1864 156 1908 enim
178 1864 268 1908 sine
300 1878 428 1907 causa
451 1861 615 1906 factum
637 1862 819 1918 dicitur,
854 1864 1126 1922 superfluum
1163 1876 1249 1922 est3
1275 1881 1426 1926 super-

42 1936 180 1980 fluum
204 1944 347 1978 autem
367 1949 447 1977 nec
463 1934 662 1992 prodest,
685 1935 764 1978 nec
789 1943 917 1977 nocet
935 1954 943 1977 :
961 1934 1044 1978 hoc
1061 1950 1163 1979 vero
1185 1936 1423 1982 videndum

42 2015 126 2059 est,
152 2020 206 2048 ne
228 2005 282 2048 ad
304 2003 536 2062 perniciem
564 2003 719 2047 valeat.
751 2005 848 2047 Non
875 2003 987 2046 enim
1014 2004 1094 2048 hoc
1119 2014 1181 2048 est
1216 2022 1302 2050 non
1327 2024 1424 2052 sur—

44 2091 140 2136 gere
155 2112 166 2130 ,
187 2073 307 2135 quod
325 2084 388 2118 est
409 2074 562 2118 eadere
588 2090 596 2114 τ
622 2074 820 2134 quamvis
837 2074 905 2118 isti
923 2073 1118 2118 nondum
1143 2077 1422 2133 cecidissent,

44 2146 118 2192 sed
135 2147 222 2206 jam
245 2143 558 2188 inclinarentur
579 2153 629 2188 ut
656 2143 876 2188 caderent.
903 2146 1010 2189 Nam
1039 2146 1190 2205 utique
1216 2148 1359 2193 adhuc
1383 2150 1427 2193 in

46 2217 103 2262 eis
127 2216 309 2275 Spiritus
332 2222 504 2258 sanetus
526 2214 788 2272 operabatur
803 2249 813 2267 ‚
834 2213 944 2257 sicut
965 2226 1281 2274 consequenter
1303 2218 1424 2273 dicit,

0 2311 1 2322 ι
49 2306 68 2329 «
103 2286 185 2339 Qui
221 2300 323 2343 ergo
347 2283 500 2328 tribuit
531 2284 653 2327 vobis
679 2282 909 2342 Spiritum,
935 2294 976 2326 et
1020 2285 1199 2329 virtutes
1221 2299 1427 2346 operatur

50 2374 70 2398 »
103 2356 149 2400 in
169 2355 314 2410 vobis,
360 2370 410 2398 ex
443 2354 646 2413 operibus
668 2355 820 2411 Legis,
859 2370 911 2397 an
950 2370 999 2397 ex
1038 2355 1190 2400 auditu
1223 2358 1384 2404 tidvi⁶1>
1407 2380 1425 2402 »ι

50 2427 378 2488 Respondetur,
404 2426 556 2486 utique
579 2442 630 2469 ex
649 2424 802 2470 auditu
825 2425 948 2479 sulci,
974 2425 1084 2470 sicut
1100 2428 1295 2487 superius
1315 2440 1428 2476 trac-

0 2559 1 2574 *
115 2532 122 2548 ¹
156 2528 228 2557 Act.
258 2534 290 2556 ιι.
311 2539 352 2545 -
385 2530 396 2545 ²
424 2522 525 2555 Galat.
554 2534 603 2564 ιιι,
637 2524 666 2554 3.
697 2538 725 2545 --
752 2520 765 2545 3
790 2522 836 2554 ld.
861 2532 882 2562 ι,
903 2532 932 2562 7-
954 2538 993 2543 ·-
1012 2520 1026 2551 4
1047 2522 1092 2555 ld.
1111 2534 1159 2565 m,
1191 2525 1223 2565 s..
1244 2542 1284 2548 -—-
1305 2526 1318 2550 ὅ
1339 2530 1428 2560 Rom.

0 2587 2 2616 ’ς
54 2589 92 2621 v,
116 2580 145 2612 5.
167 2577 237 2602 -6
260 2578 364 2611 catut.
380 2588 424 2618 m,
447 2578 477 2610 5.

186 2643 332 2673 cxxiv.
1273 2637 1292 2671 7
