1924 3309
490 261 571 298 368
870 268 904 297 S·
952 267 1182 298 Auous'nm
1215 270 1395 298 EPJSCOPI

487 333 601 378 derit
620 336 760 379 Deum
775 368 786 389 ,
822 334 1057 379 habentem
1082 334 1208 378 certis
1243 333 1434 392 corporis
1456 332 1522 377 sui
1542 333 1648 377 locis
1675 333 1870 378 membra

486 404 689 464 disposita
701 440 712 461 ,
731 406 1108 464 circumscriptum
1130 404 1269 463 figura
1284 438 1294 458 ,
1320 404 1603 449 terminatum
1620 403 1759 449 forma
1777 439 1789 460 ,
1809 404 1870 449 lo-

485 476 637 520 caliter
657 486 929 532 manentem,
956 475 1152 521 localiter
1175 490 1218 519 se
1241 485 1514 531 moventem,
1535 478 1659 537 juxta
1682 476 1726 520 id
1750 475 1871 536 quod

485 547 644 592 dicitur
666 568 674 594 :
704 568 722 590 «
744 551 843 602 Quo
875 549 949 592 ibo
983 563 1005 590 a
1035 547 1190 606 spiritu
1211 555 1311 602 tuo,
1346 556 1389 591 et
1410 563 1498 606 quo
1527 563 1549 591 a
1572 547 1680 591 facie
1703 556 1776 591 tua
1795 545 1871 590 fu-

486 635 507 660 »
544 619 692 678 giam?
716 620 758 665 Si
780 619 1014 663 ascendero
1044 618 1088 661 in
1119 618 1280 661 coelum
1300 653 1310 672 ,
1336 627 1386 662 tu
1406 617 1495 661 illic
1526 633 1597 675 es,
1627 618 1662 661 si
1688 616 1870 662 descen·
1922 610 1924 664 l

485 706 507 730 >›
542 688 647 734 dero
678 691 721 733 in
744 689 966 732 infernum
982 723 992 742 ,
1020 687 1160 731 ades1.
1192 707 1211 728 »
1241 688 1284 733 Si
1305 688 1350 731 in
1372 687 1486 732 coelo
1508 688 1621 747 ipse,
1642 689 1676 732 si
1695 689 1740 731 in
1758 697 1870 732 terra
1921 668 1924 741 Ι

483 760 599 819 ipse,
626 761 656 804 si
683 761 728 804 in
745 759 919 803 inferno
946 758 1095 814 adest,
1120 759 1227 818 quid
1251 756 1355 803 facit
1381 759 1513 803 modo
1535 758 1608 802 ille
1635 758 1872 817 parvulus?

485 831 528 875 Si
551 830 692 885 audit,
731 838 899 889 quaerat
921 845 1021 873 cum
1048 831 1315 874 Samaritana
1340 839 1510 873 montes
1534 839 1576 872 et
1597 829 1758 887 templa
1782 845 1871 889 quo
1923 888 1924 892 Ἰ

481 900 577 944 vult
597 902 658 944 ire
681 900 735 944 ad
759 904 920 955 Deum,
945 899 1000 944 ad
1018 899 1280 955 Jerusalem,
1307 900 1360 944 ad
1384 908 1577 944 montem
1603 900 1803 944 Samariae
1816 905 1831 924 '³
1859 919 1866 942 2
1922 909 1924 918 ⁴

483 986 574 1015 non
603 970 657 1014 ad
679 970 893 1029 templum
924 969 1118 1024 visibile,
1155 985 1243 1013 non
1266 969 1467 1024 festinet,
1492 985 1581 1014 non
1605 979 1772 1030 quaerat
1795 968 1872 1012 ali-

482 1041 602 1100 quod
623 1041 835 1100 templum
857 1055 946 1100 quo
969 1040 1114 1083 veniat
1132 1039 1186 1083 ad
1205 1043 1357 1083 Deum.
1387 1044 1484 1098 Ipse
1506 1041 1559 1084 sit
1576 1039 1805 1099 templum,
1829 1049 1872 1082 ct

484 1110 538 1154 ad
562 1110 686 1154 illum
711 1112 853 1154 veniet
886 1114 1014 1154 Deus.
1041 1112 1138 1154 Non
1161 1110 1424 1163 contemnit,
1454 1126 1544 1154 non
1571 1110 1757 1168 refugit,
1782 1124 1870 1152 non

482 1179 746 1238 dedignatur
768 1199 776 1224 z
801 1181 890 1223 imo
922 1181 1141 1237 dignatur.
1170 1180 1318 1223 Sinon
1337 1179 1623 1238 dedignatur,
1649 1180 1750 1223 audi
1771 1180 1870 1238 pol-

482 1250 687 1294 licentem
709 1270 718 1294 :
745 1250 847 1294 audi
868 1251 1042 1293 interim
1061 1250 1356 1308 promittendo
1379 1250 1655 1308 dignantem,
1674 1265 1763 1294 non
1786 1249 1870 1294 mi-

480 1320 628 1365 nando
646 1320 974 1380 dedignantem.
1001 1339 1019 1360 «ν
1043 1321 1277 1364 Veniemus
1297 1355 1306 1375 ,
1334 1320 1499 1380 inquit,
1525 1320 1580 1364 ad
1603 1336 1701 1364 eum
1724 1336 1805 1379 ego
1828 1330 1872 1365 et

484 1409 505 1433 »
537 1392 708 1435 Pater3.
742 1409 761 1432 υ
787 1389 857 1434 Ad
879 1405 979 1434 eum
1000 1405 1132 1449 quem
1156 1406 1284 1448 supra
1307 1389 1415 1433 dixit
1435 1390 1688 1434 dilectorem
1711 1406 1837 1434 suum
1854 1425 1865 1445 ,

482 1461 752 1505 obeditorem
774 1469 1092 1519 praeceptorum
1110 1475 1305 1514 suorum,
1322 1459 1548 1504 custodem
1570 1461 1760 1505 mandati
1784 1462 1866 1516 sui,

482 1541 720 1576 amatorem
743 1530 842 1585 Dei,
875 1539 1112 1574 amatorem
1145 1531 1328 1588 proximi
1361 1531 1443 1574 sui.
1474 1550 1492 1572 «
1519 1531 1774 1586 Veniemus,
1800 1531 1870 1575 in-

483 1621 504 1644 »
539 1603 661 1663 quit,
685 1602 741 1645 ad
762 1616 863 1645 eum
881 1636 892 1655 ,
911 1610 954 1644 et
970 1601 1238 1645 mansionem
1261 1600 1378 1660 apud
1401 1616 1501 1644 eum
1520 1600 1741 1645 faciemus.
1771 1620 1791 1642 »

540 1675 640 1716 Vll.
664 1674 763 1717 Non
784 1681 848 1715 est
870 1680 1104 1729 angustum
1127 1686 1201 1715 cor
1229 1670 1389 1725 fidelis,
1420 1671 1492 1714 cui
1530 1669 1871 1730 angustum‘suit

480 1743 695 1802 templum
731 1741 986 1787 Salomonis.
1025 1743 1133 1786 Nam
1163 1749 1206 1784 et
1247 1741 1336 1797 ipse
1360 1756 1459 1784 cum
1497 1740 1730 1785 fabricaret
1751 1743 1833 1786 hoc
1855 1776 1865 1796 ,
1893 1735 1897 1804 j

481 1813 591 1857 dixit
613 1831 623 1856 ε
645 1831 665 1854 «
692 1812 733 1856 Si
754 1810 918 1854 coelum
935 1809 1037 1854 coeli
1060 1825 1149 1853 non
1166 1809 1327 1853 suflicit
1346 1809 1424 1853 tibi
1440 1810 1471 1852 ⁴.
1500 1827 1520 1850 »
1543 1813 1599 1853 Et
1624 1819 1740 1854 certe
1758 1820 1869 1854 tem-

480 1882 604 1943 plum
644 1882 720 1926 Dei
742 1889 940 1925 sanctum
978 1888 1062 1933 est,
1101 1878 1222 1937 quod
1245 1881 1344 1922 estis
1376 1893 1466 1922 vos.
1496 1898 1515 1919 «
1542 1882 1629 1923 Nos
1652 1879 1788 1935 enim,
1810 1881 1893 1934 ait1

481 1972 502 1996 »
539 1953 623 1997 alio
655 1952 779 2006 loco,
820 1948 1035 2008 templum
1069 1949 1146 1993 Dei
1168 1949 1254 1993 vivi
1287 1950 1482 1992 sumus⁵.
1511 1951 1610 1993 »Et
1643 1950 1727 1995 hoc
1749 1945 1892 2007 undef

477 2023 659 2084 probas,
681 2031 890 2081 tanquam
919 2019 957 2063 ei
985 2018 1231 2063 diceretur?
1266 2038 1285 2060 «
1313 2019 1433 2064 Sicut
1455 2020 1665 2078 scripturn
1687 2030 1776 2075 est,
1799 2011 1889 2083 in-‚f

481 2111 504 2137 »
539 2093 636 2153 quit
653 2127 663 2147 ,
685 2090 904 2136 Habitabo
934 2089 979 2132 in
1002 2088 1061 2132 eis
1077 2089 1108 2131 ⁶.
1138 2106 1158 2129 »
1183 2088 1225 2133 Si
1245 2088 1322 2131 tibi
1344 2087 1498 2148 aliquis
1517 2104 1699 2148 magnus
1716 2090 1887 2149 patro-l

479 2180 562 2211 nus
585 2163 748 2208 diceret
776 2180 785 2206 ;
811 2159 1031 2205 Habitabo
1061 2157 1179 2218 apud
1201 2168 1267 2213 te,
1294 2159 1401 2219 quid
1439 2158 1632 2204 laceres?
1660 2162 1772 2205 Cum
1796 2176 1866 2205 an-

482 2244 607 2294 gusta
650 2234 806 2278 domus
846 2240 954 2276 esset
977 2265 987 2284 ,
1028 2229 1181 2289 procul
1216 2229 1352 2274 dubio
1388 2230 1622 2274 turbareris
1638 2265 1648 2285 ,
1687 2231 1866 2276 omnino

480 2307 697 2350 terrereris
712 2341 724 2361 ,
743 2313 914 2364 optares
934 2318 988 2346 ne
1011 2302 1147 2345 fieret.
1169 2300 1314 2345 Nolles
1336 2301 1451 2344 enim
1475 2316 1564 2346 esse
1587 2302 1631 2346 in
1661 2303 1881 2368 angustiis!

480 2377 691 2435 recipiens
711 2388 936 2432 magnum,
963 2373 1084 2431 cujus
1106 2370 1313 2414 adventui
1329 2370 1486 2415 domus
1506 2381 1578 2416 tua
1601 2370 1880 2434 paupercula}
1920 2385 1924 2411 1

480 2463 571 2492 non
593 2447 824 2491 sufficeret.
852 2442 948 2487 Noli
971 2442 1121 2486 timere
1147 2440 1383 2485 adventum
1403 2442 1478 2486 Dei
1498 2442 1586 2497 tui,
1609 2442 1698 2486 noli
1713 2438 1878 2486 timere!
1918 2454 1924 2483 ι

547 2551 555 2566 ¹
576 2544 654 2575 Psal.
676 2553 826 2583 cxxxviii,
848 2552 880 2583 7,
912 2544 977 2572 etc.
994 2555 1035 2561 --
1059 2545 1071 2560 ²
1090 2540 1181 2570 Joan.
1202 2548 1247 2578 iv,
1271 2546 1321 2569 20.
1352 2555 1392 2561 --
1414 2537 1427 2561 3
1446 2540 1492 2571 Id.
1513 2549 1580 2581 xlv,
1597 2539 1652 2571 23.
1669 2556 1710 2562 —
1731 2539 1875 2605 421)ειι”Ἰ
1916 2521 1924 2554 'l

482 2602 663 2643 v=,18.-
682 2598 696 2622 5
718 2610 730 2631 1
754 2601 824 2631 Cor.
843 2608 886 2637 ni,
913 2607 960 2637 ¹7·
983 2612 1024 2618 --
1042 2593 1057 2617 ⁶
1077 2602 1096 2626 2
1114 2594 1321 2635 Cor.v¹,16.
1870 2608 1881 2649 ’.ί
