1924 3309
371 255 452 296 124
800 269 833 297 s.
870 266 1099 298 Aucus‘nm
1130 270 1311 300 EPISCOPI

370 343 519 379 testate
544 335 802 380 consistunt.
827 335 909 380 Cui
939 337 1141 395 potestati
1167 337 1243 396 qui
1270 336 1468 381 fraudem
1494 349 1582 380 non
1615 334 1747 391 facit,

367 405 439 451 ille
455 406 660 451 castitatis
680 406 917 467 conjugalis
934 408 1034 468 jura
1054 406 1259 452 custodit.
1276 409 1484 453 Senectus
1506 416 1652 452 autem
1669 422 1750 467 pa-

365 486 540 521 rentum
558 480 676 522 Isaac
693 476 749 522 ad
770 493 864 522 eam
886 478 1246 536 significationem
1267 478 1397 534 valet,
1415 479 1623 539 quoniam
1640 479 1751 525 Novi

368 550 627 594 Testamenti
646 549 832 610 populus
855 551 1050 610 quamvis
1073 550 1127 594 sit
1150 566 1310 605 novus,
1335 551 1662 609 praedestinatio
1684 560 1750 595 ta-

364 635 465 665 men
486 621 578 680 ejus
599 620 716 680 apud
740 624 876 665 Deum
893 655 903 675 ‚
923 629 966 664 et
983 620 1075 679 ipsa
1097 620 1337 665 Jerusalem
1361 620 1549 665 coelestis
1572 621 1751 681 antiqua

365 700 443 736 est.
470 690 595 735 Unde
615 700 658 735 et
675 694 863 735 Joannes
880 689 935 735 ad
958 691 1139 736 Parthos
1162 690 1292 736 dicit:
1319 709 1339 732 «
1365 690 1514 736 Scribo
1536 691 1657 736 vobis
1678 707 1752 751 pa-

368 780 387 802 »
424 771 534 817 tres,
560 762 766 822 quoniam
789 762 1048 821 cognovistis
1067 762 1188 823 quod
1211 770 1303 807 erat
1325 761 1378 806 ab
1400 762 1522 807 initio
1539 764 1569 805 ¹.
1599 780 1619 804 »
1644 764 1751 808 Car-

364 832 481 876 nales
504 841 650 876 autem
689 832 765 891 qui
797 841 897 876 sunt
927 833 971 876 in
994 832 1210 887 Ecclesia,
1236 848 1287 876 ex
1309 832 1470 892 quibus
1492 833 1675 877 haereses
1709 842 1752 878 et

363 902 591 946 schismata
624 902 761 957 fiunt,
799 918 851 946 ex
880 902 1118 961 Evangelio
1149 902 1327 963 quidem
1358 902 1629 948 occasionem
1651 919 1751 948 nas-

362 972 490 1018 cendi
518 982 809 1033 acceperunt3
833 972 909 1017 sed
932 973 1113 1017 carnalis
1140 988 1258 1018 error
1279 989 1367 1033 quo
1399 974 1599 1033 concepti
1619 982 1720 1018 sunt
1734 1009 1748 1029 ,

362 1053 405 1089 et
426 1060 557 1105 quem
574 1060 720 1090 secum
739 1045 934 1100 trahunt,
956 1061 1045 1090 non
1069 1045 1255 1089 refertur
1277 1044 1333 1089 ad
1355 1046 1660 1106 antiquitatem
1678 1060 1752 1090 ve-

363 1115 498 1159 ritatis
525 1135 535 1161 ι
560 1124 603 1160 et
625 1116 722 1160 ideo
745 1116 800 1159 de
825 1125 961 1159 matre
990 1114 1311 1160 adolescentula
1327 1150 1337 1170 ,
1359 1124 1403 1160 et
1423 1115 1477 1159 de
1499 1125 1621 1175 patre
1650 1130 1752 1161 sene

362 1187 451 1230 sine
472 1188 802 1247 repromissione
824 1188 914 1231 nati
936 1196 1050 1231 sunt.
1074 1188 1185 1241 Quia
1202 1196 1245 1231 et
1263 1187 1473 1231 Dominus
1496 1186 1669 1231 nonnisi
1692 1187 1749 1231 ob

362 1257 666 1317 antiquitatem
684 1258 874 1303 veritatis
890 1259 934 1302 in
946 1258 1207 1318 Apocalypsi
1224 1257 1325 1302 albo
1340 1258 1481 1317 capite
1500 1257 1700 1318 apparuit
1713 1260 1746 1301 ².

361 1329 459 1374 Nati
475 1337 576 1373 sunt
593 1344 696 1388 ergo
714 1328 819 1373 tales
851 1344 900 1372 ex
926 1329 1149 1374 occasione
1171 1329 1363 1388 antiquae
1380 1329 1571 1373 veritatis
1592 1328 1638 1372 in
1662 1344 1744 1372 no-

361 1399 465 1444 vitio
482 1398 795 1459 temporalique
813 1400 1055 1444 mendacio.
1079 1400 1188 1444 Dicit
1209 1415 1310 1457 ergo
1327 1415 1405 1444 nos
1429 1398 1662 1459 Apostolus
1685 1414 1750 1443 se·

361 1469 556 1514 cundum
591 1472 707 1514 Isaac
731 1469 1022 1529 promissionis
1044 1468 1154 1514 filios
1177 1485 1266 1514 esse
1293 1490 1301 1515 :
1327 1479 1370 1514 et
1391 1470 1449 1514 sic
1482 1470 1748 1529 persecutio-

361 1555 461 1584 nem
499 1555 671 1600 passum
702 1543 819 1584 Isaac
855 1540 911 1584 ab
947 1539 1126 1584 Ismaele
1142 1575 1153 1595 ,
1189 1539 1564 1600 quemadmodum
1599 1541 1644 1584 hi
1672 1540 1748 1600 qui

362 1610 608 1669 spiritaliter
624 1611 769 1655 vivere
791 1619 1014 1669 coeperant
1031 1645 1042 1665 ‚
1075 1625 1097 1654 a
1117 1610 1362 1654 carnalibus
1384 1611 1527 1654 Judaei
1550 1625 1751 1669 persecu-

366 1681 526 1725 tionem
543 1681 823 1741 patiebantur
838 1701 849 1738 3
865 1679 1025 1724 frustra
1042 1689 1204 1736 tamen,
1221 1696 1321 1724 cum
1341 1680 1582 1724 secundum
1604 1682 1750 1740 Scrip-

366 1761 505 1795 turam
524 1752 721 1811 ejiciatur
744 1750 897 1795 ancilla
921 1759 964 1794 et
981 1749 1093 1794 filius
1116 1753 1224 1811 ejus,
1247 1766 1326 1795 nec
1348 1751 1484 1794 haeres
1502 1765 1591 1794 esse
1619 1752 1751 1810 possit

364 1837 464 1866 cum
487 1821 576 1866 filio
600 1820 748 1865 liberae
765 1823 795 1864 3.
823 1840 842 1862 «
868 1823 953 1866 Nos
981 1829 1124 1864 autem
1144 1856 1154 1874 ,
1176 1821 1320 1880 inquit
1335 1856 1346 1875 ,
1370 1820 1536 1875 fratres,
1563 1836 1652 1865 non
1673 1837 1748 1865 su-

367 1913 386 1935 »
423 1909 517 1938 mus
540 1892 706 1938 ancillae
730 1892 833 1946 filii,
859 1893 934 1936 sed
956 1891 1105 1935 liberae
1122 1894 1152 1935 4.
1175 1911 1194 1933 »
1222 1895 1284 1936 Ea
1303 1893 1417 1936 enim
1437 1891 1611 1937 libertas
1633 1908 1750 1937 nunc

366 1965 547 2008 maxime
571 1962 831 2023 opponenda
861 1971 924 2006 est
962 1962 1178 2006 servitutis
1202 1963 1308 2022 jugo
1326 1998 1336 2017 ‚
1363 1978 1451 2023 quo
1480 1964 1522 2006 in
1548 1963 1750 2022 operibus

369 2036 491 2094 Legis
516 2036 793 2088 tenebantur,
816 2034 892 2094 qui
910 2033 964 2077 ad
983 2033 1355 2078 circumcisionem
1379 2034 1481 2078 istos
1498 2034 1746 2078 trahebant.

426 2108 541 2151 XLI.
568 2107 681 2150 Cum
705 2114 850 2148 autem
874 2103 978 2148 dicit
999 2124 1007 2148 z
1037 2123 1057 2145 «
1095 2106 1212 2148 State
1236 2106 1381 2162 ergo⁵‚
1397 2123 1416 2145 »
1445 2105 1657 2163 significat
1679 2120 1750 2149 eos

370 2177 565 2222 nondum
584 2175 800 2229 cecidisse,
823 2174 1189 2220 accommodatius
1207 2176 1321 2219 enim
1344 2175 1507 2220 diceret
1527 2195 1535 2220 z
1559 2176 1746 2235 Surgite.

370 2250 455 2293 Sed
477 2248 597 2308 quod
620 2246 789 2292 addidit
810 2266 818 2291 ;
841 2266 860 2289 «
883 2249 937 2291 Et
959 2262 1013 2290 ne
1034 2247 1189 2290 iterum
1214 2247 1430 2291 servitutis
1443 2248 1551 2306 jugo
1564 2248 1750 2292 attinea-

370 2338 389 2360 »
426 2319 547 2373 mini,
570 2337 588 2359 n
611 2317 787 2377 quando
809 2316 986 2377 quidem
1008 2317 1078 2360 hic
1101 2316 1272 2360 nullum
1296 2316 1415 2360 aliud
1433 2320 1590 2377 jugum
1607 2326 1751 2377 potest

367 2389 573 2448 intelligi,
599 2405 686 2448 quo
700 2404 771 2432 eos
788 2389 961 2432 attineri
976 2387 1102 2442 nolit,
1120 2388 1198 2431 nisi
1213 2389 1550 2433 circumcisionis
1571 2388 1749 2433 talium-

365 2475 451 2520 que
487 2459 841 2504 observationum
870 2458 1148 2519 judaicarum
1174 2478 1184 2502 :
1214 2459 1270 2502 ita
1303 2459 1418 2502 enim
1452 2468 1495 2503 et
1522 2459 1746 2519 sequitur,

431 2564 439 2579 ¹
466 2569 476 2589 1
498 2560 590 2590 Joan.
611 2569 650 2597 11,
674 2557 722 2589 13.
743 2574 782 2579 —
807 2564 818 2579 ²
835 2560 971 2598 Apoc.1‚
994 2556 1042 2597 14.
1061 2573 1102 2579 -
1123 2555 1136 2579 3
1155 2558 1232 2589 Gen.
1259 2566 1324 2596 xxi,
1348 2567 1394 2587 ιο,
1417 2573 1457 2579 —-
1476 2556 1490 2586 4
1508 2557 1613 2588 Galat.
1633 2567 1676 2596 iv,
1693 2557 1746 2588 31.

369 2630 407 2637 -—
430 2611 508 2645 51d.
529 2624 561 2653 v,
584 2624 611 2643 1.
