1867 3320
374 291 512 316 senno
547 290 604 314 vii
625 305 634 323 ,
673 289 724 314 1)ss
758 289 963 316 Lec‘iiomz
1000 289 1143 316 EXODl.
1371 283 1447 320 221

75 356 149 400 bat
169 354 308 412 Moysi
331 354 545 413 quaerenti
567 369 728 398 nomen
757 369 882 398 suum
902 389 912 408 ,
943 372 962 395 «
988 357 1082 413 Ego
1109 369 1203 398 sum
1226 357 1299 414 qui
1321 372 1415 401 sum
1441 377 1449 402 :

77 443 98 466 »
133 424 254 468 Dices
286 423 384 467 filiis
414 423 545 468 Israel
562 459 572 478 ,
603 424 687 477 Qui
714 433 798 478 est,
827 423 942 468 misit
964 439 1034 467 me
1058 423 1113 467 ad
1137 427 1251 467 vos¹.
1278 444 1295 466 »
1322 429 1451 483 Esse,

73 510 231 540 nomen
259 504 322 539 est
342 494 808 540 incommutabilitatis.
830 496 985 539 Omnia
1015 495 1128 538 enim
1153 511 1252 555 quae
1279 506 1454 541 mutan-

72 576 157 620 tur,
172 565 379 610 desinunt
395 581 484 610 esse
505 565 625 626 quod
647 575 792 620 erant,
811 574 853 609 et
876 565 1089 625 incipiunt
1111 581 1200 609 esse
1223 566 1345 626 quod
1365 583 1454 611 non

70 647 206 682 erant.
229 641 332 682 Esse
358 653 509 682 verum
529 673 539 694 ,
565 653 654 682 esse
671 637 888 682 sincerum
904 673 914 691 ,
945 653 1035 682 esse
1058 653 1313 697 germanum
1330 673 1340 692 ,
1366 654 1455 683 non

71 709 202 754 habet
232 709 312 753 nisi
335 710 411 770 qui
438 725 527 754 non
550 718 760 754 mutatur.
789 708 866 753 Ille
899 710 1033 754 habet
1055 725 1144 753 esse
1166 710 1237 753 cui
1259 708 1418 754 dicitur
1444 730 1451 754 ε

73 799 93 823 «
127 780 316 826 Mutabis
345 796 393 825 ea
418 791 462 826 et
484 781 796 836 mutabuntur,
821 790 1039 826 tu-autem
1061 782 1177 825 idem
1198 782 1289 841 ipse
1311 797 1355 825 es
1371 785 1402 824 ².
1433 800 1452 821 »

68 851 185 904 Quid
202 861 282 905 est,
296 854 422 911 «Ego
437 868 530 897 sum
548 852 624 911 qui
635 866 775 906 sum,»
792 851 889 906 nisi,
905 861 1093 896 aeternus
1109 852 1358 905 sumPQuid
1373 861 1451 905 est,

72 941 91 964 «
112 925 206 981 Ego
228 938 321 966 sum
346 924 421 982 qui
444 938 538 966 sum
554 957 564 977 ,
594 941 614 963 »
641 922 750 976 nisi,
784 922 946 966 mutari
974 938 1062 967 non
1096 924 1302 982 possum?
1326 921 1455 968 Nulla

67 1002 279 1046 creatura,
298 1008 385 1036 non
404 992 584 1046 coelum,
602 1007 691 1036 non
710 1001 839 1046 terra,
852 1007 942 1037 non
955 992 1165 1051 Angelus,
1184 1009 1271 1038 non
1289 993 1451 1046 Virtus,

68 1078 155 1108 non
171 1064 315 1117 Sedes,
328 1078 417 1107 non
433 1063 773 1118 nominationes,
787 1079 875 1107 non
892 1067 1144 1108 Potestates.
1157 1066 1268 1109 Cum
1285 1080 1388 1123 ergo
1403 1065 1456 1108 sit

68 1134 148 1178 hoc
171 1149 331 1178 nornen
349 1134 623 1188 aeternitatis,
644 1134 742 1193 *plus
759 1145 821 1178 est
844 1136 961 1195 quod
982 1134 1187 1194 dignatus
1210 1146 1274 1181 est
1294 1136 1454 1180 habere

67 1219 227 1249 nomen
250 1204 567 1249 misericordiae.
593 1224 612 1246 (ι
633 1207 726 1262 Ego
747 1220 843 1248 sum
867 1209 980 1249 Deus
1001 1205 1222 1249 Abraham
1239 1241 1249 1259 ‚
1271 1217 1315 1250 et
1340 1208 1453 1249 Deus

68 1292 86 1314 »
124 1278 271 1329 Isaac,
305 1284 347 1318 et
377 1278 488 1318 Deus
523 1275 660 1318 Jacob
678 1275 709 1317 3.
741 1293 759 1315 »
791 1274 908 1318 Illud
930 1276 975 1318 in
997 1291 1068 1329 se,
1102 1276 1185 1320 1106
1211 1275 1266 1319 ad
1289 1291 1380 1320 nos.
1411 1276 1453 1320 Si

63 1345 178 1388 enim
202 1346 285 1390 hoc
303 1345 443 1389 solum
463 1360 553 1389 6336
572 1345 734 1400 vellet,
759 1345 879 1404 quod
898 1355 961 1390 est
987 1347 1030 1389 in
1053 1361 1113 1400 se,
1139 1346 1246 1406 quid
1265 1362 1453 1391 essemus

62 1417 173 1459 nos?
199 1416 239 1459 Si
258 1415 495 1467 intellexit,
521 1416 608 1459 imo
629 1415 730 1475 quia
750 1415 963 1459 intellexit
987 1419 1156 1473 Moyses
1173 1452 1183 1470 ,
1208 1432 1309 1460 cum
1329 1418 1367 1461 ei
1390 1418 1453 1461 di-

61 1494 258 1529 ceretur:
283 1505 302 1526 «
324 1489 417 1544 Ego
435 1501 529 1529 sum
547 1487 623 1545 qui
645 1501 762 1540 sum,
789 1486 870 1538 Qui
888 1495 950 1529 est
967 1486 1081 1530 misit
1105 1502 1174 1530 me
1194 1506 1201 1530 :
1223 1486 1450 1532 »multum

61 1555 143 1599 hoc
160 1555 344 1600 credidit
367 1571 454 1599 esse
476 1556 530 1599 ad
554 1556 765 1610 homines,
783 1556 972 1600 multum
990 1557 1072 1601 hoc
1091 1557 1200 1601 vidit
1217 1557 1376 1603 distare
1394 1560 1449 1602 ab

59 1625 324 1670 hominibus.
351 1626 437 1679 Qui
459 1626 575 1670 enim
607 1628 688 1670 hoc
709 1626 830 1686 quod
849 1637 913 1671 est
930 1637 973 1671 et
992 1643 1090 1672 vere
1114 1638 1204 1684 est,
1231 1629 1362 1689 digne
1386 1631 1448 1674 in-

61 1696 293 1752 tellexerit,
329 1707 372 1741 et
391 1696 770 1757 qualitercumque
799 1698 965 1742 lumine
993 1700 1277 1744 veracissimae
1305 1716 1447 1745 essenu

60 1768 151 1823 1116,
173 1768 241 1813 vel
259 1769 441 1813 strictim
461 1804 471 1823 ‚
491 1769 602 1813 sicut
618 1770 918 1814 coruscatione
940 1771 1110 1815 afflatus
1130 1770 1288 1828 fuerit3
1317 1773 1447 1833 longe

57 1855 100 1884 se
122 1840 239 1884 videt
262 1838 390 1894 infra,
407 1840 536 1898 longe
559 1841 913 1895 remotissimum,
931 1840 1060 1900 longe
1083 1842 1441 1888 dissimillimum:

56 1910 166 1955 sieut
188 1910 258 1954 ille
281 1911 339 1954 ait
365 1930 374 1954 ;
399 1913 524 1968 «Ego
541 1910 628 1954 dixi
648 1911 692 1953 in
711 1911 845 1954 extasi
873 1913 1010 1954 mea⁴.
1036 1931 1055 1952 »
1079 1916 1308 1973 Assumpta
1329 1916 1443 1959 enim

58 1991 202 2025 mente
220 1980 329 2025 vidit
351 1981 494 2025 nescio
514 1980 637 2040 quid,
653 1981 772 2041 quod
790 1980 885 2040 plus
905 1982 959 2025 ad
975 1981 1098 2026 illum
1117 1993 1222 2027 erat.
1243 1988 1334 2029 Hoc
1352 1997 1442 2030 erat

55 2052 175 2111 quod
198 2066 348 2095 verum
371 2060 476 2094 erat.
499 2051 610 2106 Dixi,
636 2051 795 2111 inquit,
820 2051 864 2094 111
890 2053 1019 2096 extasi
1044 2068 1151 2097 mea.
1180 2054 1324 2107 Quid?
1345 2059 1441 2099 Pro-

49 2124 189 2184 J‘ectus
207 2138 302 2166 sum
317 2138 339 2166 a
355 2121 462 2166 facie
476 2122 705 2167 oculorum
724 2132 914 2166 tuorum.
928 2126 1039 2168 Cum
1057 2139 1158 2182 ergo
1178 2124 1233 2169 ad
1255 2125 1298 2170 id
1320 2127 1438 2187 quod

55 2193 303 2250 dicebatur,
328 2210 414 2239 non
437 2193 492 2238 ad
520 2193 564 2237 id
591 2193 711 2254 quod
734 2194 987 2248 videbatur,
1013 2194 1142 2255 longe
1164 2212 1208 2240 se
1231 2198 1439 2257 imparem

55 2265 220 2310 videret
252 2269 420 2322 Moyses
442 2274 485 2309 et
503 2265 622 2325 quasi
647 2265 789 2309 minus
811 2282 1036 2325 capacem,
1065 2267 1181 2312 unde
1199 2268 1438 2313 inflamma-

57 2344 125 2381 tus
142 2336 234 2396 ipso
248 2336 462 2380 desiderio
478 2335 654 2380 videndi
674 2337 794 2395 quod
813 2346 874 2380 631
892 2372 902 2391 ,
929 2337 1100 2382 dicebat
1123 2341 1209 2383 Deo
1231 2355 1330 2383 cum
1351 2358 1440 2401 quo

55 2405 317 2467 loquebatur
348 2427 356 2451 :
386 2407 576 2450 Ostende
606 2407 710 2450 mihi
737 2408 1010 2466 temetipsum
1028 2411 1041 2433 ⁵
1069 2428 1076 2453 ;
1102 2411 1224 2469 quasi
1250 2427 1352 2469 ergo
1383 2413 1438 2455 al)

56 2476 127 2522 illa
149 2479 399 2523 excellentia
414 2479 607 2523 essentia:
631 2478 759 2536 longe
788 2479 1002 2523 dissimilis
1019 2480 1286 2540 desperaret,
1313 2484 1438 2541 erigit

120 2584 126 2598 ¹
157 2578 251 2609 lixod.
275 2588 320 2616 111,
345 2577 393 2616 113.
422 2593 460 2598 —-
503 2583 514 2598 ²
552 2575 630 2624 l'fal.
659 2588 710 2614 ci,
755 2579 805 2607 28.
839 2594 876 2599 ——-
906 2577 1039 2610 31ί11011.
1071 2591 1124 2618 m,
1161 2590 1208 2611 1.·1.
1243 2597 1281 2602 --
1314 2580 1327 2609 ‘4
1358 2582 1435 2612 psat.

57 2639 139 2671 xxx,
160 2632 213 2664 23.
236 2649 274 2654 —
297 2630 310 2654 5
338 2633 435 2664 lixo-l.
458 2642 568 2670 xxxin,
593 2634 642 2662 ιδ.
