1867 3320
268 286 407 315 sizmuo
440 289 510 326 XI,
549 293 603 319 m:
635 295 731 324 ELIA
765 299 818 327 ET
850 303 981 332 vmmt
1013 306 1265 343 smmum.
1371 313 1453 352 275

77 346 305 394 mulierem
322 385 334 406 ,
360 361 404 397 et
420 352 584 401 dictum
608 370 670 405 est
693 363 730 407 ei
754 383 763 408 :
790 367 894 412 Haec
915 368 1020 416 dicit
1044 365 1252 424 Dominus
1270 417 1281 437 ,
1305 398 1456 434 ventu-

76 430 149 461 rus
171 428 236 464 est
252 420 308 465 ad
326 430 370 466 te
386 426 578 473 esuriens
594 445 740 478 servus
760 450 883 484 meus
899 475 911 496 ,
937 456 989 486 ex
1009 458 1062 488 eo
1083 448 1203 506 quod
1223 451 1353 499 habes
1374 460 1454 502 mi-

67 486 212 533 nistra
231 489 294 535 illi
316 510 325 536 z
351 492 544 555 inopiam
566 501 656 546 noli
678 505 829 552 timere
847 531 858 568 3
894 526 974 570 ego
994 515 1208 575 supplebo
1236 524 1355 581 quod
1375 528 1453 572 de-

72 557 186 604 deris
201 562 326 608 ?Hoc
347 566 387 609 ei
404 566 572 615 dictum
593 588 683 619 non
699 576 895 636 legimus.
912 584 1001 630 Nec
1017 586 1101 632 hoc
1120 588 1319 650 legimus,
1337 601 1455 657 quod

69 627 116 674 in
132 634 294 678 somnis
315 636 372 680 ad
393 653 488 683 eam
508 643 660 690 missus
679 646 812 695 fuerit
831 654 1046 714 Angelus,
1070 668 1114 704 et
1131 667 1454 720 praenuntiave-

69 698 125 744 rit
144 701 284 748 Eliam
306 708 568 756 esurientem
596 730 687 761 esse
708 729 964 781 venturum,
996 737 1039 772 et
1067 728 1121 773 de
1141 730 1218 778 illo
1236 740 1452 794 pascendo

66 769 221 831 aliquis
237 776 464 824 mulierem
485 782 603 829 illam
624 788 913 839 admonuerit.
928 798 1013 842 Sed
1030 803 1209 850 mandat
1230 807 1345 853 Deus
1367 810 1451 854 mi-

64 839 120 885 ris
148 844 314 902 modis,
334 851 411 909 qui
432 852 477 896 in
508 857 844 915 cogitationibus
863 864 1074 927 loquitur.
1102 874 1292 922 Dicimus
1321 895 1448 926 man-

62 910 184 957 dasse
218 918 358 963 Deum
391 920 616 982 loquendo
638 929 683 972 in
715 933 868 990 corde„
894 943 1167 998 suggerendo
1197 950 1318 1006 quod
1340 966 1449 1009 opus

61 992 173 1039 erat,
198 990 501 1044 persuadendo
522 999 643 1055 quod
664 1002 771 1046 utile
791 1015 883 1050 erat
904 1009 1103 1056 rationali
1126 1017 1281 1062 animae
1302 1020 1449 1065 viduae

59 1052 266 1101 mulieris.
295 1060 364 1105 Sic
386 1063 517 1109 etiam
546 1067 591 1112 in
614 1072 841 1131 Prophetis
861 1076 1069 1138 legimus,
1094 1087 1214 1144 quod
1236 1091 1447 1137 Dominus

56 1126 328 1176 mandaverit
360 1137 522 1193 vermi,
548 1149 598 1184 ut
620 1142 793 1190 roderet
812 1147 1000 1196 radlcem
1024 1157 1306 1204 cucurbitae1.
1327 1164 1444 1215 Quid

55 1204 140 1252 est,
165 1200 417 1261 Mandavit,
443 1208 550 1265 nisi,
575 1213 661 1257 Cor
682 1222 971 1277 praeparavit?
988 1227 1275 1285 Inspiratione
1296 1233 1444 1294 itaque

54 1267 256 1327 Domini,
290 1273 421 1321 vidua
453 1278 527 1324 illa
564 1283 722 1330 mulier
754 1304 828 1334 cor
850 1306 1139 1353 praeparatum
1172 1301 1363 1348 habebat
1384 1304 1440 1349 ad

52 1336 364 1389 obediendum.
398 1348 509 1394 Talis
540 1365 738 1412 venerat,
778 1359 870 1405 talis
904 1379 1004 1409 cum
1039 1367 1132 1413 Elia
1155 1369 1434 1432 loquebatur.

50 1408 132 1460 Qui
148 1421 240 1455 erat
260 1414 306 1457 in
323 1415 418 1462 Elia
436 1429 487 1464 ut
512 1425 766 1484 praeciperet
780 1464 791 1484 ,
818 1431 909 1490 ipse
931 1446 1023 1481 erat
1044 1438 1089 1482 in
1106 1440 1236 1487 vidua
1254 1453 1304 1489 ut
1326 1446 1434 1490 obe-

49 1476 176 1525 diret.
202 1484 353 1541 Vade,
371 1488 541 1549 inquit,
566 1495 673 1539 mihi
703 1500 820 1557 prius
843 1502 911 1548 fac
932 1505 987 1550 de
1009 1520 1199 1567 egestate
1221 1523 1296 1560 tua
1312 1551 1323 1571 ,
1344 1532 1434 1562 non

47 1546 250 1597 deficient
278 1554 439 1603 divitiae
468 1570 569 1607 tuae.
593 1568 908 1618 Patrimonium
942 1578 1058 1622 enim
1088 1581 1233 1626 viduae
1252 1620 1262 1639 ,
1291 1588 1433 1631 modi-

46 1633 146 1664 cum
183 1633 273 1669 erat
305 1626 456 1674 farinae
490 1642 533 1677 et
564 1636 786 1684 modicum
822 1643 905 1688 olei
937 1665 946 1690 ε
974 1648 1058 1693 hoc
1086 1653 1308 1700 modicum
1341 1673 1431 1703 non

43 1687 217 1738 defecit.
243 1697 348 1749 Quis
370 1699 503 1747 habet
526 1705 657 1751 talem
685 1710 832 1757 villam
850 1716 867 1758 ‚³
889 1717 1094 1764 Libenter
1115 1724 1245 1770 vidua
1260 1743 1432 1773 servum

43 1761 119 1804 Dei
136 1765 396 1813 esurientem
418 1775 619 1827 pascebat
639 1813 650 1833 ,
684 1782 788 1836 quia
806 1787 1115 1839 patrimonium
1133 1795 1222 1849 ejus
1241 1797 1286 1837 in
1306 1798 1429 1842 clavo

40 1831 274 1889 pendebat.
300 1838 417 1890 Quid
438 1838 606 1888 felicius
627 1845 708 1891 hac
731 1858 1023 1910 paupertate?
1042 1859 1085 1902 Si
1106 1860 1176 1906 hic
1199 1863 1299 1910 talia
1321 1869 1426 1912 reci-

38 1901 125 1960 pit,
145 1904 290 1964 qualia
307 1906 353 1952 in
371 1908 458 1953 fine
475 1913 693 1970 sperabit?

95 1976 176 2019 III.
204 1976 308 2023 Ideo
325 1979 409 2025 hoc
434 1981 545 2039 dixi,
572 1995 621 2030 ut
646 1990 940 2040 seminationis
962 2007 1122 2044 nostrae.
1140 2005 1385 2052 mercedem
1405 2044 1417 2064 ‚

36 2059 125 2091 non
141 2046 222 2093 isto
245 2058 441 2111 tempore
457 2071 546 2115 quo
568 2059 832 2107 seminamus
848 2079 1083 2125 speremus
1100 2072 1180 2117 Hic
1203 2076 1318 2120 enim
1340 2078 1419 2123 bo-

34 2131 192 2163 norum
209 2136 391 2182 operum
413 2140 593 2172 messem
611 2145 710 2176 cum
729 2132 878 2180 labore
893 2138 1087 2195 serimus,
1108 2144 1243 2189 sedin
1264 2147 1416 2194 futuro

33 2186 203 2235 fructus
235 2191 349 2238 illius
386 2211 487 2243 cum
519 2200 678 2258 gaudio
706 2203 956 2264 colligemus
976 2230 987 2267 3
1024 2214 1266 2259 secuudum
1307 2217 1417 2264 illud

5 2298 10 2303 .
33 2260 155 2319 quod
185 2263 392 2324 scriptum
414 2277 477 2312 est
500 2289 509 2314 ι
538 2290 558 2312 «
578 2274 743 2319 Euntcs
775 2276 897 2322 ibant
918 2288 960 2322 et
983 2281 1168 2339 flebant,
1195 2287 1415 2334 mittentes

36 2346 56 2371 »
91 2334 254 2380 semina
274 2351 350 2381 sua
368 2359 378 2395 3
400 2340 619 2387 venientes
643 2353 788 2390 autem
813 2349 985 2393 venient
1006 2366 1106 2397 cum
1128 2356 1410 2413 exultatione,

33 2417 54 2442 »
88 2414 310 2463 portantes
332 2410 578 2471 manipulos
601 2419 740 2460 suos².
770 2436 790 2458 »
818 2417 933 2463 Illud
956 2421 1070 2466 enim
1089 2438 1167 2484 pro
1189 2427 1310 2487 signo
1326 2430 1411 2476 sac-

29 2482 125 2520 tum
147 2487 210 2523 cst
226 2513 237 2534 ,
262 2495 351 2525 non
374 2496 453 2540 pro
470 2481 601 2529 dono.
623 2486 731 2532 Nam
754 2488 787 2531 si
811 2488 940 2534 vidua
965 2491 1036 2537 illa
1056 2497 1175 2555 quod
1197 2500 1313 2559 pavit
1336 2502 1411 2548 ho-

28 2545 192 2593 minem
214 2551 315 2607 Dei,
350 2551 420 2597 hic
445 2555 628 2614 recepit,
655 2572 744 2602 non
767 2568 828 2604 cst
852 2576 1057 2620 magnum
1083 2569 1202 2626 quod
1224 2572 1408 2620 semina-

76 2638 85 2656 ¹
104 2634 201 2668 Jonae.
221 2646 267 2678 iv,
287 2648 318 2679 7.
337 2654 377 2661 -
400 2645 412 2662 ²
433 2639 510 2674 psal.
532 2652 628 2683 cxxv,
643 2642 676 2674 6.

1212 2716 1268 2752 18.
