1924 3309
1901 177 1904 207 ι

493 250 576 289 324
924 254 956 282 s.
993 251 1223 280 Aucus‘nm
1255 250 1434 277 Emscorl
1902 223 1905 275 ζ

488 347 509 369 »
546 327 654 370 iram
677 324 723 367 iu
743 322 814 366 die
836 321 911 364 irae
930 328 973 364 et
992 315 1262 362 revelationis
1273 315 1377 375 justi
1393 312 1546 374 judicii
1567 312 1669 366 Dei,
1687 311 1763 370 qui
1780 311 1874 355 red·
1902 320 1905 363 Ι

492 416 513 439 »
548 398 623 441 det
644 393 882 452 unicuique
904 386 1146 434 secundum
1167 400 1298 444 opera
1315 401 1407 430 sua.
1435 403 1454 425 »
1902 369 1906 439 1

552 469 633 511 ΙΙΙ.
651 460 877 522 Quidquid
891 475 993 518 ergo
1007 459 1139 502 homo
1158 455 1261 500 facit
1271 455 1403 499 modo
1414 490 1425 510 ‚
1445 455 1491 498 in
1509 454 1759 498 thesaurum
1775 451 1876 495 mit·
1902 459 1906 500 1

1903 519 1907 537 l

490 539 559 593 tit,
571 537 647 582 sed
660 534 794 580 nescit
808 530 914 592 quid
926 528 1100 588 colligat
1118 525 1361 587 :quomodo
1375 524 1545 580 divites,
1559 524 1693 585 quiin
1704 522 1879 567 thesau‹
1904 542 1906 558 ε
1923 571 1924 578 1

491 625 590 655 rum
605 618 728 652 terrae
741 605 936 656 mittunt,
947 599 1070 660 quasi
1082 598 1225 643 sciunt
1235 595 1343 657 quid
1354 595 1583 654 colligunt,
1594 592 1669 639 sed
1682 592 1881 638 nesciunt
1923 641 1924 652 1

491 681 562 726 cui
576 678 803 736 colligunt.
817 673 922 727 Quis
938 671 1052 716 enim
1068 668 1284 730 possideat
1300 666 1470 712 divitias
1487 679 1637 710 eorum
1660 672 1757 724 post
1767 677 1881 708 mor-
1905 700 1907 718 2

492 761 580 796 tem
602 751 815 809 ipsorum,
836 758 1009 804 prorsus
1026 742 1227 800 ignorant
1252 758 1261 783 :
1282 747 1326 782 et
1350 735 1587 797 aliquando
1620 734 1784 780 divitiae
1805 747 1882 778 eo·
1903 719 1924 785 lq,

494 838 590 867 rum
614 821 669 864 ad
691 816 889 862 inimicos
916 827 1066 859 eorum
1092 809 1398 871 perveniunt¹.
1423 810 1481 852 Et
1509 805 1606 851 ideo
1635 820 1679 849 se
1699 804 1884 864 quisque
1903 773 1924 864 ii,

494 892 669 938 fraudat
685 889 837 935 nolens
862 884 1145 939 manducare,
1170 891 1221 928 ut
1247 881 1449 935 ditescat,
1473 887 1524 923 ut
1554 877 1661 922 alius
1680 874 1735 920 de
1757 874 1884 919 labo·
1910 862 1924 918 ᾖ

493 964 612 1007 ribus
629 963 721 1021 ejus
734 961 844 1004 fluat
861 967 904 1002 et
921 956 1165 1001 luxurietur
1183 963 1226 998 et
1242 951 1516 997 dissolvatur.
1531 945 1765 1002 Quomodo
1775 950 1886 1005 'ergo
1904 938 1924 1016 111

498 1032 712 1091 colligunt
729 1030 907 1090 quidem
927 1027 1124 1080 scientes,
1142 1024 1218 1069 sed
1240 1022 1310 1068 cui
1331 1020 1538 1080 colligant
1551 1054 1562 1075 ‚
1582 1018 1782 1063 nesciunt
1800 1035 1810 1061 :
1829 1017 1888 1061 sic
1904 1017 1924 1070 i,

497 1112 648 1148 contra
664 1103 708 1145 in
726 1101 977 1144 thesaurum
999 1095 1225 1141 coelestem
1248 1093 1352 1138 boni
1374 1089 1484 1152 quid
1505 1089 1712 1147 colligant
1729 1087 1886 1142 sciunt,
1922 1130 1924 1151 1

499 1172 601 1216 mali
623 1171 731 1230 quid
765 1168 974 1226 colligant
1012 1165 1230 1209 nesciunt.
1256 1167 1401 1207 Bonus
1434 1161 1550 1204 enim
1573 1158 1698 1218 ponit
1722 1158 1768 1201 in
1791 1157 1889 1201 the·
1912 1195 1924 1221 ,1

501 1256 627 1287 sauro
649 1238 814 1284 coelesti
838 1236 985 1281 omnia
1008 1250 1138 1294 opera
1165 1231 1494 1285 misericordiae,
1520 1244 1620 1290 quae
1650 1226 1754 1272 fecit
1780 1227 1892 1271 circa
1911 1243 1924 1293 1¹

502 1313 698 1358 homines
721 1309 882 1371 quibus
904 1305 1131 1364 subvenit·⁷
1152 1314 1195 1349 et
1216 1304 1298 1348 scit
1319 1302 1528 1363 quoniam
1547 1298 1686 1344 fidelis
1708 1307 1772 1342 est
1794 1312 1892 1342 cus·
1919 1336 1924 1356 1

505 1393 568 1429 tos
586 1418 595 1437 ‚
637 1382 712 1442 qui
734 1379 796 1423 illi
820 1386 961 1423 servat
983 1376 1129 1421 omnia
1152 1390 1251 1435 quae
1273 1372 1459 1432 reponit.
1489 1373 1547 1415 Et
1567 1385 1658 1414 non
1679 1384 1728 1413 ea
1748 1366 1888 1423 videt,
1920 1407 1924 1435 1

502 1453 578 1499 sed
600 1452 654 1497 de
671 1453 875 1496 thesauro
898 1463 978 1493 suo
1001 1456 1144 1492 certus
1165 1454 1250 1500 est,
1276 1444 1379 1504 quia
1401 1457 1543 1502 neque
1566 1438 1733 1500 aliquid
1755 1454 1779 1482 a
1795 1437 1894 1482 fure
1911 1456 1924 1505 ·1

504 1523 746 1582 subripitur
762 1556 773 1576 ,
795 1534 938 1580 neque
958 1518 1012 1562 ab
1035 1518 1160 1561 hoste
1182 1512 1403 1559 invaditur
1419 1547 1429 1567 ,
1457 1526 1600 1572 neque
1632 1509 1688 1554 ab
1719 1507 1894 1553 inimico

507 1603 550 1638 et
571 1592 775 1652 improbo
798 1599 841 1634 et
871 1596 1051 1648 potente
1083 1585 1206 1646 quasi
1228 1600 1250 1628 e
1269 1584 1384 1629 victo
1406 1581 1597 1627 tollitur:
1628 1578 1705 1624 sed
1729 1592 1896 1637 semper

511 1663 703 1709 manebit
718 1696 729 1715 ‚
750 1660 853 1719 quia
871 1675 894 1703 a
915 1658 1100 1702 Domino
1118 1654 1416 1715 potentissimo
1434 1650 1694 1696 custoditur.
1718 1649 1761 1694 Si
1782 1648 1897 1692 enim

510 1733 714 1794 pecunias
729 1729 925 1773 homines
942 1725 1061 1769 fideli
1078 1739 1200 1769 servo
1218 1721 1544 1776 commendant,
1562 1729 1605 1764 et
1620 1719 1760 1764 securi
1771 1727 1895 1775 sunt3
1919 1763 1924 1787 1

511 1800 824 1850 misericordias
858 1813 955 1843 suas
976 1794 1286 1842 commendant
1308 1792 1477 1853 potenti
1509 1791 1693 1836 Domino
1711 1825 1722 1845 ,
1748 1799 1791 1834 et
1811 1788 1898 1834 sol-

512 1874 619 1921 liciti
657 1881 758 1917 sunt
776 1873 793 1913 ’ἒ
810 1872 1036 1915 Noverunt
1064 1881 1187 1924 ergo,
1212 1865 1313 1925 quia
1334 1862 1553 1923 quidquid
1576 1869 1811 1921 reponunt,
1830 1868 1899 1905 to-

516 1957 607 1991 tum
630 1945 691 1988 ibi
713 1942 880 1987 salvum
903 1948 966 1983 est
986 1954 995 1980 ε
1017 1938 1093 1998 qui
1116 1936 1265 1981 fideles
1285 1944 1402 1990 sunt,
1419 1934 1627 1994 potentiae
1644 1932 1818 1978 Domini
1834 1930 1915 1976 sui

514 2017 647 2061 fidem
663 2016 870 2074 jungunt.
901 2008 1099 2055 Credunt
1131 2008 1248 2052 enim
1275 2007 1378 2066 quia
1415 2013 1585 2060 servat,
1609 2013 1650 2048 et
1673 2002 1924 2066 inveniuntu

514 2085 634 2146 quod
656 2091 810 2128 servat.
837 2083 946 2127 Nam
981 2087 1023 2122 et
1053 2077 1252 2122 homines
1291 2075 1369 2135 qui
1401 2074 1631 2134 pecuniam
1663 2071 1924 2136 colligunt„

518 2155 719 2215 nunquid
750 2152 904 2197 vident
942 2164 1084 2194 arcam
1124 2149 1259 2207 ipsam
1278 2181 1289 2201 ,
1329 2155 1404 2190 aut
1424 2146 1469 2189 in
1507 2157 1651 2189 arcam
1671 2142 1899 2203 pecuniam
1916 2165 1924 2208 11

519 2243 687 2286 semper
715 2225 927 2282 colligunt
960 2231 1003 2265 et
1036 2220 1243 2274 mittunt,
1281 2227 1357 2262 aut
1388 2215 1611 2262 infodiunt
1633 2223 1676 2259 et
1702 2214 1901 2258 servant?

518 2302 615 2343 Non
632 2297 783 2341 vident
809 2314 818 2339 ;
843 2303 886 2338 et
906 2302 1052 2337 tamen
1074 2289 1196 2350 quasi
1218 2287 1477 2333 conscientia
1498 2300 1650 2331 eorum
1671 2285 1774 2340 scit,
1799 2282 1924 2351 quias

521 2369 581 2413 ibi
603 2378 665 2411 est
683 2367 729 2410 in
746 2367 843 2410 loco
859 2364 934 2408 illo
958 2362 1033 2406 ubi
1050 2368 1303 2420 posuerunt.
1325 2361 1383 2402 Et
1402 2356 1515 2402 forte
1528 2357 1618 2416 jam
1634 2354 1707 2400 fur
1721 2354 1839 2408 tulit,
1859 2355 1924 2434 etii!

522 2454 657 2484 vanus
693 2436 851 2495 gaudet
881 2435 956 2495 qui
978 2432 1162 2477 inaniter
1185 2429 1430 2474 reservavit.
1465 2431 1516 2472 In
1536 2427 1739 2471 thesauro
1760 2432 1898 2469 autem

524 2509 686 2556 coelesti
708 2509 742 2552 si
764 2506 871 2567 quid
891 2504 1183 2565 posuerimus,
1208 2510 1252 2546 et
1273 2499 1326 2545 de
1350 2499 1522 2545 Domini
1543 2495 1738 2543 custodia
1764 2493 1902 2540 securi

1920 1548 1924 1577 1

1919 1618 1924 1648 ἑ

1919 1694 1924 1716 i

1919 1833 1924 1855 l

1919 1903 1924 1926 11

1918 1973 1924 1996 l

574 2603 582 2618 ¹
604 2595 711 2627 Florus
733 2593 773 2625 ad
786 2595 876 2625 Rom.
902 2603 957 2624 La
