1867 3320
367 243 574 276 EPISTOLAE
604 248 660 277 An
690 249 878 283 GALATAS
910 257 1143 292 Exposrno.
1370 263 1448 300 111

72 314 116 349 et
135 305 190 350 de
205 308 407 365 gentibus
428 323 718 373 congregatus
753 328 816 364 est
837 322 995 380 partim
1018 324 1148 372 fuerit
1168 332 1250 374 sub
1277 337 1449 392 praeda-

69 389 177 434 gogo
212 378 360 435 Legis,
386 389 580 440 tempore
615 386 813 444 pueritiae
844 405 958 447 suae,
991 394 1037 438 id
1060 405 1123 441 est
1151 413 1202 442 ex
1224 415 1272 444 ea
1294 415 1416 461 parte
1436 441 1447 463 ,

70 460 155 504 qua
175 445 229 490 de
246 449 270 491 J
277 447 409 494 udaeis
430 465 718 512 congregatus
735 468 820 516 est,
845 463 1003 520 partim
1024 466 1107 510 sub
1123 467 1347 517 elementis
1369 475 1452 519 hu-

0 562 1 573 *
62 514 133 574 jus
153 519 328 574 mundi,
353 521 513 580 quibus
544 534 752 586 tanquam
783 536 1135 589 procuratoribus
1163 549 1206 584 et
1234 545 1453 591 actoribus

68 586 310 644 serviebat,
347 606 397 635 ex
419 608 467 637 ea
490 605 612 653 parte
634 614 722 658 qua
756 602 964 649 Gentibus
997 621 1284 670 congregatus
1306 624 1369 659 est
1403 626 1452 662 ut

67 657 184 716 quod
206 659 419 706 immiscet
446 666 678 723 Apostolus
713 686 940 730 personam
973 692 1121 735 suam,
1148 697 1236 726 non
1270 683 1418 730 dicens
1435 722 1447 743 ,

0 717 2 723 ⁸
63 727 176 770 Cum
197 730 342 774 essetis
375 734 566 790 parvuli,
597 739 679 782 sub
713 740 938 788 elementis
956 746 1084 808 hujus
1109 752 1265 796 mundi
1297 757 1447 814 eratis,

63 794 138 840 sed
158 795 304 844 dicens
318 835 329 855 ,
359 820 378 843 «
399 805 511 848 Cum
534 821 723 854 essemus
744 814 912 870 parvuli
930 850 941 870 ,
966 819 1049 861 sub
1072 818 1296 868 elementis
1318 825 1448 887 hujus

64 883 85 907 »
119 871 272 914 mundi
303 887 473 919 eramus
504 878 762 936 servientes,
791 901 811 924 »
844 901 932 930 non
954 890 1166 946 pertineat
1192 894 1247 938 ad
1279 896 1448 955 signifi-

60 936 272 982 cationem
295 942 549 990 Judaeorum
568 982 579 1002 ,
615 963 665 992 ex
687 952 846 1011 quibus
871 958 1031 1003 Paulus
1060 963 1270 1021 originem
1293 967 1416 1012 ducit
1431 1003 1442 1024 ,

59 1006 135 1050 sed
153 1010 287 1067 magis
308 1012 363 1055 ad
386 1015 591 1061 Gentium
608 1053 619 1073 ,
652 1020 736 1066 hoc
769 1025 980 1073 duntaxat
1004 1028 1102 1075 loeo
1125 1051 1134 1077 :
1169 1036 1375 1094 quoniam
1402 1048 1448 1083 et

58 1090 207 1120 eorum
226 1095 418 1137 personae
437 1084 644 1132 decenter
663 1106 709 1134 se
735 1103 877 1152 potest
910 1110 1164 1158 annectere,
1196 1106 1358 1165 quibus
1388 1106 1444 1152 ad

54 1149 442 1205 evangelizandum
466 1157 619 1203 missus
642 1171 720 1206 est.

111 1219 253 1266 XXX.
280 1225 443 1269 Deinde
458 1228 549 1287 jam
566 1230 694 1287 dicit,
719 1236 922 1281 veniente
943 1240 1217 1298 plenitudine
1230 1251 1440 1308 'temporis

52 1289 191 1333 Deum
205 1292 366 1338 misisse
380 1297 538 1342 Filium
558 1316 686 1346 suum
708 1304 763 1348 ad
782 1305 1059 1356 liberandum
1092 1317 1322 1373 parvulum
1347 1321 1440 1365 bae-

49 1358 220 1415 redem,
240 1366 495 1411 servientem
517 1386 568 1414 ex
595 1383 716 1430 parte
735 1377 837 1434 Legi
866 1388 1073 1446 tanquam
1097 1387 1335 1446 paedagogo
1351 1425 1361 1445 ,
1388 1407 1438 1436 ex

47 1437 170 1487 parte
187 1430 412 1479 elementis
437 1437 565 1498 hujus
596 1444 750 1488 mundi
781 1455 988 1508 tanquam
1012 1458 1364 1511 procuratoribus
1393 1471 1438 1506 et

49 1501 265 1547 actoribus
291 1523 300 1548 :
330 1524 350 1547 «
377 1508 495 1552 Misit
513 1513 648 1568 Deus,
674 1514 841 1575 inquit,
869 1519 1028 1567 Filium
1051 1539 1177 1571 suum
1199 1528 1366 1575 factum
1385 1548 1436 1577 ex

49 1585 70 1611 »
104 1571 286 1617 muliere
303 1577 332 1619 ¹.
358 1594 378 1618 »
404 1579 631 1627 Mulierem
650 1600 730 1644 pro
762 1587 943 1635 foemina
976 1597 1144 1652 posuit,
1170 1614 1290 1644 more
1307 1601 1434 1648 locu-

45 1638 173 1685 tionis
208 1644 508 1693 Hebraeorum.
530 1654 627 1697 Non
657 1656 771 1699 enim
807 1661 908 1718 quia
930 1661 986 1706 de
1022 1668 1111 1710 Eva
1140 1667 1306 1715 dictum
1332 1683 1394 1717 est
1421 1693 1430 1719 :

47 1726 69 1752 «
103 1713 327 1759 Formavit
348 1732 442 1761 eam
461 1720 506 1764 in
528 1722 752 1769 mulierem
765 1762 775 1781 ,
791 1729 881 1787 jam
898 1747 1019 1790 passa
1035 1746 1126 1780 erat
1145 1743 1431 1788 concubitum

45 1796 68 1821 »
101 1782 201 1837 viri,
225 1785 346 1844 quod
379 1803 468 1833 non
489 1793 694 1838 scribitur
724 1812 845 1855 passa
870 1802 951 1846 nisi
978 1820 1078 1850 cum
1102 1807 1265 1855 dimissi
1289 1824 1430 1860 essent

45 1866 66 1892 »
100 1851 155 1897 de
177 1856 374 1912 paradiso
389 1861 421 1902 ².
444 1878 464 1901 »
492 1864 676 1908 Factum
700 1877 846 1912 autem
881 1871 1017 1930 dixit,
1053 1890 1230 1939 propter
1251 1898 1428 1946 suscep·

41 1920 201 1968 tionem
219 1937 428 1972 creaturae
448 1934 571 1991 :quia
588 1936 664 1994 qui
678 1950 918 1985 nascuntur
932 1959 981 1987 ex
997 1946 1205 2006 foeminis,
1222 1969 1310 1999 non
1324 1967 1428 2002 tunc

39 2006 88 2036 ex
112 1997 199 2039 Deo
217 2009 455 2044 nascuntur
471 2037 481 2056 ,
501 2003 574 2048 sed
597 2014 738 2052 tamen
763 2013 873 2056 Deus
888 2013 982 2059 illos
1007 2016 1123 2075 facit,
1152 2032 1200 2066 ut
1221 2025 1280 2069 sic
1309 2029 1424 2073 nasci

40 2065 230 2123 possint,
258 2077 306 2111 ut
338 2085 511 2116 omnem
533 2086 791 2124 creaturam.
817 2100 835 2123 «
863 2086 1042 2131 Factum
1071 2108 1089 2130 »
1124 2101 1268 2138 autem
1298 2116 1316 2138 «
1342 2100 1424 2142 sub

42 2149 63 2176 »
99 2138 212 2193 Lege
239 2156 258 2179 υ
283 2139 412 2196 dixit,
435 2144 534 2202 quia
554 2156 598 2190 et
617 2148 895 2198 circumcisus
918 2166 1001 2212 est,
1027 2169 1069 2203 et
1088 2161 1223 2208 hostia
1248 2181 1326 2225 pro
1348 2168 1423 2214 illo

38 2202 227 2263 legitima
245 2210 390 2255 oblata
413 2218 516 2258 est³.
538 2219 625 2261 Nec
647 2221 803 2265 mirum
824 2225 855 2267 si
877 2235 919 2270 et
942 2227 1011 2271 illa
1038 2232 1158 2290 Legis
1177 2250 1306 2294 opera
1329 2254 1423 2283 sus-

38 2273 197 2332 tinuit,
222 2294 272 2323 ex
294 2282 452 2339 quibus
472 2284 675 2333 liberaret
696 2291 772 2350 qui
802 2294 860 2337 eis
891 2297 1102 2344 serviliter
1126 2305 1418 2367 tenebantur,

38 2346 113 2406 qui
148 2349 277 2393 etiam
307 2362 489 2398 mortem
526 2359 752 2416 sustinuit,
778 2372 827 2406 ut
842 2380 894 2408 cx
929 2382 976 2410 ea
1009 2368 1213 2418 liberaret
1242 2392 1313 2421 eos
1343 2381 1420 2439 qui

39 2419 302 2465 mortalitate
321 2426 582 2471 tenebantur
603 2449 611 2474 :
638 2433 692 2475 Ut
714 2432 990 2494 adoptionem
1008 2474 1018 2493 ,
1046 2441 1203 2503 inquit,
1225 2447 1414 2494 filiorum

42 2502 62 2531 i>
99 2490 397 2551 recipiamus⁴.
417 2514 436 2538 n
456 2497 747 2559 Adoptionem
764 2516 989 2566 propterea
1008 2510 1133 2570 dicit,
1154 2516 1414 2566 utdistinete

84 2580 94 2597 ¹
114 2576 216 2611 Galat.
233 2588 279 2621 iv,
301 2578 334 2622 4.
351 2597 393 2606 -
415 2589 427 2606 ²
447 2586 526 2618 Gen.
544 2597 578 2629 n,
595 2595 650 2622 22.
669 2605 710 2615 —
732 2589 745 2615 ³
763 2592 838 2626 Luc.
857 2604 895 2635 11,
913 2603 950 2630 21
969 2600 1002 2630 et
1019 2597 1074 2641 24.
1101 2616 1142 2626 -
1162 2600 1178 2632 4
1196 2603 1297 2638 Galat.
1319 2617 1361 2650 iv,
1381 2606 1399 2640 5
