1867 3320
278 268 416 297 §Brimo
449 271 559 307 XLV,
595 271 648 297 DE
683 272 826 298 mmsis
857 273 995 312 isam,
1031 277 1132 303 1511.
1308 268 1384 306 541

16 333 100 377 sibi
122 331 218 376 vult
235 333 443 391 possessio
463 342 587 377 terrae
605 343 647 377 et
668 335 826 378 montis
844 336 1052 383 habitatio
1071 359 1079 383 :
1099 355 1152 384 ne
1169 340 1279 385 forte
1302 358 1392 401 spe-

16 411 114 446 rent
140 402 339 446 homines
359 401 468 447 latas
489 404 773 462 possessiones
796 420 839 448 se
862 417 1108 466 accepturos
1123 445 1133 464 ‚
1161 421 1203 454 et
1230 427 1317 456 non
1340 413 1391 456 fi-

15 473 141 515 niant
163 471 446 530 cupiditatem
467 507 477 523 ‚
513 472 587 516 sed
610 472 836 532 differant3
860 476 946 520 imo
984 488 1166 536 augeant
1187 514 1196 534 ‚
1223 490 1264 524 et
1285 497 1391 525 con-

16 552 215 587 temnant
235 557 383 602 parva‚
399 552 604 603 putantes
626 559 670 588 se
687 543 741 588 de
763 545 856 604 ipso
874 562 1029 605 genere
1047 560 1292 608 accepturos
1306 567 1393 596 esse

14 614 188 674 majora.
216 614 322 666 Quis
354 615 471 657 enim
507 629 595 658 non
630 625 880 660 contemnat
908 633 1040 661 unam
1074 622 1335 676 centuriam,
1362 625 1394 666 si

13 683 75 728 illi
96 685 377 744 promittatur
413 685 514 745 quia
536 701 804 744 possessurus
838 698 901 732 est
933 698 1109 733 centum
1125 693 1136 715 ¹
1151 692 1170 734 P
1188 694 1274 735 Aut
1301 694 1396 751 quis

14 769 102 799 non
119 764 371 799 contemnat
388 754 562 800 delicias
580 757 709 800 unius
726 757 912 816 prandii,
936 756 1048 803 forte
1071 761 1334 819 pauperioris
1355 772 1397 806 et

12 824 283 884 frugalioris,
307 826 343 869 si
365 826 534 871 dicatur
560 827 598 871 ei
632 846 641 871 ι
665 828 754 871 Nisi
775 837 818 872 te
833 829 1118 884 continueris,
1144 846 1232 875 non
1254 834 1396 876 venies

15 895 71 940 ad
102 894 222 939 illam
249 911 422 940 coenam
445 896 724 941 lautissimam
748 907 790 941 et
811 900 1029 957 opimam?
1051 901 1135 953 Qui
1169 902 1226 945 sic
1255 903 1396 946 conti-

15 975 122 1010 nent
138 981 162 1009 a
188 965 453 1026 quibusdam
481 968 788 1026 praesentibus,
814 984 902 1012 non
928 970 1087 1014 finiunt
1119 972 1391 1030 cupiditates.

16 1036 227 1081 Timendo
256 1052 312 1080 ne
344 1038 531 1096 perdant
564 1038 685 1096 quod
717 1037 901 1096 amplius
933 1038 1201 1094 desiderant,
1229 1057 1276 1085 ea
1299 1058 1397 1101 quze

15 1107 183 1152 minora
205 1116 307 1151 sunt
328 1116 617 1152 contemnunt
636 1128 647 1163 3
668 1107 758 1166 ipsa
776 1117 840 1151 est
865 1117 1008 1152 tamen
1028 1111 1252 1168 cupiditas.
1269 1114 1399 1155 Num-

16 1178 126 1238 quid
139 1194 227 1222 non
241 1187 305 1222 est
317 1193 485 1232 avarus,
497 1178 573 1238 qui
590 1179 828 1222 contemnit
844 1189 1019 1223 centum
1036 1179 1174 1234 folles,
1194 1192 1241 1226 ut
1254 1183 1397 1242 acqui·

18 1258 86 1293 rat
106 1248 256 1292 mille?
289 1251 386 1293 Non
407 1248 482 1291 tibi
522 1246 718 1292 videatur
737 1248 823 1307 jam
847 1249 988 1293 finisse
1018 1251 1235 1295 avaritiam
1251 1287 1261 1305 ‚
1296 1254 1396 1311 quia

17 1319 220 1363 invenisti
238 1333 339 1363 eum
361 1327 714 1363 contemnentem
732 1317 856 1362 folles
879 1328 1068 1363 centum.
1087 1320 1204 1364 Mille
1219 1322 1392 1380 cogitat,

18 1390 117 1436 ideo
139 1398 314 1435 centum
337 1389 612 1447 contempsit.
642 1390 752 1433 Sunt
772 1388 984 1444 homines,
1005 1391 1079 1449 qui
1096 1392 1395 1452 obsequuntur

18 1460 278 1520 plerumque
292 1460 468 1504 senibus
481 1458 591 1503 filios
604 1474 695 1502 non
705 1458 982 1513 habentibus,
997 1469 1040 1504 et
1053 1471 1335 1506 contemnunt
1352 1464 1394 1506 in

16 1531 101 1575 illis
115 1530 269 1585 multa,
290 1529 366 1575 sed
388 1530 550 1588 majora
575 1544 625 1573 ex
651 1529 750 1587 ipsis
768 1539 953 1588 sperant.
978 1533 1083 1575 Istos
1107 1532 1394 1576 misericordes

16 1610 240 1662 putamus,
259 1616 313 1644 an
327 1598 534 1660 cupidos?
548 1598 652 1643 Ideo
664 1597 761 1658 plus
775 1600 1017 1658 probantur
1041 1601 1113 1644 filii
1138 1617 1390 1661 pauperum,

16 1672 195 1732 quando
209 1670 515 1730 obsequuntur
525 1669 775 1728 parentibus
789 1670 1050 1729 pauperibus
1063 1692 1073 1727 3
1088 1673 1186 1731 quia
1201 1674 1332 1731 pictas
1348 1674 1393 1715 il-

17 1743 82 1788 los
102 1741 239 1797 ducit,
265 1756 355 1786 non
376 1755 554 1785 merces.
581 1740 679 1783 Filii
702 1750 847 1784 autem
869 1740 1051 1785 divitum
1075 1743 1248 1802 quando
1270 1744 1393 1788 obse-

15 1822 215 1874 quuntur
233 1811 488 1872 parentibus
506 1810 608 1864 suiS,
629 1824 717 1854 non
741 1810 952 1869 probatur
965 1812 1112 1870 pietas,
1130 1822 1170 1856 et
1186 1813 1217 1856 si
1236 1824 1312 1867 est,
1329 1814 1393 1857 la-

16 1893 80 1929 tet
92 1904 100 1929 2
112 1884 215 1944 quia
224 1883 303 1928 etsi
314 1881 522 1926 videtura
538 1883 642 1935 Deo,
655 1880 709 1924 ab
722 1880 969 1925 hominibus
983 1881 1117 1925 videri
1134 1898 1219 1927 non
1235 1894 1390 1942 potest.

17 1954 140 2000 Adeo
161 1963 205 1998 et
223 1953 305 2013 ipsi
321 1961 520 2012 parentes
549 1950 660 1994 male
682 1951 911 1994 sentientes
939 1950 1194 2010 plerumque
1215 1952 1269 1996 de
1297 1954 1392 1998 siliis

15 2026 102 2070 suis
119 2060 129 2080 ,
149 2039 250 2070 cum
275 2032 434 2083 putant
455 2023 556 2082 quia
583 2030 758 2080 propter
779 2021 1005 2079 pecuniam
1034 2020 1113 2065 illis
1141 2022 1392 2082 obsequun-

17 2106 89 2142 tur
110 2096 188 2140 filii
209 2095 302 2151 sui,
317 2108 419 2140 cum
441 2091 639 2153 expediat
656 2091 889 2152 aliquando
912 2092 1004 2135 filiis
1022 2107 1167 2136 eorum
1184 2103 1231 2136 ut
1248 2109 1389 2138 eman-

20 2167 223 2227 cipentur
244 2182 267 2210 a
299 2164 554 2225 parentibus
574 2198 584 2218 ‚
624 2162 753 2221 exigit
777 2163 886 2206 forte
907 2162 1080 2221 aliquod
1114 2165 1387 2208 commodum

17 2251 195 2282 uxorem
215 2235 429 2280 ducturus
445 2270 456 2289 ,
482 2243 557 2278 aut
574 2231 849 2292 perveniendi
869 2231 921 2275 ad
945 2232 1128 2292 aliquem
1160 2234 1362 2278 bonorem
1377 2270 1387 2287 ‚

16 2318 68 2354 ut
85 2307 250 2352 donent
273 2306 335 2350 illi
358 2320 422 2350 res
436 2320 531 2349 suas
547 2339 557 2358 ‚
577 2313 619 2348 et
640 2302 791 2347 dicunt
816 2319 823 2342 :
844 2305 936 2346 Non
958 2302 1153 2356 donabo,
1187 2319 1283 2347 nam
1302 2307 1390 2364 jam

20 2395 110 2424 non
148 2379 255 2422 mibi
288 2378 569 2437 obsequetur.
595 2374 775 2428 Qualem
813 2374 1065 2417 sementiam
1104 2373 1198 2417 tulit
1221 2376 1274 2418 de
1306 2375 1393 2418 lilio

21 2465 125 2504 suo,
146 2449 248 2509 quia
273 2448 327 2491 ad
345 2447 570 2507 pecuniam
591 2445 651 2488 illi
677 2445 944 2503 obsequitur,
966 2459 1050 2486 non
1075 2444 1296 2487 atu-ndens
1321 2461 1395 2503 pa-

24 2529 190 2565 ternam
215 2518 497 2563 charitatem?
517 2517 557 2561 Si
574 2531 676 2574 ergo
702 2516 820 2558 times
846 2524 1080 2573 irem-cepta
1110 2516 1285 2573 pecunia
1307 2530 1391 2558 non

71 2611 76 2626 ¹
114 2604 193 2635 Vide
211 2605 356 2635 Euat-rat
377 2603 405 2633 in
426 2601 502 2634 Pml.
526 2611 612 2639 xtni,
631 2611 660 2631 n,
689 2601 738 2635 113,
756 2604 783 2628 vt
807 2599 883 2630 vsu.
904 2609 1029 2633 mxxvi.
1051 2611 1067 2628 n
1095 2610 1125 2638 ς),
