1924 3309
502 338 579 377 148
931 350 962 374 s.
1000 346 1228 376 Auousum
1263 349 1441 376 EPlscom

1916 344 1919 377 i

493 414 581 468 lat,
603 414 714 458 sicut
736 413 780 456 in
805 413 1014 471 principio
1034 413 1161 471 hujus
1176 412 1403 471 Epistolae‚
1425 427 1525 456 cuni
1543 412 1604 455 ait
1625 430 1632 455 ;
1658 429 1678 452 ε(
1703 414 1799 456 Non
1821 412 1874 457 ab
1915 407 1918 459 ζ

496 503 515 525 »
550 483 820 536 hominibus,
842 497 984 542 neque
1006 497 1082 540 per
1101 482 1323 526 hominem
1337 517 1347 537 ,
1374 482 1448 526 sed
1467 497 1543 541 per
1564 484 1713 525 Jesum
1729 481 1875 526 Chris-

494 572 513 595 »
547 556 694 608 tum13
722 571 742 593 »
770 552 931 596 alicubi
969 559 1113 594 autem
1144 551 1392 605 hominem,
1428 552 1538 595 sicut
1572 550 1647 595 illo
1668 550 1766 595 loco
1798 551 1874 595 ubi

489 624 548 668 ait
575 642 584 667 :
613 643 632 665 «
659 625 779 666 'Unus
802 622 915 665 enim
948 624 1083 673 Deus,
1110 636 1223 666 unus
1246 631 1290 665 et
1324 620 1537 665 mediator
1560 621 1637 665 Dei
1664 630 1708 664 et
1734 621 1876 665 homi-

493 713 514 735 »
551 710 655 738 num
690 694 821 737 homo
859 692 1054 736 Christus
1089 694 1256 736 Jesus².
1293 694 1351 735 Et
1383 692 1677 751 quicumque,
1708 691 1872 751 inquit,

491 783 511 806 »
547 765 659 810 hanc
689 761 882 820 regulam
916 770 1159 816 sectantur,
1186 776 1268 820 pax
1302 776 1432 820 super
1453 760 1550 805 illos
1571 769 1615 804 et
1635 761 1874 806 misericor-

489 851 510 873 »
545 832 637 887 dia,
662 841 706 876 et
727 846 854 890 super
876 830 1006 875 Israel
1030 831 1135 875 Dei3
1161 850 1169 874 :
1194 849 1213 871 »
1235 830 1280 874 id
1298 839 1384 884 est,
1409 845 1480 874 eos
1503 829 1579 890 qui
1610 845 1711 874 vere
1733 829 1789 874 ad
1809 830 1873 875 vi-

1914 466 1917 487 ι

1914 507 1917 546 Ι

1912 565 1915 629 ἑ

1910 653 1914 724 ἶ

1909 753 1912 788 l

1908 830 1911 866 ἷ

485 903 650 946 sionem
673 901 751 946 Dei
773 909 1072 960 praeparantur
1090 935 1100 955 ,
1125 915 1215 944 non
1242 901 1318 960 qui
1339 909 1549 945 vocantur
1570 901 1653 945 hoc
1671 900 1868 956 nomine,
1906 909 1909 937 i

485 981 529 1016 et
547 971 708 1016 carnali
725 971 918 1015 caecitate
938 970 1084 1014 videre
1107 971 1342 1014 Dominum
1364 970 1524 1014 nolunt
1539 1005 1549 1025 ,
1575 970 1753 1030 quando
1776 985 1871 1029 gra·
1905 983 1907 1007 ὲ

486 1042 590 1086 >tiam
612 1043 705 1101 ejus
727 1049 977 1100 respuentes
994 1040 1105 1084 servi
1126 1055 1215 1084 esse
1237 1049 1483 1099 temporum
1503 1041 1704 1099 cupiunt.

546 1114 700 1156 LXIV.
723 1115 785 1156 De
807 1121 964 1156 caetero
983 1146 993 1165 ,
1030 1111 1195 1171 inquit,
1229 1110 1426 1155 laborem
1461 1126 1591 1155 nemo
1613 1111 1719 1154 mihi
1741 1125 1871 1169 praes-

1902 1109 1905 1120 t

1901 1121 1905 1156 i

487 1199 508 1223 »
545 1183 649 1226 tet⁴.
679 1199 699 1222 »
724 1184 822 1226 Non
856 1180 951 1226 vult
974 1196 1050 1240 per
1072 1179 1346 1224 turbulentas
1369 1181 1669 1225 contentiones
1693 1179 1870 1224 taedium
1900 1212 1903 1234 ξ

485 1251 567 1295 sibi
589 1252 681 1294 fieri
703 1251 757 1295 de
780 1267 824 1295 re
841 1287 851 1303 ,
876 1260 1091 1310 qnantum
1114 1250 1212 1294 satis
1231 1259 1349 1305 erat,
1375 1251 1586 1310 exposita,
1611 1258 1655 1293 et
1676 1250 1721 1294 in
1743 1250 1867 1309 Epis·
1898 1288 1902 1299 ,

486 1321 572 1368 tola
595 1337 727 1381 quam
756 1323 811 1366 ad
835 1326 1054 1366 Romanos
1076 1321 1264 1380 scripsit,
1291 1331 1334 1365 et
1356 1322 1436 1366 hac
1458 1323 1563 1381 ipsa.
1593 1341 1614 1363 «
1638 1324 1732 1381 Ego
1754 1323 1868 1367 enim
1897 1310 1917 1389 ξ’,

488 1411 508 1434 »
544 1393 743 1451 stigmata
767 1393 939 1437 Domini
964 1396 1067 1436 Jesu
1099 1393 1257 1438 Christi
1278 1393 1324 1436 in
1345 1408 1527 1452 corpore
1547 1408 1645 1438 meo
1667 1402 1793 1453 porto
1814 1413 1822 1438 z
1845 1411 1864 1435 »
1895 1396 1899 1457 ᾗ

484 1462 530 1506 id
553 1472 631 1517 est,
653 1462 794 1506 habeo
811 1463 914 1506 alios
927 1463 1155 1506 conflictus
1172 1471 1214 1506 et
1231 1463 1464 1507 certamina
1483 1478 1583 1507 cum
1610 1479 1739 1508 carne
1757 1479 1864 1519 mea,
1895 1471 1897 1509 ἓ

485 1550 584 1593 quae
620 1534 666 1577 in
698 1534 1074 1593 persecutionibus
1111 1548 1216 1592 quas
1249 1534 1410 1592 patior,
1437 1549 1609 1579 mecum
1646 1534 1862 1579 dimicant.
1892 1556 1895 1596 Α

486 1604 693 1661 Stigmata
726 1603 841 1647 enim
863 1603 1072 1647 dicuntur
1093 1612 1209 1647 notae
1247 1604 1448 1663 quaedam
1472 1620 1705 1664 poenarum
1737 1605 1866 1650 servi·
1892 1618 1895 1630 '

485 1674 594 1717 lium
613 1693 621 1717 :
641 1683 690 1718 ut
707 1674 738 1717 si
757 1674 874 1733 quis,
895 1674 1013 1718 verbi
1032 1675 1183 1733 gratia,
1200 1689 1346 1719 servus
1362 1675 1409 1718 in
1430 1675 1716 1735 compedibus
1738 1674 1866 1720 fuerit
1890 1686 1893 1730 j

486 1754 663 1803 propter
699 1760 855 1789 noxam
872 1779 883 1799 ,
908 1744 955 1788 id
977 1753 1068 1798 est,
1095 1754 1271 1803 propter
1298 1743 1472 1803 culpam
1488 1780 1498 1800 ,
1525 1744 1594 1789 vel
1616 1745 1864 1805 hujusmodi
1889 1752 1892 1794 I

484 1813 650 1873 aliquid
672 1829 818 1872 passus
841 1813 971 1858 fuerit
988 1849 998 1868 ,
1024 1815 1224 1871 stigmata
1246 1814 1407 1857 habere
1421 1814 1590 1858 dicatur
1612 1832 1620 1858 :
1641 1823 1684 1857 et
1705 1814 1803 1859 ideo
1820 1815 1862 1858 in
1887 1817 1890 1864 J

477 1886 575 1944 jure
615 1884 984 1938 manumissionis,
1021 1882 1234 1927 inferioris
1280 1893 1342 1928 est
1380 1884 1556 1929 ordinis.
1592 1887 1718 1930 Nune
1763 1900 1861 1945 ergo
1885 1899 1888 1942 ἢ

482 1954 716 2013 Apostolus
752 1954 952 2012 stigmata
974 1953 1114 1998 voluit
1137 1953 1376 2013 appellare,
1416 1955 1539 2013 quasi
1561 1964 1685 1999 notas
1713 1971 1860 2014 poena-

481 2040 578 2068 rum
599 2024 654 2068 de
677 2023 1066 2082 persecutionibus,
1084 2039 1190 2083 quas
1208 2024 1468 2083 patiebatur.
1492 2029 1672 2084 Propter
1689 2027 1856 2086 culpam
1882 2004 1886 2091 ἕ

479 2096 594 2139 enim
616 2094 941 2154 persecutionis,
962 2109 1047 2153 qua
1068 2103 1319 2153 persecutus
1338 2104 1430 2139 erat
1452 2094 1662 2140 Ecclesias
1684 2096 1854 2152 Christi,
1880 2104 1883 2138 f

478 2166 569 2209 haec
591 2165 671 2208 sibi
694 2164 873 2208 retribui
895 2173 1156 2221 cognoverat
1179 2183 1187 2208 :
1213 2164 1325 2208 sicut
1347 2164 1400 2208 ab
1434 2165 1526 2224 ipso
1550 2166 1736 2211 Domino
1766 2166 1856 2211 dic·
1878 2157 1882 2205 i

481 2245 571 2279 tum
599 2244 663 2279 est.
680 2235 882 2289 Ananiae,
909 2250 1007 2278 cum
1032 2233 1147 2278 idem
1170 2234 1294 2278 iilum
1316 2236 1502 2279 Ananias
1533 2245 1739 2296 tanquam
1760 2252 1852 2296 per·
1878 2259 1880 2271 ν

479 2315 718 2350 secutorem
747 2305 1092 2351 Christianorum
1127 2303 1379 2349 formidaret
1416 2325 1424 2349 ι
1450 2308 1583 2363 «Ego
1617 2306 1678 2349 illi
1712 2300 1879 2375 osten-J

480 2394 500 2417 »
536 2374 653 2430 dam,
674 2376 832 2435 inquit,
852 2391 950 2436 quae
968 2383 1165 2434 oporteat
1181 2389 1280 2418 eum
1296 2375 1384 2434 pati
1400 2390 1478 2434 pro
1495 2375 1672 2419 nomine
1686 2391 1782 2421 meo
1794 2379 1848 2420 ⁵.»
1874 2403 1876 2421 ;

478 2448 787 2490 Verumtamen
824 2456 1000 2506 propter
1034 2446 1325 2490 remissionem
1368 2456 1668 2506 peccatorum,
1705 2447 1748 2491 in
1770 2460 1849 2507 qua
1872 2438 1875 2508 f

524 2562 530 2574 ¹
561 2555 662 2586 (tutat.
684 2566 715 2593 1,
738 2566 765 2585 1.
790 2572 826 2576 —
850 2562 859 2576 Ἴ
888 2567 895 2586 ι
927 2556 1005 2586 Tim.
1027 2566 1071 2594 ιι,
1106 2555 1134 2585 Γ».
1165 2572 1202 2575 -
1233 2553 1370 2586 Matini.
1395 2555 1705 2596 v1,1‹5.—l=lb1l
1742 2567 1787 2597 ιζ.
1819 2571 1846 2576 -
1882 2566 1884 2569 ’

474 2608 487 2631 5
506 2611 577 2641 Act.
599 2623 641 2651 ix„
664 2614 710 2642 ιθ,
