1924 3309
466 239 546 277 138
885 254 919 284 s.
955 255 1186 290 Aueus‘nm
1218 263 1399 293 zmscom

461 314 546 360 diae
572 320 887 378 mansuetudo,
926 323 1208 373 ebrietatibus
1228 338 1271 375 et
1292 333 1677 380 comessationibus
1703 339 1843 384 conti·
1892 393 1896 403 α

460 388 607 433 nentia
629 389 883 438 reluctatur.
1168 431 1180 447 ,
1900 447 1902 474 Ξ

517 459 613 502 Lu.
639 462 702 505 Ne
718 464 814 522 quis
836 479 938 508 sane
955 467 1189 512 arbitretur
1205 469 1288 516 hoc
1305 486 1394 516 esse
1411 472 1618 519 invidiam
1637 477 1758 537 quod
1779 489 1843 525 est
1900 487 1904 535 ᾗ

458 529 676 576 aemulatio
699 552 707 577 ι
733 534 869 579 vicina
889 537 1003 580 enim
1024 548 1147 593 sunt,
1164 550 1206 584 et
1223 553 1400 602 propter
1417 545 1551 603 ipsam
1577 548 1843 596 vicinitatem
1900 581 1903 590 ι

456 598 715 662 plerumque
740 606 999 651 utrumlibet
1032 609 1188 654 horum
1224 627 1303 671 pro
1325 613 1460 659 altero
1478 651 1488 669 ‚
1526 617 1596 661 vel
1623 619 1842 667 aemulatio
1900 611 1906 648 l

455 670 637 726 invidia,
673 672 741 716 vel
774 675 934 719 invidia
971 693 1050 737 pro
1081 680 1359 728 aemulatione
1392 685 1583 744 ponitur.
1619 688 1703 733 Sed
1741 693 1842 751 quia
1902 691 1904 693 ’

455 748 693 801 utrumque
715 743 784 787 hie
806 743 911 789 locis
932 748 1019 792 suis
1041 748 1209 794 dictum
1232 762 1318 808 est,
1344 755 1499 815 utique
1520 756 1842 806 distinctionem

454 810 509 853 de
530 813 654 855 nobis
678 813 891 872 flagitant.
919 819 1028 862 Nam
1064 821 1286 867 aemulatio
1310 833 1373 868 est
1395 824 1521 870 dolor
1543 828 1703 884 animi,
1741 845 1839 875 cum
1894 869 1896 874 .

453 880 561 924 alius
590 884 787 940 pervenit
809 885 863 928 ad
902 903 1015 942 rem,
1041 906 1171 951 quam
1203 892 1292 938 duo
1315 894 1515 954 pluresve
1543 901 1809 958 appetebant
1827 938 1837 957 ,
1895 923 1897 937 ε

453 959 496 994 et
516 951 596 994 nisi
618 952 673 995 ab
694 969 783 999 uno
806 955 955 1001 haberi
979 975 1066 1003 non
1089 971 1243 1020 potest¹
1271 967 1400 1009 Istam
1420 976 1544 1011 sanat
1561 984 1666 1027 pax,
1689 986 1774 1030 qua
1796 971 1841 1016 id
1894 1014 1897 1035 i

453 1023 717 1080 appetimu8‚
760 1026 880 1084 quod
916 1043 1065 1073 omnes
1100 1033 1176 1091 qui
1216 1044 1452 1093 appetunt,
1490 1038 1523 1081 si
1563 1050 1836 1100 assequatur,

451 1106 589 1135 unum
611 1093 654 1135 in
678 1108 729 1137 eo
755 1095 883 1141 fiunt.
911 1101 1077 1145 Invidia
1100 1119 1203 1148 vero
1226 1104 1352 1150 dolor
1374 1107 1506 1151 animi
1531 1119 1619 1164 est,
1641 1126 1742 1155 cum
1769 1112 1839 1156 in-

449 1161 608 1220 dignus
626 1163 798 1209 videtur
815 1168 970 1228 aliquis
1000 1175 1193 1233 assequi,
1219 1176 1346 1220 etiam
1372 1178 1493 1238 quod
1514 1188 1563 1223 tu
1587 1197 1674 1225 non
1707 1198 1840 1242 appe-
1894 1239 1899 1255 ι

453 1231 584 1275 tebaS.
614 1236 737 1278 Hanc
759 1247 881 1282 sanat
899 1243 1205 1298 mansuetudo,
1230 1261 1330 1289 cum
1350 1248 1536 1308 quisque
1554 1248 1609 1293 ad
1625 1250 1839 1310 judicium

451 1302 526 1344 Dei
568 1318 794 1360 revocans,
836 1324 924 1353 non
954 1312 1109 1357 resistit
1143 1315 1362 1360 voluntati
1397 1319 1510 1377 ejus,
1551 1329 1594 1363 et
1634 1322 1767 1380 magis
1800 1323 1839 1368 ei

448 1371 587 1417 credit
608 1385 723 1419 recte
758 1376 922 1424 factum
944 1397 1055 1437 esse„
1083 1401 1215 1444 quam
1243 1387 1323 1430 sibi
1354 1389 1476 1448 quod
1504 1391 1688 1448 putabat
1722 1392 1837 1437 indi-

450 1458 601 1502 gnum.

509 1518 626 1559 LIII.
652 1536 671 1559 «
696 1520 1013 1567 Crucifixerunt
1032 1534 1176 1569 autem
1199 1542 1372 1573 carnem
1407 1545 1529 1573 suam
1552 1546 1652 1575 cum
1676 1535 1835 1592 passio·
1895 1527 1899 1539 ‘

452 1603 471 1623 n
507 1587 636 1631 nibus
656 1598 698 1632 et
733 1594 1140 1651 concupiscentiis¹,
1169 1615 1188 1638 »
1216 1598 1328 1643 sicut
1365 1613 1683 1661 consequenter
1704 1604 1830 1661 dicit,

451 1675 471 1697 «
506 1657 581 1716 qui
604 1669 705 1703 sunt
727 1660 771 1704 in
795 1663 966 1708 Christo
989 1667 1106 1709 Jesu.
1137 1686 1155 1707 υ
1184 1670 1309 1713 Unde
1331 1681 1476 1714 autem
1501 1674 1827 1731 crucifixerunt,

447 1728 526 1771 nisi
548 1730 699 1773 timore
721 1732 796 1776 illo
818 1744 935 1778 casto
960 1748 1241 1795 permanente
1258 1741 1301 1783 in
1323 1742 1532 1786 saeculum
1552 1745 1723 1799 saeculi,
1745 1763 1831 1806 quo

445 1812 646 1843 cavemus
669 1801 890 1847 offendere
912 1804 1033 1849 illum
1054 1842 1064 1859 ‚
1096 1824 1224 1867 quem
1250 1819 1341 1853 toto
1366 1811 1517 1866 corde,
1546 1822 1634 1858 tota
1668 1816 1826 1872 anima,

447 1876 535 1911 tota
559 1880 703 1913 mente
726 1870 1002 1930 diligimus2?
1025 1879 1121 1919 Non
1144 1878 1258 1921 enim
1282 1880 1364 1923 hoc
1384 1882 1538 1925 timore
1557 1884 1680 1928 timet
1702 1885 1829 1930 adul-

444 1948 555 1992 tera,
582 1955 636 1982 ne
657 1942 928 1987 custodiatur
944 1960 966 1987 a
984 1946 1092 2001 viro,
1112 1964 1200 2007 quo
1226 1949 1346 1994 timet
1364 1961 1480 1996 easta
1502 1969 1556 1996 ne
1573 1953 1796 2000 deseratur
1815 1976 1823 2002 z

442 2008 503 2051 illi
527 2009 641 2052 enim
668 2010 796 2055 tristis
820 2024 882 2056 est
904 2017 1131 2073 praesentia
1155 2018 1256 2073 viri,
1282 2021 1384 2065 huic
1411 2022 1618 2066 absentia.
1652 2027 1706 2069 Et
1729 2025 1826 2071 ideo

443 2078 661 2122 timorille
682 2093 911 2140 corruptus
939 2094 1027 2140 est,
1057 2095 1099 2129 et
1123 2089 1302 2132 transire
1325 2106 1414 2134 non
1446 2091 1541 2136 vult
1571 2093 1653 2137 hoc
1687 2111 1826 2140 saecu-

440 2148 532 2192 lum
556 2168 563 2192 ;
585 2149 663 2192 iste
686 2159 832 2194 autem
854 2162 1005 2198 ‘castus
1031 2168 1255 2214 permanet
1274 2159 1317 2202 in
1345 2161 1552 2205 saeculum
1575 2164 1736 2208 saeculi.
1766 2166 1825 2210 De

441 2235 530 2279 quo
550 2220 704 2263 timore
726 2224 920 2282 erneifigi
951 2235 1072 2284 optat
1092 2229 1305 2286 Propheta
1322 2266 1332 2284 ,
1365 2246 1465 2275 cum
1503 2233 1607 2278 dicit
1628 2254 1638 2279 ε
1663 2255 1682 2277 «
1704 2238 1822 2280 Con-

443 2307 463 2331 »
499 2291 582 2347 fige
600 2288 729 2333 clavis
750 2307 772 2335 a
792 2294 945 2338 timore
964 2304 1039 2339 tuo
1061 2312 1208 2341 carnes
1232 2315 1344 2343 meas
1360 2303 1389 2344 3.
1422 2320 1440 2343 »
1460 2305 1543 2347 Ista
1560 2319 1665 2348 crux
1684 2315 1747 2350 est
1768 2307 1822 2350 de

438 2375 522 2420 qua
546 2359 752 2404 Dominus
783 2362 887 2408 dicit
920 2384 927 2409 :
967 2384 985 2407 «
1023 2365 1143 2410 Tolle
1174 2383 1346 2413 crucem
1383 2380 1527 2428 tuam,
1566 2383 1609 2418 et
1641 2389 1820 2435 sequere

442 2448 462 2472 »
498 2446 568 2474 me
584 2430 615 2473 ⁴.
639 2447 657 2469 »

504 2534 512 2549 ¹
533 2528 634 2562 Galat.
662 2541 696 2572 v,
713 2530 767 2571 24.
786 2547 826 2553 -—
843 2538 855 2552 ²
876 2532 953 2563 Psal.
979 2542 1078 2571 xvnt,
1106 2543 1154 2565 ιο.
1178 2549 1217 2555 -
1242 2532 1254 2556 ³
1286 2535 1331 2566 Id.
1355 2545 1460 2578 vanl,
1494 2547 1564 2570 120.
1590 2556 1630 2562 —-
1652 2540 1667 2568 t·
1694 2541 1812 2574 Matth.

438 2591 525 2624 nv1,
551 2584 605 2625 24.
