1924 3309
494 334 510 370 1
527 333 574 370 18
919 333 954 366 s.
990 331 1221 364 mensum
1250 328 1433 359 anscom

491 407 745 454 auctoritate
769 420 844 465 per
862 403 1013 447 orbem
1032 409 1246 444 terrarum
1266 395 1312 440 in
1325 391 1527 439 Ecclesiis
1541 391 1727 450 legatur,
1744 387 1874 448 plena

492 488 593 525 sunt
615 473 916 522 conventicula
939 479 1084 516 nostra
1114 466 1389 518 hominibus,
1414 462 1491 524 qui
1512 471 1708 520 tempora
1730 472 1896 518 rerum.

493 547 758 608 agendarum
779 562 802 589 a
819 539 1134 588 mathematicis
1156 536 1389 595 accipiunt.
1412 536 1614 577 Jamvero
1637 545 1692 574 ne
1709 525 1876 588 aliquid
1895 537 1897 542 '

491 621 746 669 inchoetur,
772 624 848 659 aut
869 611 1154 657 aedificiorum
1172 641 1183 663 ‚
1209 616 1285 650 aut
1306 601 1558 664 hujusmodi
1578 597 1894 661 quorumlibet

492 704 674 752 operum
690 723 701 743 ‚
725 686 877 731 diebus
899 697 1009 742 quos
1030 678 1294 739 aegyptiacos
1310 683 1485 727 vocant,
1512 686 1627 732 saepe
1651 670 1781 715 etiam
1799 683 1891 715 nos

491 775 668 807 monere
690 773 779 803 non
802 755 1032 808 dubitant,
1057 750 1320 803 nescientes,
1339 755 1389 791 ut
1411 744 1571 789 dicitur
1587 778 1598 798 ‚
1624 742 1702 786 ubi
1723 741 1894 786 ambu-

492 829 740 894 lant.Quqd
759 828 792 872 si
814 826 937 870 locus
958 825 1036 868 iste
1054 823 1109 866 de
1133 819 1390 865 Judaeorum
1413 814 1707 875 superstitiosa
1729 812 1893 856 obser·-

491 905 664 950 vatione
685 896 993 957 intelligendus
1015 904 1094 949 est,
1120 907 1250 953 quam
1272 905 1391 950 spem
1410 888 1591 941 habent,
1605 899 1706 929 cum
1727 882 1877 928 Chris-

492 978 632 1021 tianos
666 988 709 1017 se
742 970 826 1015 dici
860 968 1024 1021 velint,
1062 980 1114 1008 ex
1148 959 1428 1022 ephimeridis
1459 958 1594 1003 vitam
1623 952 1893 1012 naufragam

495 1048 784 1106 gubernantes
819 1037 997 1101 quando
1024 1036 1078 1080 de
1106 1033 1262 1079 divinis
1284 1031 1429 1081 libris,
1455 1044 1565 1089 quos
1600 1029 1715 1071 Deus
1736 1023 1893 1069 adhuc

494 1115 656 1163 carnali
678 1112 841 1174 populo
863 1108 984 1154 dedit
1005 1143 1014 1162 ‚
1036 1107 1070 1150 si
1093 1120 1212 1149 more
1234 1101 1491 1148 Judaeorum
1515 1108 1708 1156 tempora
1730 1094 1878 1140 obser-

494 1195 647 1233 varent
667 1220 678 1240 ,
705 1185 868 1228 diceret
891 1181 950 1224 eis
974 1176 1207 1237 Apostolus
1228 1194 1237 1220 z
1261 1193 1282 1216 «
1309 1173 1457 1217 Timeo
1478 1185 1555 1214 vos
1578 1184 1633 1213 ne
1658 1167 1770 1211 forte
1791 1165 1894 1247 sine,

498 1279 519 1301 »
556 1273 683 1303 causa
700 1251 989 1299 laboraverim
1009 1249 1053 1292 in
1074 1248 1180 1293 vos?
1205 1264 1225 1286 »
1252 1247 1309 1289 Et
1326 1252 1471 1286 tamen
1486 1243 1499 1267 1
1526 1240 1559 1284 si
1581 1234 1880 1297 deprehenda-

496 1341 568 1376 tur
596 1329 827 1389 quisquam
860 1321 931 1365 vel
968 1320 1307 1365 catechumenus
1330 1312 1513 1374 judaico
1548 1310 1633 1354 ritu
1655 1307 1887 1353 sabbatum

497 1402 756 1451 observans,
793 1394 1089 1439 tumultuatur
1122 1386 1326 1433 Ecclesia.
1354 1386 1480 1429 Nunc
1513 1391 1661 1426 autem
1683 1364 1904 1427 innume-12

499 1470 656 1516 rabiles
679 1468 733 1512 de
752 1479 933 1510 numero
956 1460 1151 1506 fidelium
1167 1471 1267 1501 cum
1291 1446 1447 1512 magna
1468 1449 1736 1496 confidentia
1758 1448 1804 1491 in
1824 1445 1867 1493 fa
1886 1466 1887 1469 ’

501 1543 611 1587 ciem
633 1539 759 1583 nobis
781 1537 937 1581 dicunt
951 1568 962 1586 ‚
985 1531 1061 1574 Die
1078 1537 1175 1589 post
1194 1523 1412 1571 Kalendas
1435 1538 1526 1567 non
1549 1519 1814 1580 proficiscor.

503 1613 573 1657 vix
605 1610 721 1653 lente
755 1607 835 1650 ista
867 1602 1150 1663 prohibemus
1187 1595 1425 1640 arridentes
1443 1627 1453 1647 ‚
1479 1607 1534 1635 ne
1556 1591 1823 1642 irascantur,
1847 1595 1902 1649 ‘³²1

506 1685 706 1728 timentes
744 1693 798 1721 ne
825 1674 948 1735 quasi
971 1685 1134 1716 novum
1158 1665 1325 1727 aliquid
1355 1664 1580 1707 mirentur.
1608 1663 1685 1706 Vae
1706 1674 1836 1719 pecca
1858 1658 1866 1666 '
1887 1650 1897 1684 ’ἶ

507 1753 734 1798 hominum
753 1784 764 1803 ,
786 1762 885 1807 quae
907 1743 996 1788 sola
1018 1741 1222 1785 inusitata
1240 1733 1595 1781 exhorrescimus.
1609 1732 1772 1776 Usitata
1791 1743 1896 1783 vemt,

508 1839 589 1883 pro
606 1821 768 1882 quibus
785 1814 1014 1861 abluendis
1032 1810 1129 1855 Filii
1157 1808 1229 1852 Dei
1256 1805 1427 1862 sanguis
1445 1804 1607 1847 effusus
1629 1811 1692 1846 est
1706 1836 1718 1856 ‚
1739 1786 1897 1871 quam-7¹

511 1895 617 1939 libet
638 1904 792 1947 magna
817 1888 901 1930 sint
920 1919 931 1939 ‚
957 1893 1000 1927 et
1028 1880 1205 1925 omnino
1227 1876 1371 1922 claudi
1389 1883 1540 1920 contra
1562 1889 1605 1916 se
1623 1872 1784 1917 faciant
1800 1864 1909 1948 regati

513 1979 619 2010 num
644 1961 747 2014 Dei,
773 1972 885 2015 saepe
907 1951 1098 1999 videndo
1131 1948 1275 1994 omnia
1305 1946 1512 1999 tolerare,
1535 1958 1649 2002 saepe
1671 1929 1907 2054 tolerandos!

514 2033 725 2082 nonnulla
743 2032 870 2074 etiarn
894 2027 1035 2071 facere
1057 2021 1254 2080 cogimur
1273 2029 1428 2076 :atque
1447 2015 1630 2068 utinam,
1655 2029 1682 2058 o
1696 1998 1907 2069 Domine&

515 2123 606 2153 non
622 2103 766 2149 omnia
789 2115 887 2160 quae
910 2112 999 2140 non
1021 2092 1290 2153 potuerimus
1315 2087 1545 2148 prohibere
1561 2121 1573 2140 ‚
1599 2084 1822 2130 faciamus.
1872 2070 1907 2202 j*

574 2175 780 2221 XXXVI.
809 2168 891 2215 Sed
905 2169 992 2227 jam
1014 2163 1235 2208 videamus
1251 2175 1350 2218 quae
1370 2153 1628 2217 sequuntur.
1656 2158 1766 2201 Sane
1787 2167 1872 2214 prae
1893 2169 1896 2202 i

519 2251 770 2296 terieramus
792 2239 914 2300 quod
935 2236 1099 2280 dictum
1121 2240 1210 2275 est:
1240 2248 1259 2271 «
1281 2231 1405 2273 Nunc
1429 2236 1573 2271 autem
1593 2209 1895 2286 cognoscenter}²

524 2343 545 2365 n
580 2325 718 2365 Deum
739 2351 749 2370 ‚
774 2315 862 2358 imo
885 2307 1044 2366 cogniti
1069 2321 1091 2348 a
1128 2307 1216 2347 Deo
1230 2304 1262 2344 2.
1292 2319 1311 2341 »
1338 2300 1522 2345 Videtur
1544 2297 1659 2342 enim
1683 2305 1798 2341 certe
1818 2290 1896 2363 hoq>

520 2395 617 2438 loco
640 2389 769 2432 etiam
794 2378 1028 2442 apostolica
1063 2375 1225 2419 locutio
1261 2384 1500 2429 congruere
1528 2366 1640 2412 velle
1662 2365 1896 2439 infirmitati

521 2461 751 2509 hominum
772 2475 782 2500 ·.
806 2470 861 2497 ne
894 2443 1201 2495 tantummodo
1232 2443 1277 2486 in
1299 2441 1465 2485 Veteris
1489 2437 1752 2483 Testamenti
1782 2433 1895 2506 libfi'l'

523 2546 662 2594 usque
697 2528 752 2573 ad
787 2535 975 2569 terrenas
1008 2516 1239 2563 hominum
1276 2512 1555 2570 cogitationes
1592 2507 1747 2553 modus
1768 2505 1889 2565 divin¹

522 2602 684 2665 eloquii
705 2594 973 2643 descendisse
990 2588 1201 2636 videatur.
1223 2587 1330 2631 Nam
1353 2582 1562 2643 quoniam
1582 2579 1767 2626 correxit
1781 2576 1895 2638 quod!

573 2698 581 2713 ¹
606 2690 709 2721 Forte
725 2688 758 2716 et
770 2685 906 2715 tantum.
927 2693 966 2699 —
988 2683 1000 2698 ²
1019 2673 1121 2706 Galat.
1146 2681 1193 2711 rv,
1212 2681 1244 2710 9.

1885 2685 1888 2701 ι

1885 2720 1888 2744 Ι

1884 2759 1888 2795 ι’

1883 2874 1902 2961 l.

1883 3020 1886 3048 Ι

1882 3056 1886 3095 l
