1867 3320
147 418 167 443 »
201 402 332 451 facies
365 411 550 458 Domine
565 451 576 471 ‚
616 420 724 468 sicut
745 429 869 476 multi
922 435 929 442 '

144 488 166 513 »
201 476 362 523 Deus²z
386 483 625 543 »adjunxit
640 501 682 537 et
696 495 754 540 ait
771 516 781 543 ι
800 518 819 541 «
873 503 879 510 ’
903 505 926 512 '‘

139 556 241 602 ergo
257 547 390 605 paulo
402 561 503 597 ante
520 555 681 606 dixisti?
704 567 830 614 Homi

142 630 164 655 «
197 616 422 677 Homines,
461 623 625 686 inquit,
649 642 692 677 et
715 637 914 695 jumenta
940 649 1075 697 salvos
1107 655 1252 718 facieS‚
1296 669 1493 722 Domine:

138 699 160 724 »
195 684 274 731 filii
295 699 442 736 autem
462 694 691 747 hominum
717 739 726 749 .
755 725 775 748 »
816 714 930 765 Quid
951 725 1076 779 ergo?
1113 745 1132 768 «
1168 729 1243 775 filii
1279 735 1497 792 hominum

136 770 155 793 »
189 756 272 801 sub
309 763 497 820 tegmine
537 767 704 818 alarum
739 785 911 828 tuarum
947 794 1193 847 sperabunt.
1234 821 1253 844 n
1291 809 1381 854 Hoc
1408 829 1494 860 non

127 838 229 871 cum
258 829 484 888 jumentis.
526 843 668 892 Quare
705 861 806 908 ergo
827 852 894 897 isti
917 867 959 901 et
979 860 1039 905 illi
1080 865 1302 918 homines?
1336 883 1490 929 Annon

125 895 255 942 etiam
296 900 494 951 homines
524 909 603 955 filii
625 914 883 968 hominum?
901 930 1095 979 Profecto
1117 949 1158 983 et
1194 943 1383 995 homines
1412 955 1486 999 filii

123 965 366 1018 hominum.
401 979 526 1024 Unde
546 982 679 1042 igitur
699 988 778 1035 ista
799 994 1033 1058 distinctio,
1058 1007 1136 1051 nisi
1159 1014 1257 1070 quia
1279 1028 1342 1062 est
1363 1022 1490 1069 homo

120 1038 309 1096 quinon
330 1056 421 1091 erat
444 1049 560 1095 filius
585 1054 802 1105 hominis?
837 1068 977 1113 Homo
1015 1089 1102 1120 non
1139 1080 1250 1127 filius
1291 1087 1486 1149 hominis,

118 1107 285 1158 Adam:
310 1114 443 1163 homo
455 1119 570 1167 filius
585 1125 788 1187 hominiS,
813 1136 1018 1186 Christus.
1038 1146 1154 1193 Sicut
1174 1151 1217 1196 in
1239 1156 1373 1202 Adam
1393 1178 1488 1208 mo-

754 1219 796 1247 es
814 1206 1144 1262 vivificabuntur
1157 1223 1399 1276 ².Quaerunt
1415 1249 1483 1278 sa-

922 1710 1032 1763 pes³.
1060 1712 1221 1759 Futura
1243 1733 1341 1776 ergo
1364 1739 1460 1781 qua}

844 1775 1176 1827 Inebriabuntur
1192 1787 1246 1830 ab
1269 1790 1461 1839 ubertate

847 1852 910 1887 rte
940 1853 1299 1905 quemadmodum
1332 1865 1458 1920 paulo

847 1920 863 1954 t
884 1914 926 1956 in
950 1919 1050 1972 Deo,
1075 1923 1134 1966 sic
1150 1925 1192 1968 in
1211 1929 1300 1985 ejus
1318 1932 1457 1979 ebrie-

843 1983 1076 2032 ess'abilium
1109 1992 1339 2052 bonorum,
1379 2005 1451 2048 sed

836 2066 892 2096 m.
910 2055 1103 2103 Dicamus
1122 2070 1275 2114 tamen,
1291 2072 1446 2127 cogitet

94 1750 427 1811 promittuntur,
462 1758 759 1811 inebriabunt.
794 1789 814 1812 «

96 1830 117 1856 »
151 1816 307 1866 domus
341 1832 444 1870 tuae.
481 1846 501 1870 »
529 1831 677 1879 Timeo
711 1852 767 1880 ne
800 1838 843 1884 fo

23 1903 32 1911 ·
91 1895 192 1932 ante
212 1893 407 1940 membra
429 1903 620 1959 corporis
641 1910 842 1964 quaereba

3 1945 10 2004 f
32 2008 34 2011 Ι
89 1962 177 2002 tate
204 1962 364 2019 cogitet
384 1967 648 2029 satietatem,
687 1991 776 2021 non
798 1980 839 2023 in

42 2014 44 2018 ¹
85 2029 307 2087 crapulam
324 2037 565 2085 carnalium
581 2047 830 2094 convivioru

1051 2215 1072 2252 ·,
1108 2214 1315 2260 quantum
1342 2225 1440 2268 pos-

51 2276 53 2278 .
78 2252 243 2299 sumus,
254 2246 504 2305 spiritaliter
524 2254 804 2305 delectemur.
819 2282 838 2305 «
852 2266 1194 2327 Inebriabuntur,
1211 2276 1361 2336 inquit.
1387 2284 1439 2324 ab

81 2326 100 2352 n
134 2312 335 2363 ubertate
352 2319 508 2368 domus
528 2334 632 2383 tum,
653 2338 696 2374 et
716 2339 902 2378 torrente
918 2336 1142 2397 voluptatis
1162 2352 1244 2388 tuae
1275 2352 1437 2406 potabis

2 2426 4 2430 ,
55 2387 57 2390 ’
79 2396 98 2422 n
133 2397 220 2430 eos.
245 2404 264 2430 υ
287 2391 385 2443 Quo
403 2393 520 2451 vino,
541 2413 629 2457 quo
653 2411 807 2457 musto,
827 2420 908 2464 qua
934 2408 1060 2463 unda,
1079 2428 1165 2471 quo
1188 2417 1324 2466 mello,
1350 2437 1435 2478 quo

7 2454 10 2456 ’
73 2458 270 2501 nectare?
291 2462 459 2513 Quaeris
475 2470 598 2526 quoP'
617 2488 636 2512 «
676 2474 884 2524 Quoniam
903 2477 1015 2534 apud
1034 2488 1072 2521 ιι·
1093 2492 1153 2526 (est
1171 2483 1262 2527 fons
1278 2488 1385 2532 vitm.
1410 2511 1424 2526 ἰ

2 2555 4 2582 3
44 2550 46 2553 -
70 2523 192 2583 Bibe,
217 2529 250 2573 si
272 2541 420 2590 potes,
464 2537 613 2584 vitam.
648 2544 956 2590 Conscientiam
991 2564 1103 2606 parxi.
1144 2570 1226 2598 non
1251 2558 1389 2614 gulam
1417 2600 1419 2602 .

116 2615 125 2634 ¹
150 2613 228 2646 Psat.
249 2625 346 2660 xxxv,
364 2629 397 2662 7,
416 2625 480 2655 cte.
502 2639 543 2646 -—
561 2631 572 2648 ²
597 2636 606 2657 ι
631 2629 700 2660 (ζον.
726 2640 775 2670 xv,
799 2640 851 2662 τι.
876 2649 912 2654 -
934 2631 945 2653 ³
970 2636 1056 2665 Ιὶυιιι.
1083 2649 1144 2672 vm,
1167 2642 1250 2719 apr

1214 2708 1221 2714 ”
1248 2711 1256 2732 0
