1867 3320
317 286 522 315 Emsrom
554 285 609 314 An
641 284 829 315 GALATAS
861 286 1104 316 EXPOSITIO?
1323 280 1404 319 143

26 352 134 398 tebit
152 385 163 407 ‚
188 366 320 412 quam
341 367 430 396 non
447 351 684 396 debeamus
703 367 834 410 super
856 350 1041 396 aliorum
1058 353 1280 411 superbire
1304 371 1407 414 pec-

28 431 140 477 cata,
163 421 340 482 quando
360 423 405 466 in
427 422 517 482 ipsa
535 438 687 467 eorum
706 423 1006 483 objurgatione
1029 438 1259 482 peccamus
1277 459 1287 478 ,
1308 441 1410 470 cum

28 491 190 538 facilius
212 508 289 536 nos
327 492 389 536 ira
411 494 656 553 peccantis,
692 493 852 548 iratos,
882 507 1015 553 quam
1044 492 1213 537 miseria
1242 493 1410 538 miseri-

28 561 175 607 cordes
198 559 315 606 facit.

85 634 242 676 LVIII.
278 652 298 674 «
323 631 444 677 Alter
465 632 641 677 alterius
659 647 790 677 onera
816 641 985 692 portate
1001 666 1012 688 ,
1037 641 1081 676 et
1101 632 1162 676 sic
1195 631 1411 691 adimple-

0 733 1 739 ,
32 718 54 744 n
87 701 186 745 bitis
204 704 362 760 Legem
377 703 587 746 Christi¹:
607 722 625 744 »
645 706 805 761 Legem
830 702 982 762 utique
1006 702 1240 747 charitatis.
1270 703 1311 748 Si
1332 719 1412 747 au-

0 757 1 773 *
29 779 117 816 tem
155 771 306 830 implet
345 774 503 830 Legem
536 773 613 832 qui
650 772 793 830 diligit
835 773 1078 831 proximum
1094 807 1106 828 ,
1149 771 1414 833 dilectioque

30 841 211 901 proximi
229 842 358 886 etiam
382 843 427 885 in
446 843 664 886 veteribus
685 842 915 901 Scripturis
931 844 1115 886 maxime
1132 843 1415 888 commenda·-

30 915 158 963 tui-²3
184 913 228 955 in
250 929 336 972 qua
358 912 594 958 dilectione
624 912 730 956 dicit
759 912 843 956 alio
870 912 967 957 loco
1000 913 1116 957 idem
1148 914 1381 973 Apostolus
1400 949 1412 970 ,

29 981 302 1041 recapitulari
324 983 469 1026 omnia
491 981 695 1027 mandata
711 982 858 1039 Legis³
877 1002 886 1027 :
907 983 1185 1026 manifestum
1203 993 1267 1028 est
1285 984 1415 1027 etiam

30 1050 146 1097 illam
182 1051 470 1111 Scripturam,
513 1068 611 1112 quae
633 1052 766 1112 priori
798 1051 964 1112 populo
997 1051 1098 1096 data
1128 1062 1218 1107 est,
1257 1056 1417 1112 Legem

0 1111 9 1157 l
32 1122 190 1169 Christi
208 1138 319 1177 esse,
346 1138 475 1183 quam
498 1124 615 1167 venit
635 1122 814 1182 implere
837 1123 1067 1178 charitate,
1094 1140 1192 1184 quae
1223 1140 1312 1169 non
1335 1125 1419 1168 im-

31 1192 231 1253 plebatur
254 1193 408 1237 timore
424 1194 455 1236 ⁴.
484 1193 647 1236 Eadem
666 1193 798 1252 igitur
833 1194 1051 1254 Scriptura
1074 1204 1118 1238 et
1140 1194 1253 1238 idem
1291 1211 1418 1238 man·

33 1262 208 1318 datum,
233 1279 334 1308 cum
356 1263 479 1306 bonis
497 1263 676 1306 terrenis
699 1263 914 1307 inhiantes
937 1265 1094 1323 premit
1121 1280 1265 1309 servos
1283 1300 1294 1319 ‚
1317 1268 1420 1310 Tes-

0 1350 2 1377 ι
33 1341 273 1378 tamentum
296 1342 444 1389 vetus3
483 1347 583 1376 cum
612 1332 658 1375 in
692 1332 804 1376 bona
839 1343 1001 1378 aeterna
1030 1335 1261 1394 flagrantes
1295 1335 1422 1394 erigit

0 1425 3 1459 l
32 1401 216 1457 liberos,
245 1405 568 1446 Testamentum
593 1417 756 1446 novum
777 1412 972 1448 vocatur.

0 1463 1 1524 J
93 1474 208 1517 LIX.
239 1492 258 1513 «
294 1473 336 1517 Si
359 1488 474 1516 enim
513 1472 689 1532 aliquis,
727 1472 893 1532 inquit,
927 1473 1103 1517 videtur
1136 1489 1225 1518 esse
1255 1473 1423 1534 aliquid

0 1556 3 1576 ι
41 1561 60 1586 n
94 1558 192 1586 cum
213 1542 319 1585 nihil
342 1543 422 1596 sit,
443 1558 487 1585 se
504 1543 643 1600 ipsum
669 1542 834 1586 seducit
852 1545 883 1585 ⁵.
913 1561 933 1583 »
958 1546 1055 1587 Non
1077 1544 1194 1587 enim
1229 1560 1328 1588 eum
1353 1561 1422 1589 se-

38 1611 207 1657 ducunt
226 1613 471 1657 laudatores
488 1614 579 1673 ejus
598 1647 608 1663 ‚
632 1612 706 1656 scd
727 1613 815 1671 ipse
834 1614 979 1671 potius
1001 1633 1009 1658 :
1034 1614 1136 1674 quia
1154 1630 1253 1659 cum
1271 1616 1350 1659 sibi
1370 1616 1424 1660 sit

38 1682 126 1742 ipse
144 1682 394 1742 praesentior
413 1698 543 1742 quam
563 1681 641 1736 illi,
658 1682 822 1726 mavult
837 1699 881 1726 se
898 1683 943 1726 in
964 1683 1046 1728 illis
1065 1700 1277 1743 quaerere,
1291 1701 1426 1745 quam

39 1751 84 1796 in
105 1768 147 1796 se
170 1752 276 1811 ipso.
306 1750 391 1796 Sed
408 1752 514 1811 quid
536 1750 643 1796 dicit
660 1753 927 1811 Apostolus?
949 1773 967 1794 «
989 1755 1110 1813 Opus
1128 1764 1273 1798 autem
1297 1771 1425 1799 suum

44 1839 65 1865 »
98 1822 251 1883 probet
274 1821 570 1882 unusquisque
591 1856 604 1876 ,
626 1831 668 1866 et
688 1833 792 1866 tune
810 1823 852 1867 in
874 1840 918 1867 se
938 1825 1030 1882 ipso
1050 1834 1220 1868 tantum
1245 1826 1427 1884 gloriam

44 1910 66 1935 »
98 1892 306 1947 habebit,
327 1902 370 1936 et
388 1908 475 1936 non
498 1892 540 1934 in
560 1891 724 1935 altero⁰
744 1926 755 1947 ‚
779 1911 798 1932 »
820 1892 865 1935 id
888 1902 966 1947 est,
991 1894 1108 1937 intus
1129 1896 1173 1938 in
1198 1896 1427 1940 conscien-

43 1961 98 2008 tia
121 1978 195 2006 sua
224 1982 232 2007 :
263 1982 281 2003 «
303 1971 345 2005 et
369 1978 455 2005 non
479 1963 522 2005 in
541 1960 702 2015 altero,
731 1980 750 2001 »
777 1960 821 2004 id
849 1971 933 2015 est,
956 1977 1056 2006 cum
1079 1979 1177 2007 eum
1201 1965 1308 2008 alter
1329 1966 1427 2010 lau-

44 2031 131 2085 dat.
154 2051 174 2074 «
197 2032 503 2092 Unusquisque
520 2031 660 2083 enim,
691 2031 861 2091 inquit,
889 2032 1114 2091 proprium
1145 2048 1255 2077 onus
1279 2046 1427 2094 porta-

48 2119 69 2145 »
102 2102 208 2148 bit⁷.
259 2122 276 2144 »
314 2105 412 2147 Non
448 2117 551 2161 ergo
589 2100 834 2145 laudatores
872 2103 1005 2146 nostri
1050 2102 1254 2147 minuunt
1298 2121 1428 2150 onera

47 2173 319 2220 conscientiae
343 2182 500 2217 nostrae
523 2191 530 2216 2
549 2181 679 2232 atque
698 2172 863 2215 utinam
883 2188 969 2217 non
987 2173 1116 2217 etiam
1133 2176 1428 2232 accumulent,

49 2259 147 2291 cum
178 2243 438 2304 plerumque
466 2259 519 2286 ne
552 2242 635 2286 illis
669 2243 846 2288 offensis
874 2244 967 2288 laus
993 2253 1135 2288 nostra
1179 2247 1426 2303 minuatur,

51 2323 122 2360 aut
141 2314 441 2376 objurgatione
458 2311 552 2356 illos
569 2328 721 2356 curare
743 2311 1000 2372 negligimus
1016 2349 1026 2366 ‚
1045 2324 1119 2358 aut
1134 2316 1349 2375 jactanter
1370 2320 1430 2363 eis

52 2382 214 2446 aliquid
248 2394 442 2429 nostrum
487 2392 753 2427 ostentamus
771 2418 782 2436 ‚
819 2384 961 2443 potius
1007 2400 1137 2443 quam
1182 2397 1431 2433 constanter

53 2453 330 2500 ostendimus.
356 2453 522 2498 Omitto
544 2468 592 2497 ea
624 2468 723 2513 quae
752 2453 925 2511 fingunt
948 2463 991 2498 et
1012 2455 1285 2504 mentiuntur
1313 2457 1367 2503 dc
1388 2474 1433 2502 se

101 2556 108 2572 ¹
130 2550 230 2583 Galat.
255 2562 298 2592 vi,
318 2560 351 2592 2,
369 2554 401 2582 et
417 2552 506 2582 num.
532 2559 602 2590 xiii,
619 2549 648 2580 8.
669 2564 709 2570 -
731 2555 742 2570 ²
767 2549 868 2580 Lexit.
887 2560 952 2590 xix,
971 2549 1023 2582 28.
1049 2565 1088 2572 —
1117 2549 1129 2571 ³
1149 2553 1239 2585 Itoni.
1260 2563 1331 2594 nu,
1350 2566 1430 2594 9.-

54 2603 71 2638 4
86 2605 206 2640 Matth.
227 2618 261 2648 v,
282 2617 331 2650 ¹7·
348 2622 389 2630 -
407 2604 422 2629 ⁵
444 2604 547 2639 Galat.
563 2615 607 2646 vi,
626 2605 655 2637 3-
675 2621 715 2628 -
737 2603 752 2626 ⁶
770 2604 849 2638 Ibid.
875 2603 906 2647 4.
927 2622 966 2628 -
985 2612 998 2639 7
1022 2604 1102 2640 Ibid.
1124 2605 1155 2640 5.
