1867 3320
263 196 402 225 SERMo
436 198 540 234 xlv,
576 197 629 223 DE
665 196 795 224 VERSU
834 185 884 224 14
918 198 1067 226 PSALMI
1102 203 1161 227 lx.
1319 192 1395 229 301

30 266 189 312 ciamus
216 284 225 308 ;
250 262 367 307 dives
382 271 447 307 est
464 263 593 307 etiam
620 264 674 308 de
691 263 1005 322 iniquitatibus.
1048 268 1143 309 ,Iam
1184 282 1272 311 non
1312 268 1405 312 vult

31 333 202 388 addere,
236 333 443 392 imposuit
474 332 678 390 modum,
717 333 810 378 fixit
830 333 1011 377 limitem
1035 334 1283 393 cupiditati,
1315 338 1404 397 jam

31 405 157 452 corde
179 404 335 448 militat
355 404 520 463 pietati.

87 477 205 519 VIII.
226 474 349 518 Dives
361 483 446 528 est,
464 475 622 535 inquis.
647 475 922 534 Respondeo,
940 474 1064 518 Dives
1082 483 1160 518 est.
1174 478 1336 520 Iterum
1359 486 1408 521 tu

32 553 248 591 accusator
260 541 554 603 respondes‘et
575 544 695 600 dicis,
712 545 767 589 de
779 545 1007 605 iniquitate
1021 545 1139 589 dives
1153 555 1230 589 est.
1248 547 1359 599 Quid
1376 547 1410 590 si

31 615 132 662 facit
153 615 312 660 amicos
335 614 390 659 de
416 630 662 661 mammona
691 616 955 676 iniquitatis?
998 616 1209 660 Dominus
1235 626 1413 660 noverat

31 686 148 747 quod
165 685 335 730 dicebat
368 704 378 730 2
408 685 563 745 utique
582 702 672 731 non
697 686 882 741 errabat,
907 685 1084 746 quando
1106 686 1410 745 praecipiebat:

34 775 55 799 n
87 755 232 800 Facite
248 755 368 800 vobis
391 757 550 801 amicos
573 756 627 800 de
649 772 895 800 mammona
919 756 1180 816 iniquitatis,
1206 766 1255 800 ut
1273 766 1315 800 et
1332 756 1412 815 ipsi

35 844 55 868 »
87 825 296 884 recipiant
321 841 396 870 vos
433 827 478 870 in
509 826 788 870 tabernacula
821 828 1027 870 aeterna1.
1057 845 1076 867 »
1113 826 1228 879 Quid
1258 827 1291 870 si
1330 827 1413 870 hoc

32 894 131 940 facit
161 895 241 938 iste
263 895 408 940 dives?
449 899 545 940 Jam
583 897 679 940 finit
721 896 1026 954 cupiditatem,
1072 906 1240 940 exercet
1275 897 1414 955 pieta-

31 973 132 1009 tem.
154 967 218 1008 Tu
235 965 344 1008 nihil
366 966 515 1020 habes,
541 965 616 1009 sed
640 966 758 1010 dives
789 967 849 1010 vis
872 966 964 1008 fieri
984 984 992 1009 :
1020 965 1183 1010 incides
1207 967 1251 1009 in
1275 975 1415 1009 tenta-

31 1036 190 1080 tionem
206 1070 216 1090 ,
254 1036 328 1079 sed
360 1035 472 1080 forte
494 1035 596 1079 inde
614 1034 752 1079 factus
771 1051 814 1079 es
836 1035 1138 1094 pauperrimus
1161 1046 1204 1079 et
1225 1035 1415 1093 egentis-

31 1105 184 1159 simus,
230 1105 332 1164 quia
364 1106 507 1149 nescio
544 1105 650 1164 quid
688 1106 877 1149 habebas
915 1115 1143 1163 paternum
1159 1140 1169 1160 ,
1215 1105 1336 1164 quod
1377 1115 1415 1148 te

31 1184 288 1219 sustentaret
308 1210 319 1229 ,
359 1184 403 1219 et
438 1175 656 1219 calumnia
697 1175 839 1234 aliqua
882 1176 1175 1234 competitoris
1218 1174 1410 1219 abstulit.

31 1245 173 1289 Gemis
188 1279 199 1300 ,
230 1244 381 1298 audio,
418 1254 613 1303 tempora
635 1259 808 1288 accusas
832 1264 839 1288 ε
864 1245 983 1303 quod
1005 1245 1159 1302 gemis,
1185 1245 1219 1288 si
1242 1260 1385 1302 posses
1402 1279 1412 1297 ,

29 1313 204 1358 faceres.
242 1317 400 1358 Annon
442 1313 662 1368 videmus,
711 1329 858 1358 annon
904 1314 1168 1374 quotidianis
1212 1314 1416 1373 exemplis

30 1384 157 1444 plena
188 1394 289 1428 sunt
321 1385 492 1428 omnia?
526 1385 625 1427 Heri
662 1384 889 1442 gemebat,
925 1385 1027 1443 quia
1064 1384 1275 1443 perdebat
1303 1400 1376 1428 sua
1402 1405 1412 1441 3

31 1453 158 1498 hodie
181 1454 398 1512 pertinens
421 1454 474 1496 ad
494 1456 724 1513 majorem,
754 1455 865 1512 rapit
890 1454 1044 1498 aliena.

87 1526 164 1568 IX.
192 1525 441 1568 Invenimus
464 1540 611 1568 verum
633 1540 888 1583 pauperem,
926 1526 1169 1568 invenimus
1187 1525 1307 1584 pium
1332 1526 1414 1568 hu-

31 1593 175 1638 milem
190 1629 201 1649 ,
221 1610 309 1638 non
328 1593 383 1637 de
404 1609 448 1638 se
463 1594 669 1638 fidentem
683 1629 693 1648 ,
719 1609 952 1653 pauperem
968 1610 1118 1638 verum
1132 1630 1142 1648 ,
1169 1596 1416 1638 membrum

31 1661 228 1724 pauperis
258 1663 333 1720 qui
368 1671 544 1721 propter
571 1678 650 1707 nos
676 1679 841 1722 pauper
874 1664 1013 1708 faetus
1048 1674 1132 1715 est,
1168 1679 1267 1706 eum
1299 1663 1416 1707 dives

31 1740 155 1777 esset.
179 1730 288 1774 Vide
311 1729 489 1773 divitem
512 1739 706 1774 nostrum
722 1765 733 1784 ,
755 1731 829 1789 qui
852 1740 1027 1789 propter
1050 1747 1126 1774 nos
1151 1747 1312 1790 pauper
1328 1732 1416 1777 fae-

34 1812 101 1848 tus
122 1810 212 1856 est,
257 1816 358 1844 cum
393 1800 511 1844 dives
526 1803 682 1845 esset2.
710 1800 819 1843 Vide
836 1799 958 1844 illum
981 1800 1157 1845 divitem
1181 1821 1189 1846 :
1213 1822 1232 1843 «
1258 1804 1414 1846 Omnia

37 1891 56 1914 »ι
80 1888 156 1932 per
179 1872 319 1932 ipsum
338 1870 448 1914 facta
473 1880 601 1925 sunt,
633 1880 676 1914 et
703 1871 793 1914 sine
822 1872 913 1929 ipso
938 1870 1098 1915 factum
1123 1882 1184 1916 est
1208 1873 1314 1916 nihil
1331 1877 1360 1916 ὅ.
1393 1892 1412 1914 »

37 1942 134 1989 Plus
172 1951 235 1987 est
257 1957 412 1986 aurum
447 1940 607 1994 faeere,
654 1954 785 2000 quam
828 1941 999 1983 habere.
1046 1942 1166 1985 Dives
1201 1957 1243 1985 es
1276 1959 1410 1995 auro,

36 2022 212 2073 argento
228 2048 238 2067 ,
280 2028 434 2072 pecore
450 2047 460 2065 ,
503 2010 688 2064 familia,
731 2008 898 2064 fundis,
942 2010 1153 2054 {ructibus
1169 2046 1179 2062 ,
1225 2012 1302 2055 tibi
1336 2013 1411 2055 ista

37 2100 175 2130 creare
195 2100 281 2128 non
304 2082 493 2142 potuisti.
541 2081 646 2125 Vide
682 2081 805 2124 illum
844 2081 1022 2124 divitem
1063 2101 1070 2124 ;
1115 2101 1133 2123 «
1160 2083 1313 2125 Omnia
1339 2098 1414 2141 per

40 2155 213 2213 »ipsum
229 2152 339 2197 saeta
358 2162 505 2196 sunt.»
527 2151 633 2195 Vide
652 2149 774 2194 ilium
795 2165 1026 2208 pauperem
1049 2170 1056 2194 2
1074 2152 1298 2194 «Verbum
1314 2167 1414 2196 earo

40 2223 241 2268 »factum
265 2232 350 2277 cst,
374 2232 416 2266 et
435 2222 647 2266 habitavit
670 2222 713 2264 in
738 2222 906 2265 nobis⁴.
932 2241 948 2260 »
976 2221 1080 2273 Quis
1102 2222 1231 2278 digne.
1255 2223 1413 2279 cogitet

38 2293 328 2353 divitiasejusP
347 2292 577 2346 Quomodo
597 2292 725 2335 saciat
747 2292 820 2349 qui
845 2306 932 2333 non
957 2292 1018 2343 fit,
1057 2292 1278 2350 quomodo
1301 2302 1414 2336 creet

39 2377 123 2407 non
153 2373 343 2416 creatus,
384 2362 540 2406 formet
573 2378 658 2405 non
694 2362 924 2413 formatus,
968 2362 1188 2404 mutabilui
1216 2379 1410 2410 titaneus,

40 2433 289 2493 temporalia
311 2433 627 2491 sempiternus?
657 2432 756 2485 Quis
780 2432 908 2488 ‹li-,zue
927 2432 1084 2488 rogitet
1109 2432 1276 2475 divitias
1300 2435 1415 2491 ejus?

89 2525 96 2540 ¹
120 2520 195 2550 Luc.
224 2529 293 2558 xvi,
312 2529 343 2559 9.
362 2534 401 2539 -—
425 2524 436 2539 '¹
457 2520 565 2549 21201:
596 2527 663 2554 vni,
686 2528 717 2556 ς).
742 2534 778 2538 -
802 2516 812 2537 ³
828 2519 916 2546 joam.
939 2527 959 2553 ι,
982 2516 1010 2546 3.
1035 2533 1072 2537 -
1096 2515 1208 2547 ³¹1¹·st
1237 2517 1281 2555 η’,
