1924 3309
447 229 533 269 430
881 239 914 266 s.
949 235 1178 267 Ausus-nm
1210 238 1393 267 nmscom

438 309 679 366 justorum,
703 305 778 349 sed
800 305 845 349 in
866 304 945 349 ista
967 306 1033 350 via
1050 323 1060 351 ε
1080 303 1296 363 numquid
1321 305 1366 348 in
1384 302 1552 363 patria?
1573 303 1715 355 Quare
1737 316 1826 347 non

443 378 489 421 in
505 377 672 436 patria?
690 376 798 430 Quia
824 394 845 419 «
866 376 1088 422 venientes
1106 374 1281 419 venient
1301 374 1348 418 in
1371 373 1634 418 exultatione
1654 380 1827 432 portan-

447 465 467 488 »
502 456 565 491 tes
583 446 826 506 manipulos
843 462 956 491 suos.
979 444 1214 488 »Felicitas
1232 444 1351 489 venit
1365 479 1376 498 ,
1397 443 1613 504 numquid
1634 443 1829 501 lacryma

445 518 591 562 redit?
613 521 747 563 Porro
777 527 925 563 autern
944 516 1007 560 illi
1024 516 1100 575 qui
1121 515 1191 559 hic
1213 514 1401 559 inaniter
1421 514 1595 574 plorant
1609 549 1621 570 ,
1643 513 1829 558 inaniter

446 589 615 646 rident,
653 588 967 650 cupiditatibus
1000 586 1086 630 suis
1115 584 1333 644 dissipati,
1363 584 1541 645 quando
1572 583 1831 629 fraudantur

446 669 647 720 gemunt,
670 659 848 721 quando
871 657 1076 701 fraudant
1092 655 1287 700 exultant
1306 674 1315 700 :
1343 655 1513 712 plorant
1534 663 1578 699 et
1599 655 1678 714 ipsi
1698 655 1745 699 in
1759 655 1829 700 via

443 730 544 787 ista,
570 730 745 791 plorant
772 738 815 773 et
836 728 944 789 ipsi3
976 727 1051 772 sed
1072 743 1162 772 non
1184 727 1230 770 in
1255 725 1536 771 exultatione.
1557 725 1828 770 «Venientes

448 819 467 841 ³)
485 810 631 845 autem
644 801 822 845 venient
835 800 881 843 in
895 797 1176 853 exultatione,
1188 805 1410 857 portantes
1422 795 1665 856 manipulos
1681 811 1825 840 suos.»

444 871 560 924 Quid
582 871 819 931 colligunt,
852 870 929 930 qui
959 868 1070 913 nihil
1091 869 1445 913 seminaverunt?
1466 870 1560 912 Imo
1587 865 1802 925 colligunt
1816 900 1827 921 ,

443 942 519 987 sed
536 943 656 1003 quod
677 943 999 987 seminaverunt
1017 941 1144 1001 :quia
1162 940 1304 1000 spinas
1322 939 1660 994 seminaverunt,
1686 938 1831 996 ignem

444 1013 687 1073 colligunt3
719 1022 763 1057 et
790 1021 897 1057 eunt
929 1027 1019 1056 non
1051 1011 1107 1054 de
1138 1012 1246 1055 fletu
1269 1009 1325 1054 ad
1348 1010 1480 1053 risum
1496 1044 1506 1064 ,
1532 1009 1645 1053 sicut
1665 1007 1801 1052 sancti
1817 1041 1829 1063 ,

449 1103 469 1127 «
503 1087 668 1128 Euntes
701 1084 846 1139 ibant,
883 1091 926 1126 et
953 1082 1143 1137 flebant,
1183 1081 1406 1124 mittentes
1438 1080 1600 1124 semina
1622 1094 1727 1134 sua,
1752 1092 1831 1123 ve-

447 1172 467 1195 »
503 1155 670 1199 nientes
693 1163 839 1198 autem
860 1153 1038 1197 venient
1067 1152 1113 1195 in
1139 1150 1404 1195 exultatione
1427 1169 1436 1194 ι
1463 1167 1484 1191 »
1510 1149 1572 1193 illi
1594 1166 1618 1194 a
1639 1149 1748 1193 fletu
1775 1148 1832 1193 ad

444 1225 619 1279 fletum,
646 1241 668 1268 a
693 1224 801 1268 ssetu
829 1238 929 1267 cum
949 1223 1037 1267 risu
1066 1221 1121 1265 ad
1142 1221 1298 1265 fletum
1318 1221 1410 1264 sine
1434 1219 1537 1263 risu.
1570 1218 1687 1272 Quid
1715 1219 1833 1262 enim

444 1295 526 1339 illis
548 1295 653 1338 fiet?
675 1297 772 1348 Quo
795 1302 902 1337 eunt
924 1290 1100 1352 quando
1123 1291 1463 1335 resurrexerint?
1485 1292 1582 1342 Quo
1599 1324 1610 1345 ,
1636 1289 1718 1333 nisi
1737 1304 1827 1349 quo

444 1365 654 1409 Dominus
677 1363 786 1408 dixit
809 1382 819 1408 ι
846 1381 866 1404 «
892 1362 1040 1420 Ligate
1063 1361 1127 1405 illi
1149 1376 1302 1405 manus
1325 1369 1368 1405 et
1389 1359 1521 1420 pedes
1536 1395 1547 1415 ,
1573 1369 1618 1404 et
1637 1359 1833 1419 projicite

446 1454 467 1477 »
494 1435 619 1479 illum
639 1435 684 1478 in
707 1433 908 1479 tenebras
931 1431 1162 1476 exteriores
1179 1433 1192 1457 ¹
1206 1433 1254 1473 ἲ»
1275 1433 1366 1490 Age
1387 1465 1398 1485 ,
1421 1431 1529 1489 quid
1548 1431 1728 1489 postea?
1753 1432 1835 1473 Te-

445 1507 594 1551 nebrae
611 1513 755 1560 erunt,
773 1512 816 1548 et
832 1502 958 1548 dolor
980 1517 1070 1546 non
1092 1502 1204 1545 erit?
1225 1504 1356 1545 Forte
1374 1500 1632 1560 palpabunt,
1650 1499 1725 1544 sed
1742 1514 1832 1544 non

445 1577 695 1622 dolebunt?
722 1591 812 1620 non
830 1574 1067 1629 videbunt,
1099 1572 1175 1617 sed
1205 1587 1295 1616 non
1326 1572 1674 1616 cruciabuntur?
1690 1571 1830 1615 Absit.

443 1651 541 1695 Non
561 1647 665 1692 solae
687 1646 882 1691 tenebrae
904 1654 1034 1689 erunt
1052 1679 1063 1699 ‚
1084 1659 1175 1688 non
1197 1643 1256 1687 eis
1279 1642 1369 1687 sola
1385 1641 1554 1687 tollitur
1571 1642 1732 1701 species
1748 1657 1836 1702 qua

444 1717 710 1777 gaudebant,
730 1716 807 1761 sed
828 1717 958 1760 datur
978 1715 1108 1758 etiam
1130 1714 1251 1774 quod
1271 1716 1318 1758 in
1338 1724 1552 1758 aeternum
1570 1716 1836 1771 gemant.Ne

445 1798 744 1834 contemneres
763 1786 879 1830 enim
899 1784 1101 1829 tenebras
1118 1818 1129 1839 ,
1155 1799 1181 1828 o
1199 1784 1394 1844 quisquis
1417 1799 1459 1827 es
1477 1783 1733 1842 flagitiosus,
1758 1784 1835 1843 qui

445 1861 553 1905 soles
575 1868 752 1919 propter
774 1867 849 1902 tua
877 1856 989 1900 mala
1007 1854 1120 1900 facta
1139 1890 1150 1909 ,
1172 1864 1215 1898 et
1237 1864 1416 1914 propter
1437 1854 1595 1898 lasciva
1621 1854 1834 1899 adulteria

446 1947 536 1975 non
558 1930 699 1975 solum
720 1928 920 1972 tenebras
945 1924 1035 1970 non
1056 1926 1255 1979 horrere,
1281 1923 1358 1969 secl
1380 1939 1574 1984 quaerere
1591 1959 1602 1979 ,
1628 1924 1704 1984 qui
1726 1923 1837 1969 soles

444 2002 542 2061 plus
565 2000 753 2060 gaudere
771 1996 948 2058 quando
970 1995 1149 2040 lucerna
1174 1996 1465 2055 extinguitur:
1488 2011 1579 2040 non
1596 1994 1702 2040 tales
1721 2005 1837 2040 tene-

446 2073 543 2116 bras
566 2070 751 2116 habebis
773 2068 849 2112 ubi
867 2066 1070 2126 gaudeas,
1087 2067 1164 2110 ubi
1184 2066 1357 2121 laeteris,
1376 2066 1453 2109 ubi
1470 2074 1514 2109 te
1535 2065 1836 2125 voluptatibus

446 2143 583 2187 earnis
603 2141 813 2194 oblectes,
828 2154 918 2183 non
934 2138 992 2182 sic
1009 2145 1137 2181 erunt
1156 2137 1260 2195 ipsae
1277 2136 1483 2180 tenebrae.
1511 2137 1594 2180 Sed
1613 2135 1836 2196 quomodo

446 2215 607 2258 erunt?
631 2232 650 2255 «
675 2211 744 2256 Ibi
767 2210 847 2254 erit
863 2209 992 2253 fletus
1009 2217 1052 2252 et
1074 2207 1232 2252 stridor
1254 2207 1451 2251 dentium
1466 2210 1497 2249 ².
1518 2225 1537 2248 n
1566 2209 1721 2251 Tortor
1743 2206 1835 2250 sine

447 2285 648 2340 defectti,
673 2293 815 2328 tortus
838 2282 927 2326 sine
950 2279 1141 2324 defectu.
1167 2281 1254 2324 Nec
1277 2278 1354 2338 qui
1381 2286 1578 2337 torquet,
1602 2276 1833 2336 fatigatur3

448 2373 528 2402 nec
545 2356 621 2417 (1111
644 2363 875 2414 torquetur
890 2388 900 2406 ,
926 2351 1124 2396 moritur.
1149 2352 1293 2394 Erunt
1314 2365 1417 2408 ergo
1439 2358 1614 2392 aeternae
1629 2348 1834 2406 lacrymae

449 2428 531 2472 illis
553 2427 631 2487 (1111
668 2425 726 2469 sic
759 2424 984 2477 vixerunt,
1009 2429 1138 2465 erunt
1169 2429 1329 2464 aeterna
1363 2419 1520 2478 gaudia
1551 2428 1827 2474 sanctorum,

449 2496 630 2559 quando
653 2515 673 2539 «
691 2494 914 2540 venientes
935 2492 1112 2538 venient
1127 2491 1172 2536 in
1194 2490 1460 2536 exultatione
1474 2526 1485 2547 ,
1510 2499 1729 2551 portantes
1745 2505 1834 2535 ma-

498 2590 508 2605 “
528 2582 642 2617 Matth.
668 2592 748 2623 xxu,
772 2579 821 2613 13.
839 2596 880 2602 —
910 2585 922 2601 ²
942 2578 1023 2610 Ibid.
