1867 3320
366 272 571 300 EPISTOLAE
604 270 657 298 An
689 268 877 298 GALATAS
911 272 1145 300 ExposiTio.
1371 265 1449 302 137

73 342 183 384 Cum
205 340 318 382 enim
340 337 687 382 commemoratis
709 337 856 381 multis
879 338 1082 395 operibus
1098 339 1259 391 carnis,
1286 341 1453 385 addidit

77 430 96 453 «
130 419 172 453 et
192 409 256 452 his
279 408 431 453 similia
453 427 462 453 ε
490 426 510 450 »
535 408 634 452 satis
652 407 841 452 ostendit
862 422 951 451 uon
973 422 1016 450 se
1037 408 1116 452 ista
1149 409 1453 456 examinatiore

73 495 254 524 numero
281 479 511 524 collocasse
528 514 539 534 ,
573 480 648 523 sed
669 478 872 523 liberiore
901 494 1097 523 sermone
1130 480 1334 538 posuisse.
1362 485 1453 525 Hoc

71 552 198 595 etiam
219 550 274 594 de
295 550 560 610 spiritalibus
582 550 797 595 fructibus
828 550 944 595 feciti
973 553 1070 596 Non
1093 551 1207 594 enim
1238 551 1296 595 ait
1328 571 1335 594 :
1362 552 1453 596 Ad-

70 635 214 665 versus
232 621 325 664 haec
344 636 469 665 «non
491 629 556 665 est·
578 624 663 664 Lex
687 640 695 665 ;
717 638 737 662 »
762 620 853 675 sed,
880 620 1131 670 «Adversus
1147 620 1413 680 hujusmodi,
1432 641 1450 663 »

70 692 151 735 hoc
173 700 261 746 est,
288 692 375 735 sive
397 692 476 735 ista
499 727 509 746 ‚
535 692 621 736 sive
640 692 767 735 etiam
791 700 945 735 caetera
966 690 1234 751 hujusmodi.

127 764 199 805 LI.
229 760 314 806 Sed
331 770 476 805 tamen
498 761 728 820 diligenter
749 760 1123 805 considerantibus
1138 777 1228 805 non
1240 761 1312 806 hic
1335 762 1454 806 omni

68 830 199 876 modo
220 832 459 875 carnalium
477 831 824 892 spiritaliumque
843 829 1023 890 operum
1047 831 1262 891 oppositio
1286 830 1453 876 inordi-

68 911 168 946 nata
190 911 321 962 atque
342 904 522 948 confusa
560 912 637 947 est.
676 903 745 946 Ob
767 903 851 947 hoc
873 912 1017 946 autem
1042 903 1167 957 latet,
1205 904 1305 963 quia
1345 919 1455 963 pau-

66 974 206 1029 ciora,
230 974 300 1017 vel
321 974 486 1032 singula
512 975 774 1034 quibusdam
797 974 997 1034 pluribus
1021 984 1320 1034 opponuntur.
1346 977 1454 1020 Nam

66 1059 116 1088 ex
140 1059 191 1088 eo
213 1044 332 1105 quod
356 1045 594 1089 carnalium
616 1045 822 1090 vitiorum
843 1045 888 1088 in
909 1045 1049 1104 capite
1077 1045 1224 1104 posuit
1261 1044 1453 1089 fornica-

68 1114 203 1158 tiones
219 1150 230 1169 ,
256 1115 301 1157 in
324 1115 465 1173 capite
487 1124 635 1159 autem
656 1114 868 1159 virtutum
890 1113 1149 1173 spiritalium
1176 1115 1450 1160 charitatem.

65 1198 194 1244 quem
219 1199 309 1228 uon
340 1183 586 1229 divinarum
607 1185 851 1229 litterarum
881 1184 1123 1229 studiosum
1146 1185 1274 1229 faciat
1309 1185 1452 1228 inten-

66 1263 159 1298 tum
178 1254 232 1299 ad
254 1256 564 1314 perscrutanda
586 1259 772 1300 caetera‘?
798 1257 838 1300 Si
860 1256 976 1299 enim
992 1257 1221 1300 fornicatio
1243 1266 1306 1300 est
1329 1272 1449 1300 amor

64 1340 87 1368 a
110 1324 303 1384 legitimo
326 1326 548 1370 connubio
569 1325 737 1370 solutus
759 1336 801 1370 et
824 1342 958 1385 vagus
975 1362 986 1379 ‚
1012 1326 1238 1386 explendae
1260 1326 1452 1370 libidinis

64 1395 353 1439 consectando
387 1395 632 1453 licentiam3
661 1397 766 1456 quid
791 1406 877 1440 tam
908 1396 1099 1454 legitime
1131 1398 1184 1440 ad
1215 1397 1451 1455 spiritalem

64 1465 375 1509 fecunditatem
399 1467 680 1525 conjungitur
702 1482 831 1525 quam
855 1467 997 1510 anima
1028 1470 1115 1510 Deo
1129 1469 1146 1509 P
1174 1467 1256 1511 Cui
1285 1478 1452 1526 quanto

64 1533 171 1577 fixus
193 1534 439 1588 inhaeserit,
483 1544 604 1578 tanto
637 1544 700 1578 cst
729 1535 1036 1594 incorruptior.
1077 1535 1266 1579 inhaeret
1306 1545 1450 1580 autem

63 1605 283 1648 charitate.
315 1608 447 1648 Recte
479 1606 612 1663 igitur
645 1604 921 1650 fornicationi
964 1606 1200 1664 opponitur
1236 1607 1449 1662 charitas,

0 1695 1 1698 ¹
63 1675 107 1718 in
130 1691 214 1734 qua
234 1675 322 1719 sola
341 1685 404 1720 est
421 1676 614 1720 custodia
634 1677 853 1720 castitatis.
878 1678 1171 1721 immunditiae
1187 1687 1332 1721 autem
1350 1689 1450 1723 sunt

63 1760 211 1789 omnes
234 1746 580 1804 perturbationes
603 1747 657 1790 de
679 1746 750 1790 illa
777 1747 1061 1791 fornicatione
1084 1758 1305 1808 concepta‘
1322 1785 1331 1801 ,
1354 1751 1427 1808 qui
1442 1776 1451 1782 —

64 1814 145 1858 bus
169 1815 375 1874 gaudium
400 1816 722 1875 tranquillitatis
760 1818 1011 1876 opponitur.
1041 1817 1263 1862 idolorum
1304 1829 1449 1862 autem

0 1908 2 1910 ·
60 1887 272 1939 servitus,
319 1885 467 1928 ultima
507 1886 734 1930 fornicatio
773 1897 830 1929 est
874 1889 1054 1941 animae,
1097 1899 1273 1946 propter
1317 1906 1446 1948 quam

62 1955 190 1999 etiam
217 1954 379 1998 bellum
404 1955 607 1999 adversus
632 1956 912 2012 Evangelium
931 1972 1030 1999 cum
1057 1958 1341 2002 reconciliatis
1364 1963 1449 2003 Deo

62 2025 409 2070 furiosisssimum
432 2035 600 2083 gestum
624 2036 714 2081 cst,
737 2028 859 2085 cujus
884 2027 1078 2086 reliquiar²
1102 2029 1298 2087 quamvis
1339 2030 1448 2074 trita¹

61 2095 136 2140 diu
152 2131 162 2149 ‚
180 2095 323 2140 adhuc.
347 2106 489 2140 tamen
511 2097 713 2141 recalent.
739 2098 849 2140 Huic
868 2099 1010 2157 itaque
1030 2114 1107 2156 pax
1134 2100 1347 2143 contraria
1367 2109 1444 2150 cst,

61 2182 145 2225 qua
171 2167 497 2210 reconciliamur
530 2171 639 2215 Deo,
674 2167 914 2227 cademque
939 2185 1042 2227 pace
1075 2169 1203 2211 etiam
1235 2184 1332 2212 cum
1370 2170 1448 2213 lio-

62 2237 250 2281 minibus
273 2238 485 2281 custodita
501 2274 511 2289 ,
535 2239 841 2282 veneficiorum
862 2274 872 2292 ,
901 2240 1244 2292 inimicitiarum,
1265 2250 1446 2284 conteu-

64 2307 228 2350 tionum
246 2343 256 2360 ,
282 2308 610 2352 :emulationum
640 2329 647 2352 :
675 2310 994 2352 animositatum
1010 2344 1020 2361 ‚
1041 2309 1447 2369 dissensionumque

61 2377 160 2421 vitia
184 2388 390 2422 sanantur
409 2379 450 2421 iu
477 2380 599 2423 nobis
622 2400 629 2423 ι
658 2389 705 2423 ut
728 2389 871 2423 autem
894 2380 933 2422 iu
959 2380 1072 2432 aliis,
1112 2380 1224 2423 inter
1251 2397 1360 2440 quos
1384 2383 1446 2424 vi-

60 2447 222 2502 vimus,
243 2451 355 2507 justa
384 2449 679 2492 uiodcrsuioiu·
704 2459 966 2500 tractentur,
994 2459 1034 2493 ct
1058 2450 1111 2493 ad
1141 2451 1444 2495 sustiueuduui

59 2517 384 2576 longanimitas,
413 2529 454 2564 ct
482 2520 535 2564 nd
558 2522 799 2564 curandum
846 2522 1113 2579 benignitas,
1142 2532 1183 2565 ct
1218 2523 1270 2565 :ul
1303 2523 1446 2580 igum-

62 2590 244 2632 comtum
273 2591 437 2633 bonitas
462 2590 627 2634 militat.
657 2595 748 2634 Jam
776 2608 875 2634 vcro
916 2592 1149 2634 lia-resilitis
1178 2592 1303 2638 tides.
1335 2592 1444 2636 iuvi-
