1867 3320
311 289 447 316 sEnMo
479 288 582 326 xxx,
619 291 670 317 DE
706 293 849 320 vssunis
883 295 1031 322 nsum
1064 298 1212 324 cxvrn.
1365 288 1439 326 421

73 351 194 412 quasi
216 366 331 396 sanae
359 352 657 398 defensionem
682 355 830 401 falsam
848 357 1072 403 adhiberes
1092 395 1101 413 ,
1127 361 1200 404 sed
1231 378 1307 420 pro
1339 380 1449 408 non-

74 422 181 467 dum
197 437 299 467 sana
322 422 541 468 medicum
563 441 733 484 rogares
759 448 766 472 :
792 444 909 473 nunc
929 444 1033 473 vero
1055 439 1103 473 tu
1125 441 1288 475 naturae
1304 433 1451 478 defen-

73 509 168 545 sor,
200 492 269 537 vel
303 494 447 553 potius
477 508 776 555 oppugnator,
808 498 914 543 dum
947 500 1069 560 quasi
1090 501 1144 544 de
1175 513 1326 547 natura
1352 520 1453 549 sana

74 563 225 608 laudas
254 564 505 609 Creatorem
521 601 531 621 ,
561 567 754 612 excludis
778 585 800 612 a
822 569 1029 629 languida
1065 571 1344 617 Salvatorem.
1370 575 1454 626 Qui

72 633 258 685 creavit,
282 644 428 692 sanat,
451 645 649 681 ruentem
668 653 745 697 per
762 653 806 683 se
826 640 978 698 ipsam,
1003 639 1118 685 levat
1136 655 1210 700 per
1227 657 1272 686 se
1294 642 1450 700 ipsum.

76 708 172 765 Ipsa
194 704 302 749 fides
324 715 410 761 est,
435 707 526 766 ipsa
543 709 696 752 veritas
715 745 726 761 ‚
751 710 834 754 hoc
863 720 926 755 est
949 712 1192 756 christianae
1223 712 1325 756 fidei
1351 713 1456 756 fun-

74 774 354 832 damentum,
386 779 506 822 Unus
529 787 572 823 et
592 795 705 824 unus
730 800 738 824 :
766 797 880 825 unus
898 782 1030 827 horno
1052 798 1129 842 per
1149 799 1280 843 quem
1309 784 1454 839 ruina,

75 846 182 890 alius
206 847 339 891 homo
375 863 452 907 per
486 865 617 908 quem
651 859 866 896 structura
895 872 904 897 ;
939 868 1016 911 per
1043 853 1167 897 illum
1200 854 1351 909 ruina,
1382 869 1457 912 per

73 917 192 961 hunc
213 926 446 961 structura.
480 919 648 963 Cecidit
669 921 745 979 qui
777 937 866 965 non
904 924 1086 977 mansit,
1122 925 1245 982 erigit
1272 925 1457 984 quinon

72 986 243 1032 cecidit.
269 988 375 1031 Ruit
395 987 468 1032 ille
485 990 587 1049 quia
604 989 764 1035 dimisit
783 1001 1030 1036 manentem
1043 1028 1054 1047 ,
1074 1008 1251 1038 manens
1272 994 1341 1037 ille
1363 996 1461 1038 des-

71 1056 218 1102 cendit
250 1058 305 1102 ad
322 1059 557 1118 jacentem.

131 1129 206 1171 VI.
236 1128 279 1172 Si
303 1142 404 1186 ergo
426 1128 695 1188 concupiscit
723 1145 823 1174 caro
856 1130 1060 1175 adversus
1092 1133 1288 1191 spiritum
1307 1167 1318 1187 ‚
1346 1134 1459 1176 utin

71 1199 154 1242 hoc
172 1198 265 1257 ipso
286 1214 376 1243 non
398 1198 519 1258 quod
540 1199 601 1242 vis
623 1213 742 1256 agas,
770 1200 872 1259 quia
894 1202 956 1245 vis
979 1210 1131 1245 utnon
1153 1204 1454 1261 concupiscat,

71 1278 115 1313 et
136 1284 225 1313 non
247 1278 398 1328 potes,
424 1278 523 1313 tenc
551 1268 700 1313 saltem
724 1271 769 1314 in
798 1271 933 1328 gratia
958 1272 1129 1315 Domini
1158 1272 1426 1317 voluntatem
1445 1309 1456 1328 ‚

71 1339 171 1383 etin
192 1341 283 1399 ejus
304 1339 521 1399 adjutorio
540 1354 763 1399 persevera
783 1360 791 1384 ε
809 1340 878 1384 dic
889 1342 927 1384 ei
945 1341 1065 1401 quod
1078 1343 1275 1396 cantasti,
1297 1362 1316 1384 «
1337 1345 1460 1387 Gres-

73 1428 94 1452 »
129 1426 200 1454 sus
223 1425 341 1455 meos
360 1410 495 1468 dirige
518 1410 758 1456 secundum
781 1411 965 1454 verbum
988 1421 1112 1456 tuum
1131 1447 1141 1466 ,
1167 1422 1209 1456 et
1231 1428 1286 1456 ne
1314 1414 1458 1457 domi-

73 1499 94 1523 «
129 1490 258 1525 netur
281 1480 389 1524 mihi
413 1481 552 1524 omnis
575 1480 795 1540 iniquitas.
821 1499 840 1521 »
871 1481 983 1533 Quid
1013 1490 1098 1536 est,
1130 1500 1149 1523 «
1174 1497 1228 1525 ne
1257 1482 1459 1527 dominc-

71 1569 90 1592 »
129 1560 202 1594 tur
225 1550 332 1594 mihi
366 1551 504 1594 omnis
538 1551 740 1610 iniquitas
754 1552 772 1591 ‘?
797 1569 816 1591 »
844 1552 960 1595 Audi
992 1552 1247 1610 Apostolum
1277 1572 1285 1596 ε
1317 1572 1335 1593 «
1361 1555 1458 1597 Non

71 1638 92 1661 »
127 1630 280 1680 regnet
302 1630 530 1680 peccatum
546 1622 589 1664 in
611 1630 755 1665 vestro
776 1622 947 1666 mortali
962 1626 1181 1681 corpore¹.
1204 1622 1351 1675 »Quid
1376 1634 1455 1676 est,

68 1693 165 1736 Non
187 1693 363 1750 regnet?
390 1691 497 1735 «Ad
519 1692 816 1736 obediendum
839 1692 1062 1735 desideriis
1090 1694 1194 1751 ejus.
1228 1711 1247 1732 »
1273 1696 1369 1736 Non
1393 1693 1459 1737 di-

67 1761 154 1815 xit,
180 1760 276 1806 Noli
311 1760 470 1804 habere
494 1759 707 1804 desideria
742 1760 868 1804 mala.
896 1761 1128 1813 Quomodo
1157 1761 1272 1803 enim
1303 1762 1345 1804 in
1379 1763 1458 1806 hac

67 1845 196 1874 carne
219 1830 414 1884 mortali,
440 1830 516 1873 ubi
533 1845 633 1874 caro
655 1830 922 1888 concupiscit
945 1831 1148 1874 adversus
1169 1831 1388 1889 spiritum,
1416 1842 1456 1876 ct

67 1902 238 1961 spiritus
254 1899 457 1946 adversus
468 1915 667 1954 carnem,
690 1915 779 1943 non
797 1900 939 1943 habco
957 1900 1166 1943 desideria
1187 1900 1324 1944 mala?
1344 1902 1456 1945 lllud

67 1988 171 2031 crgo
191 1972 273 2016 f'ac.
303 1974 442 2017 «Non
477 1981 629 2030 regnet
650 1980 878 2030 peccatum
912 1972 954 2014 in
981 1981 1122 2016 vestro
1150 1972 1320 2015 mortali
1358 1988 1455 2017 cor-

70 2061 90 2085 »
126 2057 230 2102 pore
253 2041 308 2085 ad
332 2040 630 2086 obediendum
651 2040 871 2085 desideriis
893 2043 999 2101 ejus.
1041 2060 1060 2081 »
1093 2042 1182 2086 Etsi
1215 2052 1315 2086 sunt
1345 2043 1456 2086 desi-

67 2112 212 2167 deria,
238 2127 327 2156 non
355 2111 414 2155 eis
456 2111 709 2165 obediatur,
743 2127 799 2155 ne
832 2112 1035 2172 iniquitas
1069 2110 1332 2156 dominetur.
1368 2115 1454 2157 Nec

67 2182 306 2227 exhibeatis
323 2182 519 2225 membra
538 2191 675 2226 vestra
700 2197 817 2225 arma
841 2182 1079 2241 iniquitatis
1102 2186 1323 2240 peecato².
1360 2186 1455 2227 Non

69 2254 174 2296 fiant
195 2252 390 2296 membra
414 2261 488 2296 tua
511 2267 628 2296 arma
652 2252 910 2312 iniquitatis,
932 2262 973 2296 ct
997 2267 1085 2295 non
1103 2252 1352 2296 dominetur
1378 2254 1452 2296 tibi

67 2323 207 2368 omnis
229 2323 450 2383 iniquitas.
480 2322 564 2367 Sed
587 2322 714 2366 etlam
740 2323 848 2378 hoc,
873 2332 1024 2366 utnon
1041 2323 1145 2366 siant
1168 2324 1360 2366 membra
1382 2333 1450 2367 tua

68 2408 185 2437 arma
206 2392 465 2452 iniquitatiS,
509 2392 722 2452 numquid
755 2402 801 2437 tu
826 2393 902 2436 tibi
931 2393 1093 2436 viribus
1129 2394 1210 2436 tuis
1249 2397 1452 2452 prwstas'?

69 2465 162 2508 Hoc
185 2464 327 2522 ipsum
348 2499 356 2514 ,
386 2463 565 2522 inquam
583 2498 593 2518 ,
618 2463 701 2507 hoc
720 2464 856 2522 ipsum
883 2464 1000 2522 quod
1025 2479 1108 2506 non
1133 2464 1235 2506 liant
1259 2463 1449 2506 nwmbra

68 2543 139 2578 tua
162 2549 278 2577 arma
317 2534 574 2592 iniquitatis,
611 2543 655 2576 tu
680 2534 757 2577 tibi
791 2543 963 2592 prwstas
1003 2534 1161 2576 viribus·
1199 2534 1310 2575 tuis?
1335 2537 1443 2575 (lum

115 2626 120 2638 ¹
145 2617 249 2648 moi-u<
268 2618 304 2648 :ul
328 2621 413 2648 Ιὶυιιι.
443 2629 483 2652 γι,
509 2627 555 2648 ι’).
639 2624 649 2638 ’¹
674 2618 738 2646 ΙΙιιιΙ
782 2619 828 2647 ι’ὶ.
