1867 3320
355 210 494 242 sunno
526 215 644 255 xvn,
679 219 723 245 m
755 217 918 250 rsumo
949 224 1080 265 xmx,
1115 218 1155 257 3.
1362 226 1445 267 315

11 329 13 331 Ι
75 273 214 319 malus
246 289 337 320 non
366 277 599 338 timeatur3
638 280 726 326 dies
757 284 922 342 bonos,
962 289 1007 332 in
1034 292 1192 350 quibus
1223 312 1446 360 nunquam

3 390 18 399 ‚
72 346 161 390 vita
181 345 373 391 finiatur.
403 349 488 393 Sed
515 351 550 394 si
570 351 683 397 hanc
707 357 951 402 mercedem
985 357 1185 420 diligitis,
1220 378 1364 414 cavete
1392 388 1446 417 nc

70 429 180 475 opus
196 449 208 470 ,
246 418 371 476 cujus
393 432 443 463 ea
464 434 626 466 merces
643 431 728 478 est,
762 428 980 472 recusetis.
1007 428 1131 474 Illam
1153 435 1267 478 enim
1299 453 1445 496 pacem

70 485 309 545 quaerendo
354 489 583 548 sequimini
617 510 626 536 :
662 493 846 553 quaerite
887 506 1033 543 autem
1069 502 1266 549 manibus
1303 512 1447 556 vestris

70 565 200 601 nocte
221 572 371 602 coram
401 561 519 616 Deo,
556 571 598 607 et
634 579 724 609 non
756 566 1078 627 decipiemini¹.
1099 573 1216 625 Quid
1248 586 1310 621 est
1335 581 1447 624 enim

68 626 270 672 manibus
303 630 481 686 vestris,
516 632 597 676 nisi
629 636 830 694 operibus
860 640 1041 685 vestris?
1060 642 1176 695 Quid
1207 655 1270 689 est
1298 658 1445 704 nocte,

67 696 149 740 nisi
171 696 218 740 in
238 697 554 746 tribulatione?
572 703 688 756 Quid
705 714 768 750 est
790 722 935 752 coram
953 712 1057 767 Deo,
1079 712 1160 756 nisi
1177 716 1449 762 conscientiae

67 767 289 825 puritate?
306 769 376 814 Sic
397 770 586 817 vivendo
607 783 650 818 et
670 775 753 820 hoe
776 778 983 835 amando,
1008 781 1222 828 babebitis
1245 788 1382 831 Deum
1404 790 1447 832 in

68 837 437 898 contemplatione
454 876 464 896 ‚
485 851 529 887 et
542 842 587 886 in
608 843 683 889 illo
704 846 838 891 vitam
868 850 959 893 sine
975 849 1243 912 defectione3
1264 855 1353 901 dies
1370 857 1447 903 bo-

68 922 147 953 nos
163 908 254 954 sine
275 912 684 972 contenebratione,
705 932 859 976 pacem
879 920 971 964 sine
993 920 1269 970 dissensione.

536 1210 767 1260 SERMO
808 1215 941 1261 XVII
954 1215 985 1261 ².

0 1379 2 1401 z
66 1377 129 1420 De
149 1390 204 1422 eo
219 1378 341 1438 quod
357 1379 518 1424 dicitur
536 1382 582 1425 in
599 1382 770 1429 Psalmo
791 1386 895 1442 (49.
916 1389 990 1446 3.)
1011 1386 1142 1434 Deus
1161 1391 1443 1453 manifestus

0 1445 2 1462 ³
231 1447 415 1506 veniet,
439 1449 574 1496 Deus
592 1462 774 1510 noster,
800 1464 846 1499 et
868 1471 963 1501 non
988 1458 1158 1505 silebit.
1193 1471 1274 1506 etc.

137 1604 172 1646 Ι.
210 1604 521 1661 ΟΛΝΤΑνῙΜυε,
560 1606 734 1665 fratres,
776 1627 797 1652 «
836 1614 951 1656 Deus
984 1615 1237 1662 manifestus
1272 1619 1439 1674 veniet,

63 1688 84 1712 i)
119 1674 234 1716 Deus
255 1682 428 1728 noster,
454 1684 497 1719 et
518 1690 608 1720 non
636 1677 793 1722 silebit.
822 1698 842 1721 »
870 1684 1008 1724 Deum
1040 1685 1260 1729 Christum
1298 1689 1442 1747 Scrip-

60 1748 157 1786 tura
178 1741 378 1801 praedixit
395 1752 630 1788 venturum
653 1746 707 1790 ad
720 1747 934 1806 judicium
957 1751 1156 1797 vivorum
1182 1764 1223 1800 et
1247 1767 1442 1802 mortuo-

62 1827 174 1857 rum.
200 1815 385 1868 Quando
413 1816 529 1859 enim
563 1817 681 1875 prius
703 1820 822 1864 venit
847 1821 1060 1881 judicari,
1097 1826 1291 1871 occultus
1318 1828 1399 1872 suit
1431 1850 1438 1874 :

59 1883 238 1944 quando
273 1885 416 1930 veniet
445 1885 669 1946 judicare,
709 1889 962 1936 manifestus
995 1895 1089 1938 erit.
1131 1898 1270 1948 Quam
1310 1899 1444 1945 fuerit

58 1963 164 2000 tunc
190 1956 387 2001 occultus
403 1992 414 2012 ,
438 1958 540 2002 hinc
562 1957 790 2019 intelligite
822 1962 941 2021 quod
963 1964 1022 2007 ait
1050 1966 1280 2024 Apostolus
1311 1987 1320 2013 2
1350 1987 1369 2008 «
1396 1969 1439 2014 Si

60 2042 81 2067 »
116 2026 230 2069 enim
251 2029 572 2085 cognovissent,
610 2045 835 2090 nunquam
861 2034 1089 2078 Dominum
1122 2035 1267 2092 gloriae
1299 2039 1440 2082 eruci-

59 2113 79 2137 »
115 2096 346 2142 fixissent³.
369 2116 388 2139 »
407 2101 529 2143 Tunc
551 2110 696 2144 autem
713 2100 831 2145 siluit
846 2102 1148 2162 interrogatu5‚
1164 2107 1274 2152 sicut
1292 2110 1437 2152 Evan-

57 2164 216 2224 gelium
239 2167 433 2227 loquitur
449 2204 460 2224 ‚
479 2178 522 2214 et
539 2170 746 2230 impletur
768 2172 812 2215 in
832 2188 884 2217 eo
909 2177 1029 2217 lsai‘ae
1054 2178 1276 2234 prophetia
1295 2177 1437 2223 dicen-

56 2234 108 2279 tis
129 2254 138 2280 :
163 2254 183 2277 «
201 2237 320 2282 Sicut
335 2239 426 2283 ovis
441 2239 495 2284 ad
513 2240 828 2286 immolandum
846 2242 1003 2288 ductus
1015 2254 1093 2299 est,
1108 2256 1150 2290 ct
1171 2248 1280 2292 sicut
1298 2265 1436 2307 agnus

59 2321 79 2346 »ι
113 2320 259 2350 coram
292 2308 500 2354 tondente
522 2325 566 2354 se
599 2309 683 2356 fuit
709 2313 799 2358 sine
821 2329 952 2369 voce,
986 2315 1044 2358 sic
1077 2332 1164 2361 non
1198 2320 1365 2377 aperuit
1388 2335 1435 2364 os

57 2392 78 2417 »
112 2379 285 2423 suum⁴.
312 2381 466 2426 Veniet
488 2397 591 2440 ergo
618 2384 894 2440 manifestus,
931 2395 971 2429 ct
1005 2402 1090 2430 non
1133 2388 1291 2434 silebit.
1320 2409 1338 2430 »
1368 2391 1434 2434 Ad

103 2477 111 2494 ¹
132 2472 341 2518 Psal.1.xxw,
357 2474 387 2508 3.
409 2494 449 2500 -—
471 2484 483 2500 ²
506 2477 590 2510 Alias
607 2479 649 2512 28
666 2490 703 2512 cx
724 2482 813 2513 llum.
836 2481 887 2511 50*
911 2497 950 2504 --
977 2481 988 2502 3
1016 2493 1023 2512 ι
1043 2485 1114 2515 Cor.
1144 2494 1177 2523 n,
1203 2484 1233 2516 8,
1261 2502 1299 2507 -
1324 2485 1429 2517 41-25,

55 2535 127 2568 ιιιι,
148 2539 178 2572 7.
