1867 3320
95 558 268 592 acervos
289 550 592 604 obliviscimini
615 575 908 621 peccatorum.
939 576 1162 624 Protulisti
1186 579 1299 629 forte
1330 594 1474 639 nescio

93 616 201 674 quid
221 634 430 682 parvum,
455 630 576 689 quod
595 633 704 681 alius
732 648 807 684 aut
827 657 917 688 non
940 645 1121 706 habuit,
1148 662 1223 699 aut
1253 672 1342 703 non
1370 676 1474 720 pro-

90 686 192 732 tulit
209 704 311 737 cum
331 693 524 745 haberet.
546 703 643 749 Noli
660 709 885 759 attendere
905 726 1003 775 post
1021 727 1064 764 te
1085 723 1182 782 quis
1202 741 1292 773 non
1312 730 1444 779 faciat
1458 771 1468 791 ‚

88 756 164 802 sed
184 761 292 820 quid
309 773 352 809 te
375 768 531 826 jubeat
547 775 661 820 Deus
683 776 840 827 facere.
879 787 1102 836 Postremo
1116 827 1126 847 ‚
1152 810 1287 855 quare
1308 801 1354 846 in
1382 804 1471 851 istis

85 827 391 881 affectionibus
412 842 691 892 saecularibus
717 865 808 896 non
828 855 951 901 vobis
977 862 1202 911 sufficiunt
1228 885 1337 930 quos
1354 889 1471 934 prae·-

82 901 284 960 cessistis,
309 908 385 952 sed
401 911 531 957 vultis
551 931 641 961 esse
662 920 814 967 divites
824 959 846 984 ³.
856 928 1045 988 aequales
1064 933 1293 986 ditioribus
1314 946 1470 992 vobis?

66 1465 295 1526 Zachaeus,
329 1476 407 1534 qui
443 1477 675 1527 dimidium
709 1501 854 1533 rerum
887 1507 1064 1542 suarum
1095 1501 1216 1548 dedit
1250 1513 1454 1570 pauperi-

61 1532 199 1582 bus¹?
222 1540 307 1586 Sed
328 1554 480 1604 optare
501 1551 714 1610 cogimur,
739 1566 788 1602 ut
810 1563 1062 1612 attendatur
1077 1570 1229 1618 saltem
1246 1576 1320 1623 ille
1338 1582 1452 1629 Pha-

59 1605 229 1662 risaeus,
253 1614 330 1673 qui
352 1619 550 1665 omnium
573 1638 673 1683 quae
695 1629 943 1686 possidebat
967 1637 1156 1687 decimas
1179 1643 1326 1693 dabat.

116 1681 214 1725 XX.
231 1684 330 1729 Noli
343 1701 520 1746 parcere
534 1692 742 1743 thesauris
760 1701 950 1759 caducis,
971 1708 1182 1758 thesauris
1200 1720 1333 1764 vanis.
1349 1724 1449 1770 Noli

53 1749 135 1793 sub
152 1750 341 1812 imagine
362 1759 533 1816 pietatis
556 1780 716 1824 augere
736 1774 982 1828 pecuniam.
1007 1782 1040 1822 F
1045 1779 1125 1825 iliis
1146 1788 1252 1831 meis
1284 1806 1407 1838 servo
1432 1814 1442 1840 :

52 1833 209 1879 magna
227 1828 467 1884 excusatio,
494 1831 612 1877 Filiis
633 1837 738 1881 meis
760 1855 899 1887 servo.
921 1845 1181 1897 Videamus:
1204 1870 1344 1906 servat
1363 1865 1442 1909 tibi

51 1898 173 1948 pater
195 1902 318 1951 tuus,
339 1911 482 1943 servas
504 1909 553 1945 tu
582 1903 680 1948 filiis
709 1909 818 1964 tuis,
840 1911 916 1956 filu
951 1917 1015 1959 tui
1038 1918 1136 1964 filiis
1164 1926 1276 1983 suis,
1317 1941 1360 1977 et
1381 1936 1441 1981 sic

49 1975 127 2020 per
148 1979 324 2022 omnes,
350 1977 393 2013 et
415 1969 562 2017 nullus
598 1971 791 2024 facturus
825 1991 888 2026 est
920 1998 1136 2048 praecepta
1168 1996 1261 2041 Dei.
1293 2003 1438 2054 Quare

48 2046 138 2077 non
157 2033 221 2078 illi
243 2038 386 2096 potius
401 2040 616 2101 impendis
638 2049 799 2105 omnia,
818 2054 894 2112 qui
915 2063 956 2099 te
979 2055 1081 2103 fecit
1099 2076 1148 2105 ex
1166 2066 1337 2115 nihilo?
1353 2077 1435 2128 Qui

47 2112 89 2147 te
110 2104 238 2163 fecit,
263 2108 356 2168 ipse
378 2119 420 2155 te
444 2116 581 2172 pascit
602 2131 651 2161 ex
673 2119 738 2164 his
761 2138 860 2182 quae
894 2124 993 2171 fecit
1009 2164 1019 2183 ‚
1046 2131 1135 2190 ipse
1158 2140 1291 2194 pascit
1313 2153 1355 2188 et
1379 2147 1434 2190 fi-

43 2172 123 2220 lios
144 2184 258 2224 tuos.
282 2182 434 2243 Neque
455 2186 570 2231 enim
602 2190 756 2236 melius
776 2198 1008 2243 committis
1038 2201 1147 2248 filios
1169 2215 1266 2255 tuos
1294 2218 1433 2272 patri-

42 2248 190 2294 monio
227 2259 305 2297 tuo
321 2288 332 2308 ‚
377 2270 509 2314 quam
531 2259 724 2306 Creatori
748 2271 839 2309 tuo.
865 2268 920 2311 Et
951 2273 1224 2322 mentiuntur
1250 2284 1429 2342 quidem

41 2316 254 2367 homines.
295 2324 410 2370 Mala
447 2337 511 2372 cst
546 2331 723 2378 avaritia
758 2354 767 2379 z
794 2335 970 2395 palliare
992 2356 1036 2384 sc
1069 2344 1223 2394 volunt
1252 2359 1429 2404 nominc

39 2387 230 2448 pietatis,
254 2402 296 2438 et
313 2396 538 2456 dealbare,
554 2411 602 2446 ut
623 2405 745 2463 quasi
765 2418 941 2467 propter
962 2412 1071 2459 lilios
1088 2418 1321 2470 videantur
1336 2444 1428 2474 ser-

35 2472 135 2505 vare
162 2463 378 2524 homineS‚
406 2471 526 2531 quod
559 2485 739 2536 propter
762 2481 983 2528 avaritiam
1007 2500 1195 2537 servant.
1223 2497 1331 2542 Nam
1372 2511 1422 2548 ut

85 2564 93 2581 ¹
114 2560 190 2594 Luc.
211 2572 277 2604 xix,
293 2565 326 2597 8.
1192 2647 1239 2684 17
