1867 3320
382 284 520 312 salmo
557 284 628 320 ix,
664 283 718 310 DE
753 282 890 310 chzM
921 283 1114 312 cnonms.
1356 275 1438 314 237

11 371 14 397 ι
65 366 195 412 usque
216 349 270 395 ad
293 350 410 395 hunc
426 349 702 403 hodiernum,
723 363 868 394 nonne
885 347 1098 409 quidquid
1119 348 1318 394 futurum
1333 350 1435 407 fuit,

61 421 325 483 praeteritum
348 419 512 465 factum
535 421 627 465 est?
662 417 762 463 Tale
783 418 991 474 habetur,
1020 435 1068 464 ac
1102 419 1135 462 si
1163 434 1252 464 non
1290 420 1435 466 fuerit.

63 493 131 539 Sic
153 493 229 537 erit
247 491 465 552 quidquid
484 500 615 536 restat
631 500 888 535 extremum.
910 491 994 536 Sed
1010 491 1064 535 sit
1078 499 1121 535 et
1136 491 1221 535 hoc
1238 490 1437 551 longum,

59 564 111 609 sit
133 562 365 623 prolixum,
387 572 601 624 quantum
622 563 857 623 putaveris,
877 572 1092 623 quantum
1110 561 1283 617 dixeris,
1304 579 1441 623 quan-

58 643 149 678 tum
166 633 421 692 cogitaveris
436 668 447 689 ,
473 643 688 693 quantum
711 632 786 677 tibi
807 649 896 677 non
917 632 1078 677 format
1100 633 1344 692 Scriptura,
1366 633 1443 677 sed

59 704 180 761 fingit
201 704 428 762 cogitatio,
454 713 667 764 quantum
684 704 746 747 vis
765 702 879 747 diem
895 702 1051 763 judicii
1069 703 1296 763 prolonga,
1316 719 1442 748 num-

57 773 163 834 quid
183 774 387 818 ultimum
410 774 523 818 diem
548 783 696 828 tuum,
718 773 764 817 id
785 774 986 828 est,-vitae
1012 783 1118 828 tuae,
1139 790 1228 834 quo
1251 775 1443 819 exiturus

58 859 100 888 es
123 844 177 888 de
198 860 378 903 corpore
403 846 501 900 hoc,
518 843 810 903 producturus
836 860 878 887 es
901 843 946 887 in
967 843 1175 902 longum?
1193 845 1255 889 Sit
1280 845 1361 889 tibi
1382 860 1445 889 se-

10 942 15 955 .
59 924 210 958 nectus
231 924 363 969 certa,
393 915 425 958 si
449 923 588 974 potest
615 933 623 958 :
653 914 722 958 cui
743 923 889 957 autem
914 917 1087 973 potest?
1108 918 1261 959 Nonne
1284 931 1335 959 ex
1355 932 1445 976 quo

62 984 213 1043 incipit
230 986 361 1029 homo
381 985 524 1028 vivere
539 1019 549 1038 ,
580 985 670 1043 jam
687 993 830 1043 potest
859 992 902 1027 et
936 985 1078 1028 mori?
1112 985 1444 1030 Possibilitatem

58 1054 206 1099 mortis
228 1054 399 1098 initium
421 1054 520 1098 vitae
543 1054 659 1098 facit.
698 1057 749 1098 In
776 1055 857 1098 hac
880 1062 991 1098 terra
1028 1064 1071 1099 et
1103 1055 1147 1098 in
1171 1070 1329 1114 genere
1358 1057 1444 1100 hu-

59 1140 188 1169 mano
211 1124 284 1168 ille
305 1125 420 1169 solus
442 1125 553 1169 mori
575 1125 772 1169 nondum
794 1134 960 1184 potest,
989 1127 1064 1186 qui
1083 1125 1280 1170 nondum
1311 1128 1446 1188 coepit

58 1195 212 1239 vivere.
250 1198 446 1239 Incertus
474 1210 575 1253 ergo
597 1196 688 1239 dies
715 1205 925 1255 tanquam
955 1197 1236 1255 quotidianus
1263 1213 1443 1257 speran-

57 1267 137 1309 dus
155 1275 231 1309 est.
261 1266 303 1310 Si
324 1275 469 1310 autern
498 1275 704 1325 tanquam
728 1263 1010 1325 quotidianus
1032 1268 1270 1326 sperandus
1293 1278 1355 1312 est
1378 1269 1445 1313 in-

59 1344 202 1380 certus
223 1335 313 1380 dics
329 1371 339 1390 ,
365 1344 654 1394 componatur
675 1351 775 1379 cum
799 1336 1059 1391 adversario,
1080 1336 1188 1381 dum
1212 1347 1274 1382 est
1298 1348 1444 1383 tecum

56 1407 99 1450 in
117 1406 200 1451 via.
219 1407 297 1451 Via
311 1407 424 1451 enirn
452 1415 631 1450 vocatur
644 1407 736 1450 haec
759 1406 863 1461 vita,
880 1423 956 1466 per
978 1423 1110 1467 quarn
1133 1423 1282 1453 omnes
1301 1419 1442 1455 trans-

57 1486 189 1534 eunt;
210 1486 252 1520 et
274 1492 362 1521 non
386 1475 547 1521 recedit
566 1478 644 1520 iste
666 1476 951 1520 adversarius

118 1549 198 1590 111.
225 1547 330 1599 Quis
359 1556 423 1590 est
443 1555 587 1590 autem
619 1546 698 1590 iste
728 1545 1021 1591 adversarius?
1053 1549 1336 1595 Adversarius
1365 1551 1445 1596 iste

56 1632 143 1662 non
166 1626 228 1661 est
244 1616 444 1661 diabolus
468 1636 476 1661 2
495 1632 594 1661 nam
619 1633 843 1676 nunquam
874 1627 915 1662 te
934 1619 1182 1664 hortaretur
1202 1622 1440 1681 Scriptura,

56 1697 105 1732 ut
126 1703 226 1731 cum
248 1686 421 1732 diabolo
451 1687 750 1732 concordares.
775 1691 852 1732 Est
873 1705 976 1748 ergo
1004 1690 1111 1734 alius
1145 1691 1439 1749 adversarius,

55 1772 185 1816 quem
207 1757 286 1801 sibi
309 1757 440 1801 homo
474 1757 578 1802 facit
602 1757 895 1802 adversarium
929 1778 937 1804 :
963 1775 1063 1804 nam
1086 1760 1159 1804 ille
1182 1763 1215 1805 si
1239 1762 1441 1809 adversa-

56 1827 143 1871 rius
175 1835 283 1870 esset
301 1861 311 1881 ,
337 1836 480 1871 tecum
509 1827 553 1870 in
575 1827 640 1870 via
663 1843 752 1872 non
787 1837 910 1872 esset.
937 1833 995 1873 At
1017 1830 1087 1875 hic
1127 1841 1191 1876 est
1229 1841 1371 1878 tecum
1397 1837 1440 1880 iu

57 1897 123 1941 via
136 1933 145 1951 ,
162 1906 211 1941 ut
227 1896 463 1940 concordet
480 1905 640 1940 tecum.
669 1897 757 1941 Scit
775 1898 890 1941 enim
915 1899 1016 1958 quia
1040 1901 1118 1944 nisi
1137 1901 1181 1945 in
1198 1904 1268 1948 via
1293 1920 1439 1950 secum

55 1966 396 2021 concordaveris,
415 1967 504 2025 jam
521 1965 661 2010 tradet
679 1975 721 2009 te
735 1965 889 2025 judici,
905 1968 1038 2026 judex
1059 1980 1204 2015 autern
1218 1974 1435 2030 ministro,

55 2037 248 2081 minister
263 2037 305 2080 in
320 2040 576 2080 carcerem¹.
593 2034 774 2095 Eloquia
794 2036 873 2081 ista
891 2038 1137 2097 evangelica
1155 2052 1273 2097 sunt,
1296 2060 1439 2090 recor-

54 2107 214 2151 dantur
252 2107 475 2151 nobiscum
495 2141 505 2160 ,
547 2105 614 2149 vel
637 2107 711 2166 qui
742 2106 962 2166 legerunt,
991 2108 1059 2153 vel
1079 2111 1155 2170 qui
1185 2114 1434 2161 audierunt.

56 2180 168 2235 Ergo
194 2178 288 2236 quis
311 2186 372 2221 vst
395 2176 661 2221 adversarius
675 2179 692 2220 Ξ)
717 2179 866 2223 Sermo
890 2179 980 2222 Dei.
1012 2183 1160 2226 Sermo
1185 2185 1257 2227 Dei
1281 2185 1436 2231 adver-

56 2249 186 2292 sarius
218 2257 315 2292 tuus
345 2251 433 2291 cst‘2
462 2267 469 2291 :
493 2250 636 2300 Quare
658 2248 927 2293 adversarius
957 2253 1053 2293 cst?
1075 2253 1185 2304 Quia
1223 2259 1435 2303 contraria

50 2320 196 2379 jubet,
229 2335 360 2379 qnam
387 2328 430 2362 tu
458 2319 571 2363 sacis.
604 2320 712 2364 Dicit
736 2320 811 2363 tibi
841 2341 847 2364 ;
879 2341 897 2362 n
927 2324 1042 2365 Unus
1065 2333 1127 2368 cst
1160 2329 1269 2370 Deus
1304 2338 1402 2373 tuus
1422 2367 1432 2384 ,

61 2408 78 2430 n
114 2405 248 2433 riuum
276 2393 408 2433 nuum
434 2389 572 2433 (·οΙ(·,3.
605 2409 621 2430 υ
651 2393 713 2432 Tu
734 2390 792 2433 vis
811 2391 985 2434 dimisso
1012 2408 1097 2436 uno
1125 2398 1209 2439 1)υο
1228 2406 1433 2459 tanquam

57 2459 244 2515 legitimo
280 2460 371 2503 viro
395 2460 569 2514 animan,
609 2460 809 2504 fornicari
846 2477 918 2519 per
943 2463 1076 2507 inulta
1114 2465 1326 2512 daemonia
1357 2489 1363 2512 :
1392 2482 1434 2514 ct

57 2529 169 2588 quod
195 2540 250 2572 cst
275 2530 458 2587 gravius,
479 2546 564 2573 non
588 2532 707 2589 quusi
732 2541 877 2589 api-rte
896 2532 1094 2577 desert-ns
1115 2546 1155 2580 vt
1181 2539 1432 2596 repudians,

109 2614 231 2644 -Matnli
268 2626 297 2653 v,
317 2615 371 2646 ιι).
397 2631 430 2636 —
455 2622 464 2635 ²
488 2617 561 2647 Luc.
580 2626 632 2653 χιι,
652 2615 702 2647 (ἰδ’,
732 2631 768 2635 -
790 2614 905 2647 '³1ix0d
939 2626 990 2656 xx,
1007 2626 1039 2658 Ἰ,
1059 2623 1120 2650 etc.
