1867 3320
393 311 599 338 BristoLAE
631 305 904 337 AD'GALATAs
935 310 1169 337 EXPOSLTIO.
1395 301 1476 340 125

103 397 122 418 ι(
158 380 270 421 Ecce
291 390 370 434 ego
393 376 551 420 Paulus
584 376 682 420 dico
712 374 857 429 vobis,
883 375 984 434 quia
1009 375 1043 419 si
1074 375 1473 431 circumcidamini,

102 466 121 490 »
156 448 352 493 Christus
381 448 530 503 vobis,
562 447 672 491 nihil
705 445 923 506 proderit:
953 464 972 486 »
1005 444 1227 505 quomodo
1261 447 1479 506 accepturi

96 535 242 564 sumus
256 518 377 580 quod
390 519 449 564 ait
467 538 476 563 ε
498 538 518 560 «
538 533 593 563 ne
609 519 766 562 iterum
785 517 1003 562 servitutis
1014 516 1122 576 jugo
1137 515 1405 561 attineamini
1426 538 1432 561 :
1454 537 1473 559 »

95 605 194 634 cum
218 589 273 634 ad
305 605 377 634 eos
406 590 564 634 scribat
585 589 661 649 qui
695 588 838 633 Judaei
875 602 1102 648 nunquam
1136 586 1344 631 fuerant?
1370 589 1478 632 Nam

95 660 178 706 hoc
200 661 289 720 agit
311 660 488 721 utique,
515 674 569 703 ne
589 658 930 704 circumdantur.
959 657 1044 703 Sed
1073 657 1279 703 nimirum
1300 657 1372 702 hic
1399 657 1477 702 de-

94 730 282 776 claratur
299 741 343 776 et
364 732 648 777 confirmatur
684 729 758 774 illa
795 730 1033 784 sententia,
1072 727 1128 773 de
1159 745 1245 789 qua
1284 729 1479 788 superius

94 803 424 863 disputavimus.
444 802 560 856 Quid
581 803 695 846 enim
718 800 836 845 aliud
857 801 940 845 hoc
962 800 1059 846 loco
1086 800 1301 845 Gentibus
1335 800 1450 845 dicat
1464 835 1476 855 ‚

94 889 182 919 non
199 874 390 930 invenio,
407 873 488 918 nisi
505 882 555 917 ut
567 872 703 932 prosit
713 870 796 915 illis
811 871 931 931 quod
949 887 972 915 a
989 871 1195 917 servitute
1210 871 1480 931 superstitio-

93 944 159 988 nis
179 959 269 988 suae
290 959 368 1004 per
402 944 534 988 fidem
559 942 717 988 Christi
749 941 917 985 liberati
949 951 1075 997 sunt,
1105 956 1161 985 ne
1189 941 1347 985 iterum
1369 941 1478 986 servi

92 1029 183 1058 esse
211 1013 348 1058 velint
364 1013 444 1058 sub
461 1014 570 1073 jugo
601 1012 953 1057 observationum
985 1012 1248 1067 carnalium,
1282 1013 1478 1072 quamvis

92 1083 173 1129 sub
206 1086 320 1142 Lege
354 1083 452 1137 Dei,
480 1092 627 1127 tamen
648 1082 867 1127 carnalem
889 1081 1105 1142 populum
1141 1081 1351 1127 serviliter
1379 1082 1477 1127 alli-

93 1154 304 1213 gantium.
329 1155 549 1199 Christum
574 1163 718 1199 autem
733 1153 843 1197 nihil
864 1155 923 1198 eis
946 1153 1226 1214 profuturum
1245 1169 1334 1198 esse
1351 1153 1471 1208 dicit,

91 1225 125 1269 si
146 1225 543 1284 circumcidantur3
574 1225 649 1270 sed
671 1225 746 1269 illo
768 1224 900 1269 modo
916 1260 926 1280 ,
953 1240 1042 1284 quo
1075 1241 1144 1269 eos
1179 1224 1248 1269 isti
1268 1224 1477 1269 volebant

91 1297 364 1351 circumcidi,
389 1296 435 1341 id
460 1306 548 1351 est,
589 1306 638 1340 ut
661 1296 705 1340 in
740 1296 878 1340 carnis
906 1296 1235 1340 circumcisione
1264 1305 1476 1355 ponerent

91 1383 210 1427 spem
240 1366 403 1412 salutis.
429 1370 525 1412 Non
544 1367 659 1410 enim
698 1366 925 1411 Timotheo
943 1381 1032 1411 non
1061 1366 1227 1426 profuit
1245 1367 1441 1412 Christus
1461 1402 1471 1422 ,

88 1438 190 1498 quia
211 1437 370 1482 Paulus
392 1438 483 1496 ipse
500 1436 623 1481 illum
640 1438 730 1496 jam
758 1437 1039 1481 christianum
1057 1438 1263 1496 juvenem
1286 1437 1473 1482 circum-

88 1507 221 1552 cidit¹
250 1527 260 1552 z
285 1506 389 1552 fecit
411 1517 556 1552 autem
578 1508 662 1551 hoc
681 1516 858 1567 propter
873 1506 1126 1552 scandalum
1149 1523 1343 1563 suorum,
1364 1508 1474 1553 nihil

88 1577 294 1623 simulans
328 1578 507 1623 omnino
526 1613 538 1632 ‚
577 1576 652 1622 sed
683 1593 732 1621 ex
767 1576 840 1621 illa
865 1576 1160 1623 indifferentia
1177 1614 1187 1633 ‚
1224 1595 1310 1639 qua
1333 1578 1438 1623 dicit
1461 1598 1469 1623 ε

92 1668 112 1690 «
146 1648 428 1694 Circumcisio
448 1648 557 1692 nihil
578 1657 642 1692 est
659 1683 670 1702 ,
696 1656 739 1691 et
760 1649 1025 1707 praeputium
1044 1649 1153 1692 nihil
1177 1653 1280 1693 est2.
1311 1667 1330 1690 »
1356 1649 1473 1694 Nihil

88 1719 202 1763 enim
225 1719 350 1764 obest
365 1718 437 1762 illa
455 1717 725 1763 circumcisio
741 1718 796 1773 ei,
817 1718 893 1778 qui
910 1718 1093 1763 salutem
1112 1719 1156 1763 in
1178 1718 1251 1763 illa
1273 1735 1362 1763 esse
1384 1736 1473 1764 non

87 1789 239 1835 credit.
268 1788 518 1834 Secundum
542 1790 654 1833 hanc
692 1789 950 1833 sententiam
974 1789 1103 1834 etiam
1133 1788 1244 1834 illud
1272 1789 1468 1844 addidit,

92 1879 111 1902 «
148 1860 370 1904 Testificor
396 1868 541 1903 autem
564 1858 683 1903 omni
705 1858 872 1902 homini
905 1859 1235 1904 circumcidenti
1259 1876 1301 1904 se
1318 1863 1350 1915 ³,
1378 1879 1397 1901 »
1430 1860 1472 1905 id

87 1939 178 1986 est,
198 1939 404 1991 tanquam
428 1928 659 1974 salutarem
682 1929 805 1973 istam
829 1929 1198 1974 circumcisionem
1226 1932 1468 1991 appetenti,

92 2020 111 2043 «
146 2000 247 2061 quia
269 2000 442 2044 debitor
461 2008 525 2044 est
542 1999 751 2043 universae
776 1998 898 2057 Legis
922 1997 1148 2044 faciendae.
1171 2019 1191 2041 »
1217 2003 1346 2054 Quod
1374 2002 1471 2046 ideo

88 2072 172 2126 ait,
198 2080 248 2115 ut
270 2070 338 2115 vel
361 2079 523 2115 terrore
557 2079 645 2114 tam
682 2069 1068 2114 innumerabilium
1092 2071 1440 2116 observationum
1458 2108 1468 2126 ,

87 2157 186 2201 quae
209 2141 254 2185 in
285 2141 407 2199 Legis
441 2140 645 2200 operibus
675 2140 845 2200 scriptae
882 2149 1014 2195 sunt,
1041 2156 1094 2185 ne
1117 2156 1265 2186 omnes
1294 2142 1472 2202 implere

88 2221 361 2271 cogerentur,
383 2211 533 2272 (quod
556 2228 635 2256 nec
658 2212 736 2272 ipsi
766 2214 787 2256 J
796 2210 907 2256 udaei
926 2248 936 2265 ,
981 2228 1060 2256 nec
1083 2222 1280 2272 parentes
1318 2229 1469 2258 corum

91 2284 267 2343 implere
291 2284 570 2342 potuerunt⁴,
596 2284 705 2327 sicut
724 2287 873 2326 Petrus
894 2283 937 2325 in
962 2283 1143 2327 Actibus
1160 2283 1466 2343 Apostolorum

90 2354 194 2398 dicit
210 2390 220 2408 ‚
246 2357 262 2411 )
283 2354 550 2398 abstinerent
573 2368 617 2397 se
640 2353 696 2397 ab
721 2354 785 2397 his
805 2388 815 2407 ,
856 2353 1014 2412 quibus
1036 2369 1108 2397 cos
1132 2354 1199 2398 isti
1237 2355 1469 2415 subjugare

89 2426 341 2485 cupiebant.

152 2500 285 2541 XLll.
315 2517 334 2538 «
358 2498 584 2551 Evacuass,
607 2496 770 2556 inquit,
795 2497 892 2540 estis
912 2512 932 2539 a
957 2497 1150 2551 Christo,
1176 2499 1249 2557 qui
1283 2500 1322 2541 111
1362 2502 1469 2557 Lego

143 2601 148 2616 ¹
174 2597 242 2626 Act.
267 2595 377 2635 xv1‚3.
406 2611 446 2617 —-
463 2601 474 2617 ²
501 2606 511 2626 1
533 2598 603 2625 (ζον.
623 2605 680 2634 vu,
711 2605 759 2636 ig).
783 2611 821 2617 —-
844 2594 972 2626 ³(jalat.
1000 2587 1329 2635 νηὶ-411141,
1356 2607 1404 2627 io.
