1924 3309
500 211 582 250 316
929 221 962 250 s.
999 220 1229 250 Aussus'rnu
1266 221 1446 247 EPISCOPI

496 290 578 332 hoc
605 287 770 332 dictum
793 296 856 332 est
883 307 891 332 :
926 307 946 330 «
976 291 1071 333 Non
1104 286 1272 340 silebit,
1313 304 1331 326 »
1364 286 1465 345 quia
1493 285 1611 330 siluit
1634 285 1871 345 judicatus.

495 362 604 404 Nam
625 368 837 419 quantum
872 360 1025 403 attinet
1046 358 1099 401 ad
1122 371 1248 400 voces
1274 356 1407 415 ipsius
1434 357 1559 402 nobis
1592 358 1846 402 necessarias
1861 393 1873 413 ‚

494 429 672 491 quando
695 429 843 474 siluit?
864 432 960 474 Non
983 427 1098 471 siluit
1119 441 1195 485 per
1217 428 1508 484 Patriarchas‚
1546 443 1637 473 non
1662 428 1779 472 siluit
1799 443 1876 488 per

493 515 539 545 os
555 500 692 545 carnis
713 515 802 543 suae
827 516 838 542 .·
862 508 904 542 et
922 497 1052 541 modo
1073 496 1107 540 si
1129 495 1298 552 sileret,
1325 497 1545 557 Scriptura
1567 514 1657 542 non
1672 498 1876 559 loquere-

496 579 582 615 tur.
609 573 765 614 Lector
784 566 990 620 ascendit,
1011 575 1054 610 et
1072 566 1163 625 ipse
1184 582 1274 611 non
1295 566 1405 611 silet.
1423 570 1644 613 Tractator
1659 567 1873 628 loquitur,

491 641 527 685 si
548 655 649 685 vera
681 639 896 698 loquitur,
935 636 1132 681 Christus
1159 636 1369 696 loquitur.
1405 638 1449 682 Si
1477 638 1621 682 sileret
1653 637 1873 691 Christus,

491 726 571 770 ego
592 710 714 755 vobis
735 710 812 752 ista
835 722 925 751 non
954 706 1158 751 dicerem.
1192 710 1279 753 Nec
1312 723 1390 768 per
1422 724 1468 753 os
1500 717 1694 753 vestrum
1721 707 1840 753 siluit
1863 727 1872 752 :
1915 708 1919 763 Ξ

490 795 590 824 nam
610 777 786 839 quando
810 777 1072 833 cantabatis,
1092 778 1182 836 ipse
1198 777 1477 838 loquebatur.
1499 780 1596 824 Non
1618 777 1714 822 silet
1731 813 1742 833 ,
1766 792 1876 837 opus

489 859 552 894 est
574 857 622 893 ut
642 864 718 892 nos
741 847 967 892 audiamus
983 883 993 902 ‚
1021 847 1097 891 scd
1119 863 1222 892 aure
1241 848 1382 892 cordis
1409 868 1419 893 ;
1441 863 1542 892 nam
1563 846 1689 892 facile
1711 857 1776 892 est
1796 863 1876 891 au-

486 919 578 963 dire
601 918 778 963 auribus
800 919 952 963 carnis.
982 918 1070 963 Illis
1096 919 1274 963 auribus
1306 918 1462 963 audire*
1486 919 1698 963 debemus
1717 953 1729 974 ‚
1768 933 1875 978 quas

486 990 710 1051 quaerebat
746 990 950 1048 magister
971 990 1088 1049 ipse,
1125 1005 1226 1034 cum
1249 990 1441 1034 diceret:
1468 1009 1487 1032 «
1514 989 1599 1042 Qui
1631 989 1765 1033 habet
1794 1004 1874 1032 au—
1913 984 1915 987 ⁴

488 1081 508 1103 »
546 1077 609 1106 res
627 1060 855 1116 audiendi,
881 1061 1029 1106 audiat
1046 1064 1075 1105 ¹.
1101 1079 1120 1102 »
1146 1061 1250 1114 Quis
1273 1061 1388 1105 enim
1411 1070 1511 1105 ante
1531 1059 1674 1115 illum‚
1695 1059 1874 1120 quando
1912 1059 1919 1086 l

486 1132 562 1175 ista
587 1131 783 1186 dicebat,
804 1132 895 1175 sine
918 1132 1094 1175 auribus
1117 1132 1255 1175 carnis
1276 1131 1450 1175 stabat?
1467 1132 1628 1175 Omnes
1652 1145 1775 1174 aures
1795 1130 1873 1173 ha-
1910 1143 1913 1190 j

487 1202 647 1246 bebant
665 1238 675 1258 ‚
697 1212 739 1246 et
760 1202 887 1261 pauci
917 1201 1141 1246 habebant
1173 1221 1181 1246 :
1206 1217 1295 1246 non
1323 1217 1472 1246 omnes
1502 1201 1725 1246 habebant
1749 1216 1871 1244 aures

484 1271 706 1327 audiendi,
732 1273 813 1317 hoc
836 1282 919 1327 est,
942 1272 1192 1317 obediendi,
1910 1270 1912 1289 ³

544 1346 601 1386 ΙΙ.
616 1346 756 1396 Quam
770 1342 1020 1387 terribiliter
1034 1341 1206 1387 locutus
1225 1351 1287 1386 est
1306 1357 1382 1401 per
1398 1342 1653 1402 prophetam
1666 1341 1872 1385 Ezechie-
1907 1355 1917 1379 .-

484 1413 584 1467 lem,
611 1413 742 1458 credo
762 1412 1019 1457 adhibuistis
1041 1428 1189 1456 aurem
1207 1448 1217 1466 ,
1240 1413 1370 1457 eredo
1393 1412 1570 1456 audistis
1584 1412 1882 1472 quemadmo->

484 1485 588 1527 (lum
610 1484 762 1528 dixerit
781 1504 788 1529 :
809 1504 827 1526 «
846 1483 912 1528 Ad
928 1485 1106 1528 domum
1131 1483 1260 1527 Israel
1279 1485 1446 1527 mittam
1462 1493 1521 1538 te,
1546 1499 1634 1528 non
1655 1484 1709 1527 ad
1732 1498 1872 1542 popu-

487 1572 506 1594 »
527 1553 615 1597 lum
637 1553 797 1598 altioris
818 1554 979 1612 linguae
998 1563 1040 1598 te
1064 1554 1247 1597 mittam.
1262 1553 1455 1613 Populus
1475 1562 1619 1597 autem
1633 1551 1705 1596 ille
1720 1552 1870 1596 nolent
1917 1556 1924 1605 j

487 1642 505 1664 υ
518 1624 667 1667 audire
679 1633 738 1678 te,
752 1624 853 1683 quia
864 1624 1179 1668 noluntaudire
1192 1627 1295 1666 me‘2.
1307 1621 1663 1675 »Quidostendit‚
1675 1622 1754 1666 nisi
1769 1622 1870 1681 quia
1921 1662 1924 1685 ἱ

482 1695 493 1736 i
499 1708 571 1753 pse
586 1697 697 1737 Deus
711 1708 786 1751 per
802 1698 884 1735 Pro
899 1703 985 1735 tam
999 1693 1294 1750 loquebatur?
1311 1692 1421 1744 Quia
1442 1691 1599 1736 veroin
1617 1690 1715 1750 ipsis
1729 1691 1870 1736 verbis

483 1762 745 1823 propheticis
760 1777 837 1806 nos
849 1762 1033 1805 maxime
1046 1762 1182 1805 territi
1195 1776 1358 1816 sumus,
1375 1761 1421 1805 id
1431 1771 1510 1816 est,
1527 1762 1750 1820 Praepositi
1762 1777 1870 1821 quos
1914 1809 1921 1815 ,

484 1834 628 1893 posuit
642 1832 762 1892 loqui
778 1832 832 1876 ad
848 1832 1059 1891 populum
1073 1847 1217 1886 suum,
1233 1831 1350 1890 prius
1363 1832 1408 1874 in
1421 1830 1505 1875 illis
1517 1831 1658 1876 verbis
1673 1830 1869 1876 videmus
1900 1877 1902 1882 Α
1920 1828 1921 1833 ’

484 1904 637 1948 faciem
652 1912 857 1947 nostram.
871 1906 1222 1946 Demonstratum
1239 1902 1428 1945 estenim
1443 1902 1584 1957 nobis,
1596 1901 1872 1946 sonantelec·
1899 1915 1917 1938 «¹

484 1983 591 2028 tore,
610 1973 731 2032 quasi
749 1971 974 2031 speculum
997 1971 1074 2015 ubi
1092 1987 1170 2016 nos
1192 1971 1498 2031 inspiceremus
1517 1993 1528 2030 3
1544 1981 1586 2016 et
1607 1972 1869 2031 inspeximus
1898 1992 1901 2007 1

483 2059 560 2088 nos
579 2043 800 2101 :inspicite
816 2057 903 2087 vos,
925 2044 1037 2086 Ecce
1049 2057 1128 2100 ego
1141 2040 1268 2096 facio⁷
1288 2041 1480 2101 quodibi
1502 2042 1661 2086 audivi.
1680 2062 1697 2084 «
1715 2043 1757 2087 Si
1780 2058 1868 2087 non
1902 2046 1905 2051 ’

487 2134 505 2156 »
542 2114 814 2168 discreveris,
856 2114 1024 2172 inquit,
1046 2113 1239 2172 justum3
1275 2113 1308 2156 si
1329 2129 1420 2157 non
1457 2113 1610 2157 dixeris
1634 2114 1865 2172 peccatori,

487 2204 506 2226 »
541 2188 681 2229 Morte
703 2184 898 2228 morieris
918 2218 928 2238 ‚
952 2192 994 2226 et
1017 2183 1253 2227 ostenderis
1276 2182 1338 2226 illi
1361 2192 1409 2226 ut
1434 2183 1604 2227 recedat
1626 2184 1679 2227 ab
1702 2184 1867 2243 iniqui·

486 2275 505 2297 »
545 2255 703 2300 tatibus
721 2255 807 2299 suis
824 2276 834 2311 3
855 2255 945 2313 ipse
958 2253 1134 2312 quidem
1152 2254 1195 2296 in
1219 2253 1404 2312 peccatis
1424 2254 1508 2298 suis
1521 2254 1745 2308 morietur,
1765 2269 1865 2298 san-

489 2344 497 2365 ›
543 2326 719 2383 guinem
744 2334 888 2368 autem
922 2325 1012 2384 ejus
1038 2322 1091 2366 de
1120 2338 1251 2366 manu
1283 2331 1356 2366 tua
1382 2323 1619 2382 exquiram.
1645 2323 1684 2367 Si
1721 2332 1864 2367 autem
1894 2350 1924 2383 „¹

489 2413 507 2436 »
533 2394 844 2449 dixeris‚etille
856 2394 1333 2453 contempse1·it,ctnon
1345 2393 1724 2450 obedierit3illein
1738 2392 1866 2437 scelc-

487 2485 506 2506 n
543 2466 661 2509 ribus
684 2466 767 2510 suis
786 2466 1008 2522 morietur,
1026 2473 1074 2509 tu
1091 2473 1234 2509 autem
1251 2466 1435 2510 animam
1452 2474 1571 2509 tuam
1583 2464 1826 2509 liberabis3.
1840 2483 1859 2503 n

1891 2534 1898 2550 1

499 2344 507 2365 υ

532 2557 540 2573 ¹
561 2551 670 2582 March.
694 2562 759 2589 xiii,
775 2562 805 2591 ς).
839 2569 875 2574 --
894 2558 902 2572 ³
927 2550 1042 2583 Ezecli.
1063 2561 1110 2588 in,
1131 2550 1162 2587 ἴ),
1191 2554 1253 2581 etc.
1274 2567 1314 2571 -
1344 2548 1356 2573 3
1378 2550 1424 2582 ld.
1446 2560 1556 2590 xxxin,
1579 2549 1611 2580 8.
