1867 3320
275 266 414 294 samio
447 267 577 307 xxiii,
613 272 665 298 nr.
698 260 751 300 24
787 274 914 304 masc
949 277 1098 308 psum
1130 285 1256 313 Lxxii.
1362 281 1443 318 3652

77 344 328 389 personam,
354 332 500 378 videte
522 336 630 395 quid
663 338 778 384 dicat
803 359 811 384 :
842 360 861 383 «
881 344 992 387 Cum
1013 347 1163 392 timore
1195 360 1237 395 et
1263 362 1446 401 tremore

79 416 100 441 »
135 400 276 445 multo
298 399 363 446 fui
392 403 512 463 apud
537 409 654 451 vos1.
679 427 698 450 »
727 411 876 455 Tutius
899 427 1001 472 ergo
1035 425 1122 471 est,
1146 428 1194 462 ut
1213 430 1254 465 et
1271 438 1346 468 nos
1374 427 1449 485 qui

76 470 298 532 loquimur
314 507 326 528 ,
346 483 389 518 et
411 489 486 519 vos
502 477 578 536 qui
601 478 758 525 auditis
773 517 783 536 ,
804 483 886 527 sub
908 500 997 529 uno
1019 488 1221 546 magistro
1242 494 1450 539 condisci-

76 541 204 601 pulos
225 559 303 588 nos
325 560 414 589 esse
433 548 895 598 noverimus.Omnino
917 556 1054 600 tutius
1075 567 1152 612 est,
1168 569 1210 603 et
1229 561 1310 606 hoc
1332 579 1450 623 expe·

76 611 162 668 dit,
189 622 239 658 ut
259 629 338 660 nos
360 631 451 660 non
473 626 683 678 tanquam
705 624 945 681 magistros,
966 625 1041 670 sed
1061 635 1266 688 tanquam
1287 633 1454 678 condis-

76 682 246 742 cipulos
280 694 445 730 vestros
487 687 686 733 audiatis.
735 691 890 737 Videte
928 695 1041 738 enim
1077 698 1178 756 quia
1216 699 1456 745 sollicitudo

77 753 204 799 nobis
238 754 439 814 imposita
469 767 532 803 est
552 794 562 813 ,
593 760 670 804 ubi
704 762 863 807 dicitur
890 784 897 808 ε
928 768 1123 822 Fratres,
1162 769 1294 813 nolite
1316 771 1458 830 plures

77 825 267 882 magistri
300 826 417 882 fieri,
448 828 494 871 in
523 828 672 874 multis
707 832 822 876 enim
855 834 1118 881 offendimus
1140 844 1329 883 omnes'2.
1356 842 1458 893 Quis

77 910 168 939 non
188 897 512 953 contremiscat,
539 915 640 944 cum
662 904 895 961 Apostolus
917 904 1021 949 dicit
1039 926 1047 950 :
1073 909 1260 952 «Omnes
1278 912 1295 952 Ξ)
1313 911 1458 963 »Quid

78 967 308 1026 sequitur?
329 988 349 1010 «
376 969 580 1030 Quisquis
598 971 643 1015 in
665 973 799 1018 verbo
822 990 911 1019 non
933 977 1141 1031 offendit,
1162 979 1232 1023 hic
1246 980 1460 1038 perfectus

81 1055 101 1078 »
137 1047 202 1081 est
222 1038 301 1084 vir.
319 1057 340 1080 »
366 1040 472 1093 Quis
496 1051 642 1085 autem
671 1043 829 1088 audeat
853 1044 996 1089 dicere
1018 1062 1061 1090 se
1080 1062 1169 1090 esse
1190 1050 1429 1106 perfectum
1445 1055 1461 1092 ξ’

79 1108 165 1161 Qui
187 1123 290 1168 ergo
307 1118 392 1154 stat
411 1120 455 1154 et
479 1111 627 1165 audit,
654 1113 698 1156 in
729 1114 862 1159 verbo
880 1131 968 1159 non
994 1117 1192 1161 offendit.
1213 1119 1295 1170 Qui
1319 1129 1460 1163 autem

78 1177 297 1239 loquitur,
334 1182 435 1236 etsi,
461 1183 616 1242 (quod
638 1183 816 1228 difficile
838 1195 902 1230 est
921 1189 966 1243 ,)
1000 1203 1088 1231 non
1115 1188 1297 1232 otl'endit
1314 1225 1324 1242 ,
1350 1191 1462 1248 pati-

79 1251 179 1293 tur³
203 1259 350 1295 tamen
378 1261 422 1296 et
453 1253 574 1297 timet
596 1269 651 1297 ne
675 1255 885 1299 offendat.
920 1259 1102 1316 Oportet
1134 1273 1234 1316 ergo
1269 1275 1341 1303 vos
1374 1275 1462 1303 esse

80 1336 170 1365 non
187 1320 327 1366 solum
345 1321 620 1383 loquentium
643 1324 860 1369 auditores
875 1361 884 1379 ‚
905 1326 980 1369 sed
997 1336 1040 1370 et
1063 1327 1307 1372 timentium
1333 1330 1460 1373 misc-

80 1401 242 1437 ratores
263 1411 272 1437 :
300 1402 349 1438 ut
371 1394 417 1438 in
438 1410 489 1438 eo
527 1396 646 1454 quod
681 1411 832 1439 verum
863 1395 1044 1441 dicimus
1063 1432 1074 1451 ,
1108 1400 1310 1457 quoniam
1335 1415 1462 1443 omne

81 1478 234 1507 verum
256 1480 279 1508 a
302 1465 483 1509 veritate
515 1474 577 1509 est
593 1501 604 1520 ‚
642 1481 730 1510 non
753 1482 851 1520 nos,
877 1466 950 1510 sed
973 1468 1113 1526 ipsum
1143 1468 1326 1513 laudetis
1355 1490 1361 1513 :
1387 1470 1462 1513 ubi

81 1544 228 1580 autem
250 1536 362 1581 sicut
379 1537 576 1581 homines
599 1537 878 1592 offendimus,
904 1538 1105 1582 eumdem
1125 1539 1265 1598 ipsum
1290 1555 1367 1599 pro
1390 1556 1464 1584 no·

81 1604 147 1650 bis
168 1606 312 1650 oretis.

143 1678 224 1720 III.
260 1676 492 1734 Scripturae
516 1685 675 1720 sanctae
708 1685 831 1731 sunt,
871 1692 1042 1721 veraces
1064 1687 1191 1731 sunt,
1232 1678 1464 1737 inculpatae

83 1756 199 1791 sunt.
222 1747 376 1790 Omnis
398 1747 620 1805 Scriptura
638 1746 846 1790 divinitus
868 1748 1072 1806 inspirata
1095 1747 1211 1791 utilis
1233 1758 1293 1792 est
1317 1750 1370 1792 ad
1387 1749 1466 1793 do-

84 1815 273 1861 cendum
292 1851 302 1871 ,
328 1816 384 1860 ad
408 1815 682 1875 arguendum
699 1851 709 1870 ,
737 1816 792 1860 ad
821 1817 1164 1861 exhortationem
1185 1852 1194 1871 ,
1221 1817 1275 1861 ad
1302 1818 1464 1863 doctri-

84 1902 187 1932 nam
200 1888 232 1930 4.
258 1886 377 1932 Nihil
395 1896 458 1931 est
481 1902 584 1945 ergo
609 1887 729 1945 quod
754 1888 1017 1945 Scripturam
1042 1903 1312 1942 accusemus,
1339 1890 1466 1933 sinos

85 1957 223 2013 forte,
247 1957 323 2002 illa
345 1973 433 2002 non
451 1956 687 2009 intellecta,
712 1957 755 2000 in
773 1956 918 2016 aliquo
940 1956 1176 2000 deviemus.
1203 1960 1313 2000 Cum
1334 1960 1464 2016 ipsam

87 2027 394 2088 intelligimus,
431 2028 536 2072 recti
559 2042 706 2071 sumus
733 2045 741 2070 ι
774 2042 873 2070 cum
898 2036 1039 2070 autem
1070 2042 1117 2070 ea
1141 2042 1227 2070 nou
1251 2027 1464 2071 intellecta

87 2100 208 2159 pravi
231 2114 404 2153 sumus,
435 2099 569 2157 ipsam
603 2106 763 2141 rectam
792 2095 1046 2140 dimittimus
1073 2116 1080 2140 :
1116 2112 1201 2141 non
1235 2097 1348 2140 enim
1372 2113 1464 2141 eam

89 2168 312 2230 depravati
350 2170 665 2228 depravamu83
706 2168 779 2211 sed
817 2166 887 2211 illa
914 2176 994 2211 stat
1028 2176 1160 2220 recta,
1193 2176 1240 2209 ut
1263 2166 1314 2209 ad
1351 2167 1465 2211 illam

89 2239 333 2299 corrigendi
361 2239 601 2284 redeamus.
643 2240 951 2281 Verumtam‹·n
988 2247 1033 2280 ut
1063 2253 1137 2280 nos
1166 2248 1358 2280 exerceat
1394 2255 1465 2280 (¹31-

91 2310 192 2356 dem
212 2313 431 2371 Scriptura
448 2345 459 2365 ,
486 2311 530 2353 in
555 2308 702 2352 multis
724 2307 828 2352 locis
858 2306 972 2350 velut
991 2306 1217 2350 carnaliter
1243 2306 1462 2366 loquitur,

92 2396 193 2426 cum
223 2396 390 2441 semper
412 2378 612 2440 spiritalis
633 2378 698 2422 sit.
730 2396 748 2419 ι(
782 2382 862 2421 Lex
886 2378 997 2419 <enim
1017 2412 1026 2429 ‚
1060 2386 1106 2420 ut
1126 2378 1181 2420 ait
1208 2378 1434 2434 Apostolus
1453 2411 1465 2425 ,

96 2470 116 2494 »
151 2451 350 2511 spiritalis
371 2461 461 2507 est,
483 2465 564 2508 ego
585 2458 728 2494 autem
752 2447 930 2492 carnalis
950 2462 1042 2490 sum
1065 2450 1093 2490 ⁵.
1117 2466 1134 2486 ι»
1158 2451 1267 2492 (jum
1292 2448 1341 2490 sii
1365 2463 1469 2503 vrgo

161 2556 168 2572 ¹
203 2560 213 2581 1
242 2551 316 2584 Cor.
344 2561 382 2590 ιι,
413 2549 443 2580 3.
466 2565 505 2570 -—
526 2554 537 2569 ²
566 2547 677 2578 Jacob.
708 2557 751 2585 iu,
784 2556 810 2584 1,
832 2554 861 2576 2.
889 2560 926 2566 -·
951 2544 959 2564 ⁵
982 2545 1081 2574 l·'··¹*!1·
1114 2548 1204 2585 patr!
1244 2560 1276 2564 -
1303 2544 1310 2570 '0
1334 2554 1351 2574 ‘-'
1382 2547 1460 2574 ἸἸΙΗ-

97 2618 140 2647 ιιι,
165 2606 215 2639 ι6.
236 2623 277 2631 -
294 2605 308 2629 ⁵
329 2609 419 2639 Rom.
442 2616 495 2645 vn,
520 2605 568 2645 ¹4·
