1924 3309
446 266 528 305 480
560 293 562 296 ψ
884 276 918 303 s.
956 275 1185 305 At¹·;us'1·1m
1219 274 1399 303 Episcom

441 342 575 386 habet
596 342 658 386 ibi
679 355 845 401 agrum.
876 362 896 385 «
915 344 998 388 Ubi
1017 343 1196 400 agrum?
1219 341 1301 385 Ubi
1319 350 1508 385 mercata
1536 343 1622 384 est?
1649 340 1728 384 Ubi
1751 355 1829 399 po-

443 414 529 458 suit
551 423 595 458 et
619 414 872 458 thesaurum
887 429 1036 467 suum,
1069 422 1119 457 ut
1136 414 1259 456 fieret
1285 413 1324 455 ei
1351 431 1360 456 ι
1397 412 1482 456 Lbi
1512 425 1575 456 est
1604 412 1832 455 thesaurus

446 502 466 525 >›
499 493 616 539 tuus,
645 485 706 529 ibi
738 495 800 530 est
834 495 877 530 et
900 501 974 530 cor
992 486 1128 528 tum1.
1152 482 1420 542 Prospiciens
1457 497 1607 540 agrum
1645 490 1833 526 mercata

447 575 464 596 »
501 564 578 599 est.
604 576 620 597 »
649 557 774 601 Unde
794 566 979 600 mercata
1002 563 1065 598 est
1080 556 1097 598 P
1115 556 1177 599 Ne
1199 552 1311 598 forte
1326 562 1375 598 tu
1387 553 1603 612 desperes,
1627 562 1671 597 et
1692 553 1834 611 suspi-

443 643 524 683 res,
552 639 594 672 et
614 628 725 673 nihil
747 645 845 688 agas
861 664 872 683 ,
904 642 1004 686 ager
1027 628 1105 671 iste
1134 640 1309 685 segnem
1327 634 1567 670 amatorem
1589 639 1679 669 non
1700 633 1830 669 amat.

446 697 515 742 Ibi
533 709 649 744 certe
671 714 770 743 cum
804 698 858 742 ad
880 713 982 742 eum
1013 698 1208 751 veneris,
1241 695 1424 741 forsitan
1452 694 1716 755 requiesces,
1757 709 1836 738 nec

443 783 552 827 opus
575 770 656 814 erit
688 778 738 813 ut
764 768 949 813 labores.
983 771 1081 813 Non
1109 768 1225 811 enim
1256 776 1320 812 est
1340 766 1436 811 talis
1467 779 1566 824 ager
1583 764 1673 819 ille,
1696 763 1836 824 qualis

443 840 539 894 iste,
558 840 635 884 ubi
654 841 793 885 Adam
808 840 853 884 in
867 839 1026 885 sudore
1042 839 1188 884 vultus
1203 839 1269 883 sui
1286 838 1478 883 comedit
1492 851 1651 896 panem
1669 837 1832 879 suum2.

446 911 581 955 Modo
605 921 753 955 tamen
774 921 823 955 ut
839 910 894 955 ad
915 910 1030 955 illius
1049 911 1139 970 agri
1156 910 1343 970 speciem
1362 907 1586 968 pervenias
1601 942 1613 962 ‚
1634 921 1837 965 compara

447 982 525 1025 tibi
558 980 675 1027 unde
707 998 928 1042 compares
964 997 1116 1042 agrum
1148 981 1226 1025 ibi.
1267 980 1410 1034 Quid?
1432 978 1600 1038 Collige
1628 977 1833 1037 pretium.

449 1050 549 1099 Hoe¹
567 1055 685 1099 enim
710 1055 796 1114 agit
826 1055 921 1099 haee
949 1054 1121 1098 mulier.
1148 1051 1304 1097 Videte
1337 1052 1371 1096 si
1398 1052 1581 1096 taciturn
1609 1058 1688 1094 est.
1725 1050 1839 1094 Cum

445 1126 611 1170 dietum
646 1136 710 1170 est
745 1145 754 1170 t
796 1145 816 1167 «
857 1125 1124 1184 Prospiciens
1158 1137 1311 1183 agrum
1344 1131 1533 1166 mercata
1567 1129 1664 1165 est:
1695 1138 1714 1160 »
1741 1129 1840 1163 tan-

445 1212 578 1256 quam
614 1196 778 1241 diceres
799 1231 810 1251 ,
847 1196 973 1240 Unde
1005 1206 1195 1240 mercata
1233 1197 1326 1239 est?
1360 1213 1379 1236 «
1400 1197 1462 1238 De
1492 1192 1730 1246 fructibus,
1756 1192 1835 1245 ait,

448 1285 467 1308 »
505 1282 720 1311 manuum
742 1283 919 1312 suarum
941 1267 1154 1327 plantavit
1176 1265 1522 1326 possessionem?
1549 1282 1569 1305 »
1597 1266 1694 1322 Ipsa
1716 1270 1840 1306 erant

449 1353 579 1397 opera
602 1355 701 1399 quae
725 1339 860 1383 dabat
882 1337 1048 1382 ancillis
1063 1373 1073 1393 ‚
1099 1347 1149 1381 ut
1172 1337 1226 1380 de
1254 1335 1470 1380 fructibus
1498 1347 1711 1378 manuum
1741 1348 1840 1377 sua-

446 1417 542 1452 rum
562 1409 779 1468 plantaret
795 1409 1109 1467 possessionem
1132 1408 1178 1450 in
1200 1415 1429 1450 aeternum.
1458 1403 1584 1448 Illam
1598 1403 1715 1447 enim
1734 1418 1838 1462 pos-

447 1480 679 1524 sessionem
718 1479 852 1533 dixit,
894 1495 993 1539 quae
1028 1478 1176 1523 futura
1209 1486 1297 1522 est.
1339 1479 1432 1521 Hoc
1468 1475 1658 1520 insinuat
1704 1473 1838 1517 verbo

446 1549 566 1610 quod
591 1550 650 1594 ait
671 1569 680 1594 ε
706 1569 726 1591 «
752 1550 1036 1609 Prospiciens.
1055 1567 1075 1590 »

508 1624 561 1665 X.
593 1640 613 1662 «
641 1621 870 1665 succincta
904 1619 1074 1665 fortiter
1096 1620 1270 1664 lumbos
1292 1634 1417 1675 suos,
1443 1619 1632 1665 firmavit
1659 1619 1839 1664 brachia

449 1709 470 1732 »
506 1694 622 1736 sua4.
651 1711 671 1733 ³)
698 1694 811 1736 Vere
840 1691 978 1736 fortis.
1005 1691 1115 1734 Vide
1136 1691 1170 1735 si
1193 1707 1282 1735 non
1304 1700 1367 1734 est
1397 1691 1569 1736 ancilla.
1596 1694 1739 1744 Quam
1758 1690 1838 1734 de·-

448 1772 548 1807 vote
581 1761 732 1816 servit,
770 1777 902 1821 quam
933 1769 1137 1821 apparate
1166 1780 1174 1804 2
1207 1776 1262 1804 ne
1289 1761 1509 1806 fluitantes
1537 1763 1654 1806 sinus
1683 1776 1838 1806 carna-

449 1833 556 1877 lium
580 1833 1031 1893 concupiscentiarum
1054 1830 1296 1890 impediant
1327 1841 1602 1890 operantem3
1623 1833 1839 1891 succingit

450 1904 646 1959 lumbos,
673 1913 723 1948 ut
747 1903 856 1947 nihil
874 1902 1146 1962 superfluum
1164 1900 1303 1945 calcet
1318 1936 1328 1954 ‚
1354 1901 1460 1945 dum
1481 1902 1527 1945 in
1556 1917 1686 1961 opere
1715 1903 1839 1947 festi-

451 1985 541 2020 nat.
570 1976 638 2019 Ibi
657 1976 773 2019 enim
790 1975 962 2020 castitas
987 1972 1179 2017 mulieris
1196 1973 1325 2032 hujus
1341 2008 1352 2028 ‚
1378 1989 1484 2017 zona
1501 1975 1710 2034 praecepti
1738 1991 1840 2019 cou-

438 2048 613 2102 ,su-icta,
651 2056 694 2091 et
728 2047 782 2090 ad
820 2061 949 2091 omne
975 2061 1083 2105 opus
1112 2046 1278 2089 bonum
1305 2060 1473 2104 semper
1500 2054 1664 2104 parata.
1694 2065 1714 2088 «
1737 2049 1839 2091 Suc-

455 2137 474 2159 »
511 2119 652 2163 cincta
670 2117 841 2162 fortiter
855 2117 1030 2162 lumbos
1049 2131 1163 2170 suos,
1191 2116 1378 2160 firmavit
1397 2116 1572 2160 brachia
1595 2133 1688 2172 sua,
1707 2135 1727 2158 »
1749 2133 1837 2162 non

451 2189 689 2234 defectura.
722 2190 847 2234 Unde
870 2190 982 2233 hoc?
1009 2208 1027 2229 «
1055 2187 1253 2232 Gustavit
1287 2187 1389 2247 quia
1426 2188 1594 2232 bonum
1629 2198 1694 2232 est
1729 2205 1837 2248 ope·

455 2280 474 2301 »
511 2261 637 2305 rari5.
660 2280 679 2302 »
708 2260 791 2305 Ubi
823 2270 886 2304 est
918 2258 1134 2319 palatum,
1160 2274 1249 2318 quo
1285 2268 1482 2317 gustatur
1506 2260 1618 2303 hoc?
1644 2260 1837 2317 Fugiunt

452 2334 647 2377 homines
662 2332 872 2387 laborem,
896 2331 1019 2392 quasi
1040 2345 1234 2374 amarum
1263 2349 1270 2374 :
1297 2329 1492 2374 timendo
1515 2340 1686 2388 gustare
1702 2366 1712 2385 ‚
1737 2347 1836 2376 nes-

451 2405 574 2448 ciunt
596 2403 701 2464 quid
720 2419 877 2447 amare.
902 2406 1071 2446 Bonum
1094 2417 1201 2460 opus
1224 2400 1327 2445 facit
1345 2401 1607 2445 conscientia
1630 2402 1759 2447 bona.
1783 2405 1837 2446 Et

452 2474 558 2534 quid
582 2474 779 2529 dulcius,
816 2473 987 2527 fratres,
1013 2474 1127 2517 bona
1147 2471 1438 2516 conscientia?
1461 2476 1565 2524 Quae
1583 2473 1615 2516 si
1639 2487 1728 2516 non
1748 2482 1832 2526 est,

500 2573 644 2604 ῐῊιιΗῙι.
668 2584 716 2613 vr,
747 2583 796 2604 11.
822 2589 863 2594 -—
887 2578 898 2594 ²
918 2573 995 2603 Gen.
1018 2581 1134 2611 ¹1¹‚¹§)-
1166 2586 1192 2591 —
1217 2566 1228 2591 3
1249 2571 1342 2600 l'rov.
1363 2568 1515 2607 xxx1,16.
1538 2585 1577 2592 -—
1595 2569 1710 2600 ⁴'41l›i‹l.
1740 2579 1835 2607 ¹7,—

452 2646 490 2651 -—-
512 2628 524 2651 5
548 2628 625 2660 lbid.
652 2630 702 2660 18.
