1867 3320
373 277 579 307 EPISTOLAE
610 273 665 306 An
696 273 883 305 ouans
913 276 1147 308 nxrosmo.
1370 271 1454 312 135

80 361 198 405 care3
224 344 343 390 aliud
361 358 451 389 non
471 343 633 388 habere
648 352 891 404 peccatum.
913 344 1022 387 Nam
1051 343 1095 387 in
1118 358 1207 404 quo
1228 355 1455 404 peccatum

78 433 167 464 non
191 424 363 475 regnat,
389 430 478 459 non
499 423 664 474 peccat,
689 414 735 458 id
756 423 835 469 est,
859 413 1040 474 quinon
1059 413 1211 458 obedit
1237 414 1456 462 desideriis

80 491 194 550 ejus:
211 488 254 531 in
269 502 358 548 quo
372 495 517 530 autem
530 502 617 531 non
634 486 825 530 existunt
841 485 1020 530 omnino
1033 484 1113 529 ista
1127 483 1351 540 desideria,
1369 502 1457 533 non

81 557 219 605 solum
238 573 325 602 non
348 565 520 617 peccat,
544 555 618 601 sed
641 556 769 600 etiam
792 571 882 600 non
899 555 1030 599 habet
1057 564 1300 614 peccatum.
1331 555 1460 610 Quod

80 628 248 673 etiamsi
283 643 333 671 ex
364 627 513 672 multis
549 628 746 686 partibus
767 627 814 670 in
846 626 927 670 ista
961 625 1049 669 vita
1075 625 1209 685 possit
1239 625 1375 680 effici,
1409 641 1462 670 ex

82 699 201 744 omni
221 707 367 742 tamen
384 706 507 757 parte
540 697 712 742 nonnisi
742 698 787 741 in
813 697 1127 741 resurrectione
1160 697 1300 741 carnis
1332 706 1463 757 atque

82 769 424 814 commutatione
445 767 707 827 sperandum
729 776 807 811 est.
828 770 975 811 Potest
991 775 1135 811 autem
1155 782 1329 811 movere
1345 765 1466 828 quod

84 839 142 884 ait
169 859 177 884 z
205 858 223 880 «
247 842 355 892 Quae
381 838 570 897 praedico
592 838 739 891 vobis,
759 837 870 881 sicut
883 830 1078 896 praedixi,
1099 837 1175 897 qui
1191 836 1293 881 talia
1310 845 1463 896 agunt,

86 929 107 952 »
142 925 324 968 regnum
365 910 438 953 Dei
471 925 559 953 non
594 907 901 967 possidebunt,
931 927 952 950 »
978 909 1010 952 si
1033 917 1254 968 quaeratur
1281 909 1359 952 ubi
1388 909 1467 955 ista

85 980 359 1040 praedixerit3
382 995 481 1023 nam
504 980 550 1023 in
572 979 653 1022 hac
675 977 868 1037 Epistola
890 994 979 1023 non
1000 979 1234 1023 invenitur.
1260 981 1377 1038 Ergo
1397 989 1472 1025 aut

83 1067 270 1112 praesens
291 1067 390 1096 cum
415 1059 550 1105 esset,
570 1051 654 1094 hoc
676 1050 936 1109 praedixerat
957 1070 969 1107 3
993 1059 1069 1094 aut
1090 1059 1353 1108 cognoverat
1369 1066 1470 1110 per-

84 1123 249 1168 venisse
271 1123 325 1166 ad
348 1121 444 1166 illos
467 1121 705 1182 Epistolam
720 1157 730 1176 ,
756 1137 856 1182 quae
878 1121 1005 1165 missa
1036 1130 1098 1166 est
1121 1120 1174 1165 ad
1203 1121 1466 1168 Corinthios.

86 1195 152 1239 lbi
174 1194 289 1238 enim
313 1195 371 1238 sic
389 1194 447 1239 ait
471 1213 479 1238 :
510 1213 530 1236 «
553 1192 697 1238 Nolite
717 1209 883 1247 errare,
913 1208 1056 1253 neque
1071 1191 1374 1248 fornicatores,
1400 1208 1473 1238 ne-

88 1283 107 1306 »
142 1280 227 1324 que
248 1263 373 1308 idolis
410 1263 668 1318 servientes,
693 1279 837 1322 neque
874 1261 1086 1318 adulteri,
1117 1278 1261 1323 neque
1290 1261 1443 1307 molles
1462 1299 1474 1320 ‚

85 1349 228 1394 neque
269 1333 563 1378 masculorum
596 1333 923 1387 concubitores,
970 1348 1114 1392 neque
1147 1331 1262 1377 sures
1280 1368 1291 1388 ‚
1332 1348 1476 1394 neque

88 1423 107 1446 »
144 1405 280 1457 avari,
310 1419 453 1463 neque
482 1404 665 1458 ebriosi,
700 1419 844 1464 neque
875 1403 1098 1459 maledici,
1130 1418 1273 1464 neque
1304 1419 1477 1463 rapaces

89 1493 108 1516 η
144 1489 326 1532 regnum
351 1474 426 1517 Dei
443 1473 768 1533 possidebunt1.
793 1492 813 1514 »

144 1547 302 1588 XLIX.
331 1545 410 1588 Hic
433 1560 535 1603 ergo
571 1559 671 1588 curn
703 1551 996 1587 enumerasset
1019 1557 1148 1602 opera
1183 1543 1324 1588 carnis
1341 1579 1352 1598 ,
1377 1543 1477 1604 qui-

16 1614 19 1650 ἶ
86 1615 165 1659 bus
182 1614 375 1658 clausum
393 1624 455 1658 est
482 1629 663 1671 regnum
689 1614 787 1668 Dei,
813 1614 994 1674 subjecit
1036 1614 1166 1657 etiam
1200 1629 1329 1673 opera
1351 1614 1477 1673 spiri-

18 1671 19 1750 ]
85 1694 180 1739 tus,
206 1700 315 1744 quos
337 1684 510 1745 spiritus
536 1682 702 1728 fructus
723 1693 849 1728 vocat
878 1703 886 1728 :
917 1702 934 1724 «
962 1686 1150 1727 Fructus
1176 1693 1320 1727 autem
1345 1682 1474 1743 spiri-

88 1775 107 1797 »
144 1755 249 1799 ritus
271 1766 350 1802 est,
372 1756 532 1816 inquit,
551 1755 758 1808 charitas,
781 1755 1005 1812 gaudium,
1026 1770 1126 1814 pax,
1148 1754 1470 1814 longanimitas,

87 1845 108 1868 »
144 1826 312 1870 bonitas
328 1862 338 1879 ,
364 1826 470 1870 fides
492 1862 502 1880 ,
528 1825 843 1879 mansuetudo,
864 1826 1131 1870 continentia
1153 1845 1160 1871 :
1185 1845 1205 1866 »
1227 1835 1269 1870 et
1287 1825 1469 1882 addidit,

87 1914 106 1938 n
143 1895 358 1940 Adversus
401 1896 651 1955 hujusmodi
677 1911 763 1939 non
789 1904 852 1938 est
874 1894 972 1937 lex²
1013 1915 1020 1939 :
1052 1914 1071 1935 »
1098 1905 1146 1939 ut
1180 1895 1472 1954 intelligamus

84 1964 179 2009 illos
201 1966 282 2008 sub
303 1968 414 2022 Lege
445 1964 606 2023 positos
625 2000 634 2017 ‚
658 1965 701 2007 in
726 1964 886 2022 quibus
910 1964 986 2007 ista
1019 1979 1107 2007 non
1142 1974 1335 2022 regnant.
1362 1968 1471 2010 Nam

84 2037 127 2080 in
150 2036 309 2096 quibus
328 2037 419 2079 ᾔτεε
446 2044 652 2092 regnant,
678 2035 755 2093 ipsi
783 2038 895 2090 Lege
921 2032 1112 2092 legitime
1135 2043 1342 2089 utuntur,
1368 2035 1467 2096 quia

20 2125 22 2157 f
84 2121 171 2150 non
203 2116 265 2149 est
288 2105 370 2149 illis
393 2109 478 2149 Lex
517 2105 569 2148 ad
593 2104 881 2149 coercendum
920 2105 1054 2163 posita
1083 2124 1091 2149 ς
1114 2106 1252 2164 major
1289 2106 1403 2149 enim
1425 2115 1467 2150 et

20 2184 21 2187 ’
84 2175 407 2236 praepollentior
433 2174 664 2218 delectatio
697 2190 847 2218 eorum
866 2174 1031 2234 justitia
1065 2183 1142 2218 est.
1172 2176 1238 2219 Sic
1273 2176 1387 2218 enim
1412 2174 1466 2220 ad

20 2239 23 2282 ἕ
87 2246 362 2289 Timotheum
378 2245 483 2288 dicit
505 2264 512 2289 :
536 2263 554 2285 «ι
575 2245 740 2289 Scimus
758 2245 871 2288 enim
887 2245 985 2304 qnia
1004 2244 1116 2288 bona
1133 2254 1195 2288 ost
1212 2247 1313 2298 Lex,
1326 2245 1358 2288 si
1373 2245 1469 2305 quis

22 2347 23 2361 ,
89 2332 108 2356 »
144 2330 191 2358 ea
218 2314 409 2371 legitime
424 2323 587 2367 utatur,
606 2315 742 2358 sciens
762 2316 842 2358 hoc
857 2315 955 2374 quia
973 2318 1074 2362 Lex.
1089 2316 1206 2374 justo
1227 2315 1365 2374 posita
1381 2331 1468 2360 non

22 2430 24 2440 .
89 2403 109 2426 »
144 2394 207 2429 est
233 2405 240 2429 :
268 2386 432 2444 injustis
451 2395 612 2438 autem,
631 2394 673 2429 ct
692 2401 778 2429 non
803 2385 1003 2436 subditis,
1024 2385 1162 2444 impiis
1179 2395 1220 2430 et
1235 2387 1468 2446 peccatori-

22 2463 25 2516 :
90 2472 109 2496 »ι
146 2456 241 2508 bus,
258 2464 300 2498 et
323 2454 523 2507 scelestis,
539 2464 574 2497 et
599 2455 918 2508 contaminatis,
936 2455 1192 2513 partricidis,
1212 2466 1253 2501 et
1276 2457 1464 2500 matrici-

88 2542 108 2566 »
143 2524 223 2578 dis,
249 2524 489 2577 homicidi3‚
510 2523 865 2579 fornicatoribuS,
885 2522 1175 2570 masculorum
1203 2526 1460 2571 concubito-

133 2616 140 2632 ⁸
172 2621 180 2641 ι
200 2611 271 2641 Cor.
294 2620 337 2649 vi,
358 2621 374 2650 7
395 2614 425 2641 vt
448 2620 492 2641 ιο.
516 2626 554 2630 ⁴-
583 2617 593 2632 ²
609 2610 708 2641 Galat.
733 2621 762 2645 ν,
784 2618 838 2645 2¹2,
855 2610 909 2640 23.
