<?xml version="1.0" encoding="UTF-8"?>
<!DOCTYPE html PUBLIC "-//W3C//DTD XHTML 1.0 Transitional//EN"
    "http://www.w3.org/TR/xhtml1/DTD/xhtml1-transitional.dtd">
<html xmlns="http://www.w3.org/1999/xhtml" xml:lang="en" lang="en">
 <head>
  <title>
</title>
<meta http-equiv="Content-Type" content="text/html;charset=utf-8" />
  <meta name='ocr-system' content='tesseract 3.04.00' />
  <meta name='ocr-capabilities' content='ocr_page ocr_carea ocr_par ocr_line ocrx_word'/>
</head>
<body>
  <div class='ocr_page' id='page_1' title='image "./operaomniaaccura17auguuoft_0588.png"; bbox 0 0 1924 3309; ppageno 0'>
   <div class='ocr_carea' id='block_1_1' title="bbox 447 320 529 358">
    <p class='ocr_par' dir='ltr' id='par_1_1' title="bbox 447 320 529 358">
     <span class='ocr_line' id='line_1_1' title="bbox 447 320 529 358; baseline 0 -1"><span class='ocrx_word' id='word_1_1' title='bbox 447 320 529 358; x_wconf 76' lang='lat'><strong>566</strong></span> 
     </span>
    </p>
   </div>
   <div class='ocr_carea' id='block_1_2' title="bbox 1066 332 1216 359">
    <p class='ocr_par' dir='ltr' id='par_1_2' title="bbox 1066 332 1216 359">
     <span class='ocr_line' id='line_1_2' title="bbox 1066 332 1216 359; baseline 0 -2"><span class='ocrx_word' id='word_1_2' title='bbox 1066 332 1216 359; x_wconf 78' lang='lat' dir='ltr'><strong>INDEX.</strong></span> 
     </span>
    </p>
   </div>
   <div class='ocr_carea' id='block_1_3' title="bbox 820 396 1831 496">
    <p class='ocr_par' dir='ltr' id='par_1_3' title="bbox 820 396 1831 496">
     <span class='ocr_line' id='line_1_3' title="bbox 821 396 1742 439; baseline 0.003 -10"><span class='ocrx_word' id='word_1_3' title='bbox 821 408 894 429; x_wconf 84' lang='lat' dir='ltr'><strong>vum</strong></span> <span class='ocrx_word' id='word_1_4' title='bbox 921 399 1060 431; x_wconf 79' lang='lat' dir='ltr'>cantabo</span> <span class='ocrx_word' id='word_1_5' title='bbox 1082 398 1163 438; x_wconf 84' lang='lat' dir='ltr'><strong>tibi,</strong></span> <span class='ocrx_word' id='word_1_6' title='bbox 1183 398 1213 429; x_wconf 92' lang='lat' dir='ltr'><strong>in</strong></span> <span class='ocrx_word' id='word_1_7' title='bbox 1232 396 1380 439; x_wconf 80' lang='lat' dir='ltr'><strong>psalterio</strong></span> <span class='ocrx_word' id='word_1_8' title='bbox 1409 399 1523 432; x_wconf 87' lang='lat' dir='ltr'><strong>decem</strong></span> <span class='ocrx_word' id='word_1_9' title='bbox 1553 399 1742 434; x_wconf 80' lang='lat' dir='ltr'><strong>chordarum</strong></span> 
     </span>
     <span class='ocr_line' id='line_1_4' title="bbox 820 453 1831 496; baseline 0.003 -11"><span class='ocrx_word' id='word_1_10' title='bbox 820 453 949 496; x_wconf 75' lang='lat' dir='ltr'><strong>psallam</strong></span> <span class='ocrx_word' id='word_1_11' title='bbox 967 453 1038 486; x_wconf 83' lang='lat' dir='ltr'><strong>tibi.</strong></span> <span class='ocrx_word' id='word_1_12' title='bbox 1767 459 1831 488; x_wconf 79' lang='lat'><strong>448</strong></span> 
     </span>
    </p>
   </div>
   <div class='ocr_carea' id='block_1_4' title="bbox 480 508 1742 544">
    <p class='ocr_par' dir='ltr' id='par_1_4' title="bbox 480 508 1742 544">
     <span class='ocr_line' id='line_1_5' title="bbox 480 508 1742 544; baseline 0.002 -4"><span class='ocrx_word' id='word_1_13' title='bbox 480 512 583 541; x_wconf 63' lang='lat' dir='ltr'><strong>Sanno</strong></span> <span class='ocrx_word' id='word_1_14' title='bbox 636 519 744 544; x_wconf 69' lang='lat' dir='ltr'><strong>xxxiv.</strong></span> <span class='ocrx_word' id='word_1_15' title='bbox 772 510 814 541; x_wconf 86' lang='lat' dir='ltr'><strong>In</strong></span> <span class='ocrx_word' id='word_1_16' title='bbox 834 509 908 541; x_wconf 80' lang='lat' dir='ltr'><strong>hoec</strong></span> <span class='ocrx_word' id='word_1_17' title='bbox 924 508 1033 540; x_wconf 85' lang='lat' dir='ltr'><strong>verba</strong></span> <span class='ocrx_word' id='word_1_18' title='bbox 1052 509 1184 540; x_wconf 72' lang='lat' dir='ltr'><strong>Psalmi</strong></span> <span class='ocrx_word' id='word_1_19' title='bbox 1196 519 1287 541; x_wconf 79' lang='lat' dir='ltr'><strong>cxux</strong></span> <span class='ocrx_word' id='word_1_20' title='bbox 1307 521 1312 540; x_wconf 90' lang='lat'>:</span> <span class='ocrx_word' id='word_1_21' title='bbox 1333 512 1469 542; x_wconf 81' lang='lat' dir='ltr'><strong>Cantate</strong></span> <span class='ocrx_word' id='word_1_22' title='bbox 1487 510 1620 543; x_wconf 88' lang='lat' dir='ltr'><strong>Domino</strong></span> <span class='ocrx_word' id='word_1_23' title='bbox 1636 515 1742 543; x_wconf 82' lang='lat' dir='ltr'><strong>canti-</strong></span> 
     </span>
    </p>
   </div>
   <div class='ocr_carea' id='block_1_5' title="bbox 819 564 1829 656">
    <p class='ocr_par' dir='ltr' id='par_1_5' title="bbox 819 564 1829 656">
     <span class='ocr_line' id='line_1_6' title="bbox 819 564 1738 606; baseline 0.002 -9"><span class='ocrx_word' id='word_1_24' title='bbox 819 576 893 598; x_wconf 82' lang='lat' dir='ltr'><strong>cum</strong></span> <span class='ocrx_word' id='word_1_25' title='bbox 907 575 1040 606; x_wconf 89' lang='lat' dir='ltr'><strong>novum,</strong></span> <span class='ocrx_word' id='word_1_26' title='bbox 1060 564 1127 597; x_wconf 86' lang='lat' dir='ltr'><strong>laus</strong></span> <span class='ocrx_word' id='word_1_27' title='bbox 1148 565 1217 606; x_wconf 88' lang='lat' dir='ltr'><strong>ejus</strong></span> <span class='ocrx_word' id='word_1_28' title='bbox 1236 565 1267 596; x_wconf 92' lang='lat' dir='ltr'><strong>in</strong></span> <span class='ocrx_word' id='word_1_29' title='bbox 1290 565 1432 598; x_wconf 76' lang='lat' dir='ltr'>Ecclesia</span> <span class='ocrx_word' id='word_1_30' title='bbox 1455 571 1653 606; x_wconf 82' lang='lat' dir='ltr'><strong>sanctorum,</strong></span> <span class='ocrx_word' id='word_1_31' title='bbox 1675 573 1738 601; x_wconf 86' lang='lat' dir='ltr'><strong>etc.</strong></span> 
     </span>
     <span class='ocr_line' id='line_1_7' title="bbox 820 621 1829 656; baseline 0.003 -3"><span class='ocrx_word' id='word_1_32' title='bbox 820 623 869 653; x_wconf 80' lang='lat' dir='ltr'><strong>De</strong></span> <span class='ocrx_word' id='word_1_33' title='bbox 894 622 1026 653; x_wconf 75' lang='lat' dir='ltr'><strong>cantico</strong></span> <span class='ocrx_word' id='word_1_34' title='bbox 1049 633 1134 653; x_wconf 74' lang='lat' dir='ltr'><strong>novo</strong></span> <span class='ocrx_word' id='word_1_35' title='bbox 1153 628 1186 652; x_wconf 79' lang='lat' dir='ltr'><strong>el</strong></span> <span class='ocrx_word' id='word_1_36' title='bbox 1206 621 1282 653; x_wconf 82' lang='lat' dir='ltr'><strong>vita</strong></span> <span class='ocrx_word' id='word_1_37' title='bbox 1295 633 1395 654; x_wconf 78' lang='lat' dir='ltr'><strong>nova.</strong></span> <span class='ocrx_word' id='word_1_38' title='bbox 1766 626 1829 656; x_wconf 78' lang='lat'><strong>453</strong></span> 
     </span>
    </p>
   </div>
   <div class='ocr_carea' id='block_1_6' title="bbox 647 676 1739 724">
    <p class='ocr_par' dir='ltr' id='par_1_6' title="bbox 647 676 1739 724">
     <span class='ocr_line' id='line_1_8' title="bbox 647 676 1739 724; baseline 0.002 -14"><span class='ocrx_word' id='word_1_39' title='bbox 647 689 746 712; x_wconf 60' lang='lat' dir='ltr'><strong>utinm⁴¹</strong></span> <span class='ocrx_word' id='word_1_40' title='bbox 776 680 823 710; x_wconf 85' lang='lat' dir='ltr'><strong>De</strong></span> <span class='ocrx_word' id='word_1_41' title='bbox 842 690 881 710; x_wconf 82' lang='lat' dir='ltr'><strong>eo</strong></span> <span class='ocrx_word' id='word_1_42' title='bbox 899 676 994 724; x_wconf 81' lang='lat' dir='ltr'><strong>quod</strong></span> <span class='ocrx_word' id='word_1_43' title='bbox 1008 679 1170 719; x_wconf 80' lang='lat' dir='ltr'><strong>scriptum</strong></span> <span class='ocrx_word' id='word_1_44' title='bbox 1188 686 1239 710; x_wconf 79' lang='lat' dir='ltr'><strong>est</strong></span> <span class='ocrx_word' id='word_1_45' title='bbox 1256 679 1291 709; x_wconf 83' lang='lat' dir='ltr'><strong>in</strong></span> <span class='ocrx_word' id='word_1_46' title='bbox 1316 678 1508 711; x_wconf 78' lang='lat' dir='ltr'><em>Proverbiis</em></span> <span class='ocrx_word' id='word_1_47' title='bbox 1528 679 1739 712; x_wconf 79' lang='lat' dir='ltr'><strong>Salomonis:</strong></span> 
     </span>
    </p>
   </div>
   <div class='ocr_carea' id='block_1_7' title="bbox 642 856 737 878">
    <p class='ocr_par' dir='ltr' id='par_1_7' title="bbox 642 856 737 878">
     <span class='ocr_line' id='line_1_9' title="bbox 642 856 737 878; baseline 0.021 -2"><span class='ocrx_word' id='word_1_48' title='bbox 642 856 737 878; x_wconf 75' lang='lat' dir='ltr'>xxxvl</span> 
     </span>
    </p>
   </div>
   <div class='ocr_carea' id='block_1_8' title="bbox 623 1133 744 1155">
    <p class='ocr_par' dir='ltr' id='par_1_8' title="bbox 623 1133 744 1155">
     <span class='ocr_line' id='line_1_10' title="bbox 623 1133 744 1155; baseline 0.008 -2"><span class='ocrx_word' id='word_1_49' title='bbox 623 1133 744 1155; x_wconf 71' lang='lat' dir='ltr'>XXXV1L</span> 
     </span>
    </p>
   </div>
   <div class='ocr_carea' id='block_1_9' title="bbox 613 1297 743 1319">
    <p class='ocr_par' dir='ltr' id='par_1_9' title="bbox 613 1297 743 1319">
     <span class='ocr_line' id='line_1_11' title="bbox 613 1297 743 1319; baseline 0.015 -2"><span class='ocrx_word' id='word_1_50' title='bbox 613 1299 626 1317; x_wconf 57' lang='grc' dir='ltr'><strong>Χ</strong></span> <span class='ocrx_word' id='word_1_51' title='bbox 635 1297 743 1319; x_wconf 68' lang='lat' dir='ltr'><strong>xxvm.</strong></span> 
     </span>
    </p>
   </div>
   <div class='ocr_carea' id='block_1_10' title="bbox 632 1520 741 1542">
    <p class='ocr_par' dir='ltr' id='par_1_10' title="bbox 632 1520 741 1542">
     <span class='ocr_line' id='line_1_12' title="bbox 632 1520 741 1542; baseline 0.009 -2"><span class='ocrx_word' id='word_1_52' title='bbox 632 1520 741 1542; x_wconf 69' lang='lat' dir='ltr'>XXXIX.</span> 
     </span>
    </p>
   </div>
   <div class='ocr_carea' id='block_1_11' title="bbox 688 1742 736 1762">
    <p class='ocr_par' dir='ltr' id='par_1_11' title="bbox 688 1742 736 1762">
     <span class='ocr_line' id='line_1_13' title="bbox 688 1742 736 1762; baseline 0 0"><span class='ocrx_word' id='word_1_53' title='bbox 688 1742 736 1762; x_wconf 72' lang='lat' dir='ltr'><strong>XL.</strong></span> 
     </span>
    </p>
   </div>
   <div class='ocr_carea' id='block_1_12' title="bbox 676 1965 725 1986">
    <p class='ocr_par' dir='ltr' id='par_1_12' title="bbox 676 1965 725 1986">
     <span class='ocr_line' id='line_1_14' title="bbox 676 1965 725 1986; baseline 0 0"><span class='ocrx_word' id='word_1_54' title='bbox 676 1965 725 1986; x_wconf 67' lang='lat' dir='ltr'><strong>nl</strong></span> 
     </span>
    </p>
   </div>
   <div class='ocr_carea' id='block_1_13' title="bbox 665 2133 726 2154">
    <p class='ocr_par' dir='ltr' id='par_1_13' title="bbox 665 2133 726 2154">
     <span class='ocr_line' id='line_1_15' title="bbox 665 2133 726 2154; baseline 0.016 -1"><span class='ocrx_word' id='word_1_55' title='bbox 665 2133 726 2154; x_wconf 74' lang='lat' dir='ltr'><strong>xm</strong></span> 
     </span>
    </p>
   </div>
   <div class='ocr_carea' id='block_1_14' title="bbox 651 2299 722 2324">
    <p class='ocr_par' dir='ltr' id='par_1_14' title="bbox 651 2299 722 2324">
     <span class='ocr_line' id='line_1_16' title="bbox 651 2299 722 2324; baseline -0.014 -1"><span class='ocrx_word' id='word_1_56' title='bbox 651 2299 722 2324; x_wconf 67' lang='lat' dir='ltr'><strong>uu!</strong></span> 
     </span>
    </p>
   </div>
   <div class='ocr_carea' id='block_1_15' title="bbox 648 2411 721 2489">
    <p class='ocr_par' dir='ltr' id='par_1_15' title="bbox 648 2411 721 2489">
     <span class='ocr_line' id='line_1_17' title="bbox 648 2411 721 2432; baseline -0.014 0"><span class='ocrx_word' id='word_1_57' title='bbox 648 2411 721 2432; x_wconf 74' lang='lat' dir='ltr'><strong>xle</strong></span> 
     </span>
     <span class='ocr_line' id='line_1_18' title="bbox 658 2468 719 2489; baseline 0.016 -1"><span class='ocrx_word' id='word_1_58' title='bbox 658 2468 719 2489; x_wconf 75' lang='lat' dir='ltr'>va</span> 
     </span>
    </p>
   </div>
   <div class='ocr_carea' id='block_1_16' title="bbox 729 732 1831 2274">
    <p class='ocr_par' dir='ltr' id='par_1_16' title="bbox 729 732 1831 2274">
     <span class='ocr_line' id='line_1_19' title="bbox 818 732 1742 776; baseline 0.001 -10"><span class='ocrx_word' id='word_1_59' title='bbox 818 734 848 766; x_wconf 90' lang='lat' dir='ltr'><strong>Si</strong></span> <span class='ocrx_word' id='word_1_60' title='bbox 870 732 996 775; x_wconf 83' lang='lat' dir='ltr'><strong>sapiens</strong></span> <span class='ocrx_word' id='word_1_61' title='bbox 1026 732 1137 773; x_wconf 86' lang='lat' dir='ltr'><strong>fueris,</strong></span> <span class='ocrx_word' id='word_1_62' title='bbox 1156 733 1215 764; x_wconf 88' lang='lat' dir='ltr'><strong>tibi</strong></span> <span class='ocrx_word' id='word_1_63' title='bbox 1233 737 1267 765; x_wconf 86' lang='lat' dir='ltr'><strong>et</strong></span> <span class='ocrx_word' id='word_1_64' title='bbox 1292 734 1441 776; x_wconf 85' lang='lat' dir='ltr'>proximis</span> <span class='ocrx_word' id='word_1_65' title='bbox 1458 733 1520 766; x_wconf 84' lang='lat' dir='ltr'><strong>tuis</strong></span> <span class='ocrx_word' id='word_1_66' title='bbox 1537 735 1619 772; x_wconf 83' lang='lat' dir='ltr'><strong>eris3</strong></span> <span class='ocrx_word' id='word_1_67' title='bbox 1638 735 1663 766; x_wconf 91' lang='lat' dir='ltr'><strong>si</strong></span> <span class='ocrx_word' id='word_1_68' title='bbox 1681 746 1742 768; x_wconf 81' lang='lat' dir='ltr'><strong>au-</strong></span> 
     </span>
     <span class='ocr_line' id='line_1_20' title="bbox 818 789 1831 829; baseline 0.002 -8"><span class='ocrx_word' id='word_1_69' title='bbox 818 794 883 821; x_wconf 88' lang='lat' dir='ltr'><strong>tem</strong></span> <span class='ocrx_word' id='word_1_70' title='bbox 901 789 1001 821; x_wconf 86' lang='lat' dir='ltr'><strong>malus</strong></span> <span class='ocrx_word' id='word_1_71' title='bbox 1021 789 1171 829; x_wconf 82' lang='lat' dir='ltr'><strong>evaseris,</strong></span> <span class='ocrx_word' id='word_1_72' title='bbox 1195 789 1277 821; x_wconf 83' lang='lat' dir='ltr'><strong>solus</strong></span> <span class='ocrx_word' id='word_1_73' title='bbox 1294 789 1420 821; x_wconf 83' lang='lat' dir='ltr'>hauries</span> <span class='ocrx_word' id='word_1_74' title='bbox 1444 789 1538 821; x_wconf 77' lang='lat' dir='ltr'><strong>mala.</strong></span> <span class='ocrx_word' id='word_1_75' title='bbox 1766 792 1831 824; x_wconf 78' lang='lat'><strong>456</strong></span> 
     </span>
     <span class='ocr_line' id='line_1_21' title="bbox 741 845 1739 891; baseline 0.004 -15"><span class='ocrx_word' id='word_1_76' title='bbox 741 869 748 876; x_wconf 92' lang='lat'><em>.</em></span> <span class='ocrx_word' id='word_1_77' title='bbox 774 847 823 877; x_wconf 82' lang='lat' dir='ltr'><strong>De</strong></span> <span class='ocrx_word' id='word_1_78' title='bbox 839 858 878 878; x_wconf 84' lang='lat' dir='ltr'><strong>eo</strong></span> <span class='ocrx_word' id='word_1_79' title='bbox 893 845 989 891; x_wconf 80' lang='lat' dir='ltr'><strong>quod</strong></span> <span class='ocrx_word' id='word_1_80' title='bbox 1003 848 1168 890; x_wconf 74' lang='lat' dir='ltr'><strong>scriptum</strong></span> <span class='ocrx_word' id='word_1_81' title='bbox 1187 854 1237 878; x_wconf 80' lang='lat' dir='ltr'><strong>est</strong></span> <span class='ocrx_word' id='word_1_82' title='bbox 1256 847 1290 878; x_wconf 82' lang='lat' dir='ltr'><strong>in</strong></span> <span class='ocrx_word' id='word_1_83' title='bbox 1317 847 1510 879; x_wconf 70' lang='lat' dir='ltr'><strong>Proverbiis</strong></span> <span class='ocrx_word' id='word_1_84' title='bbox 1524 847 1716 880; x_wconf 80' lang='lat' dir='ltr'><strong>Salomonis</strong></span> <span class='ocrx_word' id='word_1_85' title='bbox 1732 861 1739 880; x_wconf 81' lang='lat' dir='ltr'><em>z</em></span> 
     </span>
     <span class='ocr_line' id='line_1_22' title="bbox 818 902 1743 946; baseline 0.001 -11"><span class='ocrx_word' id='word_1_86' title='bbox 818 905 898 935; x_wconf 86' lang='lat' dir='ltr'>Sunt</span> <span class='ocrx_word' id='word_1_87' title='bbox 909 903 963 946; x_wconf 86' lang='lat' dir='ltr'><strong>qui</strong></span> <span class='ocrx_word' id='word_1_88' title='bbox 980 914 1013 935; x_wconf 87' lang='lat' dir='ltr'><strong>se</strong></span> <span class='ocrx_word' id='word_1_89' title='bbox 1029 903 1145 936; x_wconf 87' lang='lat' dir='ltr'><strong>divites</strong></span> <span class='ocrx_word' id='word_1_90' title='bbox 1157 902 1330 944; x_wconf 76' lang='lat' dir='ltr'>affectant,</span> <span class='ocrx_word' id='word_1_91' title='bbox 1340 903 1416 936; x_wconf 80' lang='lat' dir='ltr'>nihil</span> <span class='ocrx_word' id='word_1_92' title='bbox 1429 903 1606 942; x_wconf 83' lang='lat' dir='ltr'><strong>habentes;</strong></span> <span class='ocrx_word' id='word_1_93' title='bbox 1622 907 1656 936; x_wconf 87' lang='lat' dir='ltr'><strong>et</strong></span> <span class='ocrx_word' id='word_1_94' title='bbox 1671 908 1743 936; x_wconf 90' lang='lat' dir='ltr'><strong>sunt</strong></span> 
     </span>
     <span class='ocr_line' id='line_1_23' title="bbox 818 958 1741 1001; baseline 0.002 -12"><span class='ocrx_word' id='word_1_95' title='bbox 818 959 870 1001; x_wconf 81' lang='lat' dir='ltr'><strong>qui</strong></span> <span class='ocrx_word' id='word_1_96' title='bbox 887 969 921 991; x_wconf 88' lang='lat' dir='ltr'><strong>se</strong></span> <span class='ocrx_word' id='word_1_97' title='bbox 937 958 1119 998; x_wconf 86' lang='lat' dir='ltr'><strong>humiliant,</strong></span> <span class='ocrx_word' id='word_1_98' title='bbox 1138 968 1212 991; x_wconf 89' lang='lat' dir='ltr'><strong>cum</strong></span> <span class='ocrx_word' id='word_1_99' title='bbox 1230 958 1290 990; x_wconf 85' lang='lat' dir='ltr'><strong>sint</strong></span> <span class='ocrx_word' id='word_1_100' title='bbox 1314 958 1442 991; x_wconf 82' lang='lat' dir='ltr'><strong>divites.</strong></span> <span class='ocrx_word' id='word_1_101' title='bbox 1464 959 1654 1001; x_wconf 86' lang='lat' dir='ltr'><strong>Redemptio</strong></span> <span class='ocrx_word' id='word_1_102' title='bbox 1671 959 1741 991; x_wconf 86' lang='lat' dir='ltr'><strong>ani-</strong></span> 
     </span>
     <span class='ocr_line' id='line_1_24' title="bbox 817 1013 1743 1057; baseline 0.001 -12"><span class='ocrx_word' id='word_1_103' title='bbox 817 1025 875 1045; x_wconf 85' lang='lat' dir='ltr'><strong>mae</strong></span> <span class='ocrx_word' id='word_1_104' title='bbox 901 1014 961 1045; x_wconf 81' lang='lat' dir='ltr'><strong>viri</strong></span> <span class='ocrx_word' id='word_1_105' title='bbox 990 1014 1109 1046; x_wconf 85' lang='lat' dir='ltr'><strong>divitiae</strong></span> <span class='ocrx_word' id='word_1_106' title='bbox 1127 1013 1197 1055; x_wconf 83' lang='lat' dir='ltr'><strong>ejus</strong></span> <span class='ocrx_word' id='word_1_107' title='bbox 1210 1038 1219 1055; x_wconf 88' lang='lat'>‚</span> <span class='ocrx_word' id='word_1_108' title='bbox 1245 1024 1368 1057; x_wconf 87' lang='lat' dir='ltr'>pauper</span> <span class='ocrx_word' id='word_1_109' title='bbox 1397 1017 1504 1047; x_wconf 83' lang='lat' dir='ltr'><strong>autem</strong></span> <span class='ocrx_word' id='word_1_110' title='bbox 1533 1025 1595 1046; x_wconf 88' lang='lat' dir='ltr'><strong>non</strong></span> <span class='ocrx_word' id='word_1_111' title='bbox 1626 1013 1743 1046; x_wconf 81' lang='lat' dir='ltr'><strong>suffert</strong></span> 
     </span>
     <span class='ocr_line' id='line_1_25' title="bbox 815 1068 1830 1101; baseline 0.002 -2"><span class='ocrx_word' id='word_1_112' title='bbox 815 1068 927 1099; x_wconf 80' lang='lat' dir='ltr'><strong>minas.</strong></span> <span class='ocrx_word' id='word_1_113' title='bbox 1766 1071 1830 1101; x_wconf 73' lang='lat'><strong>462</strong></span> 
     </span>
     <span class='ocr_line' id='line_1_26' title="bbox 775 1124 1744 1163; baseline 0.002 -9"><span class='ocrx_word' id='word_1_114' title='bbox 775 1125 823 1155; x_wconf 78' lang='lat' dir='ltr'><strong>De</strong></span> <span class='ocrx_word' id='word_1_115' title='bbox 842 1124 986 1156; x_wconf 74' lang='lat' dir='ltr'><strong>lectione</strong></span> <span class='ocrx_word' id='word_1_116' title='bbox 999 1124 1258 1157; x_wconf 71' lang='lat' dir='ltr'><strong>Proverbiorum</strong></span> <span class='ocrx_word' id='word_1_117' title='bbox 1276 1124 1485 1163; x_wconf 81' lang='lat' dir='ltr'><strong>Salomonis,</strong></span> <span class='ocrx_word' id='word_1_118' title='bbox 1494 1124 1537 1155; x_wconf 83' lang='lat' dir='ltr'><strong>ab</strong></span> <span class='ocrx_word' id='word_1_119' title='bbox 1551 1136 1590 1156; x_wconf 84' lang='lat' dir='ltr'><strong>eo</strong></span> <span class='ocrx_word' id='word_1_120' title='bbox 1602 1124 1677 1157; x_wconf 89' lang='lat' dir='ltr'><strong>loco</strong></span> <span class='ocrx_word' id='word_1_121' title='bbox 1687 1124 1744 1156; x_wconf 81' lang='lat' dir='ltr'><strong>ubi</strong></span> 
     </span>
     <span class='ocr_line' id='line_1_27' title="bbox 816 1177 1742 1220; baseline 0.002 -12"><span class='ocrx_word' id='word_1_122' title='bbox 816 1177 941 1209; x_wconf 76' lang='lat' dir='ltr'><strong>dictum</strong></span> <span class='ocrx_word' id='word_1_123' title='bbox 963 1187 1015 1210; x_wconf 78' lang='lat' dir='ltr'><strong>est</strong></span> <span class='ocrx_word' id='word_1_124' title='bbox 1033 1198 1040 1211; x_wconf 65' lang='lat'>2</span> <span class='ocrx_word' id='word_1_125' title='bbox 1067 1177 1239 1210; x_wconf 84' lang='lat' dir='ltr'><strong>Mulierem</strong></span> <span class='ocrx_word' id='word_1_126' title='bbox 1262 1179 1380 1210; x_wconf 83' lang='lat' dir='ltr'><strong>fortem</strong></span> <span class='ocrx_word' id='word_1_127' title='bbox 1409 1178 1477 1220; x_wconf 82' lang='lat' dir='ltr'><strong>quis</strong></span> <span class='ocrx_word' id='word_1_128' title='bbox 1495 1178 1666 1211; x_wconf 81' lang='lat' dir='ltr'><strong>inveniet?</strong></span> <span class='ocrx_word' id='word_1_129' title='bbox 1685 1190 1742 1210; x_wconf 79' lang='lat' dir='ltr'><strong>us-</strong></span> 
     </span>
     <span class='ocr_line' id='line_1_28' title="bbox 814 1232 1828 1275; baseline 0.001 -12"><span class='ocrx_word' id='word_1_130' title='bbox 814 1245 876 1275; x_wconf 75' lang='lat' dir='ltr'><strong>que</strong></span> <span class='ocrx_word' id='word_1_131' title='bbox 887 1257 898 1271; x_wconf 92' lang='lat'><em>,</em></span> <span class='ocrx_word' id='word_1_132' title='bbox 914 1235 953 1265; x_wconf 86' lang='lat' dir='ltr'><strong>Et</strong></span> <span class='ocrx_word' id='word_1_133' title='bbox 971 1233 1119 1265; x_wconf 78' lang='lat' dir='ltr'><strong>laudetur</strong></span> <span class='ocrx_word' id='word_1_134' title='bbox 1136 1233 1168 1264; x_wconf 89' lang='lat' dir='ltr'><strong>in</strong></span> <span class='ocrx_word' id='word_1_135' title='bbox 1186 1233 1286 1275; x_wconf 79' lang='lat' dir='ltr'><strong>portis</strong></span> <span class='ocrx_word' id='word_1_136' title='bbox 1299 1232 1348 1265; x_wconf 87' lang='lat' dir='ltr'><strong>vir</strong></span> <span class='ocrx_word' id='word_1_137' title='bbox 1366 1233 1448 1274; x_wconf 84' lang='lat' dir='ltr'><strong>ejus.</strong></span> <span class='ocrx_word' id='word_1_138' title='bbox 1764 1236 1828 1265; x_wconf 67' lang='lat'><strong>472</strong></span> 
     </span>
     <span class='ocr_line' id='line_1_29' title="bbox 771 1288 1740 1329; baseline 0.001 -11"><span class='ocrx_word' id='word_1_139' title='bbox 771 1288 819 1319; x_wconf 80' lang='lat' dir='ltr'><strong>De</strong></span> <span class='ocrx_word' id='word_1_140' title='bbox 838 1288 950 1319; x_wconf 77' lang='lat' dir='ltr'><strong>verbis</strong></span> <span class='ocrx_word' id='word_1_141' title='bbox 980 1288 1226 1320; x_wconf 81' lang='lat' dir='ltr'><strong>Ecclesz&#39;astz&#39;cz&#39;</strong></span> <span class='ocrx_word' id='word_1_142' title='bbox 1241 1299 1263 1320; x_wconf 78' lang='grc' dir='ltr'><strong>ιι</strong></span> <span class='ocrx_word' id='word_1_143' title='bbox 1283 1300 1290 1319; x_wconf 81' lang='lat' dir='ltr'>z</span> <span class='ocrx_word' id='word_1_144' title='bbox 1312 1288 1382 1329; x_wconf 85' lang='lat' dir='ltr'><strong>Fili,</strong></span> <span class='ocrx_word' id='word_1_145' title='bbox 1401 1288 1557 1320; x_wconf 83' lang='lat' dir='ltr'><strong>accedens</strong></span> <span class='ocrx_word' id='word_1_146' title='bbox 1575 1289 1617 1320; x_wconf 81' lang='lat' dir='ltr'><strong>ad</strong></span> <span class='ocrx_word' id='word_1_147' title='bbox 1634 1288 1740 1320; x_wconf 86' lang='lat' dir='ltr'><strong>servi-</strong></span> 
     </span>
     <span class='ocr_line' id='line_1_30' title="bbox 816 1342 1736 1384; baseline -0.001 -9"><span class='ocrx_word' id='word_1_148' title='bbox 816 1347 919 1376; x_wconf 84' lang='lat' dir='ltr'><strong>tutem</strong></span> <span class='ocrx_word' id='word_1_149' title='bbox 952 1343 1027 1384; x_wconf 84' lang='lat' dir='ltr'><strong>Dei,</strong></span> <span class='ocrx_word' id='word_1_150' title='bbox 1052 1347 1118 1375; x_wconf 86' lang='lat' dir='ltr'><strong>etc.</strong></span> <span class='ocrx_word' id='word_1_151' title='bbox 1153 1344 1201 1374; x_wconf 74' lang='lat' dir='ltr'><strong>Et</strong></span> <span class='ocrx_word' id='word_1_152' title='bbox 1230 1342 1272 1376; x_wconf 86' lang='lat' dir='ltr'><strong>de</strong></span> <span class='ocrx_word' id='word_1_153' title='bbox 1299 1342 1414 1375; x_wconf 80' lang='lat' dir='ltr'><strong>verbis</strong></span> <span class='ocrx_word' id='word_1_154' title='bbox 1435 1343 1569 1374; x_wconf 79' lang='lat' dir='ltr'><strong>Psalmi</strong></span> <span class='ocrx_word' id='word_1_155' title='bbox 1591 1353 1736 1376; x_wconf 78' lang='lat' dir='ltr'><strong>xxxvm:</strong></span> 
     </span>
     <span class='ocr_line' id='line_1_31' title="bbox 814 1398 1739 1441; baseline 0 -10"><span class='ocrx_word' id='word_1_156' title='bbox 814 1401 999 1441; x_wconf 84' lang='lat' dir='ltr'><strong>Quanquam</strong></span> <span class='ocrx_word' id='word_1_157' title='bbox 1017 1398 1048 1431; x_wconf 92' lang='lat' dir='ltr'><strong>in</strong></span> <span class='ocrx_word' id='word_1_158' title='bbox 1064 1399 1203 1441; x_wconf 84' lang='lat' dir='ltr'><strong>imagine</strong></span> <span class='ocrx_word' id='word_1_159' title='bbox 1216 1399 1363 1432; x_wconf 84' lang='lat' dir='ltr'><strong>ambulat</strong></span> <span class='ocrx_word' id='word_1_160' title='bbox 1380 1398 1488 1440; x_wconf 91' lang='lat' dir='ltr'><strong>homo,</strong></span> <span class='ocrx_word' id='word_1_161' title='bbox 1501 1403 1565 1431; x_wconf 90' lang='lat' dir='ltr'><strong>etc.</strong></span> <span class='ocrx_word' id='word_1_162' title='bbox 1587 1400 1639 1430; x_wconf 90' lang='lat' dir='ltr'><strong>De</strong></span> <span class='ocrx_word' id='word_1_163' title='bbox 1653 1410 1739 1431; x_wconf 85' lang='lat' dir='ltr'><strong>con-</strong></span> 
     </span>
     <span class='ocr_line' id='line_1_32' title="bbox 814 1454 1826 1487; baseline 0.001 -2"><span class='ocrx_word' id='word_1_164' title='bbox 814 1454 959 1485; x_wconf 71' lang='lat' dir='ltr'><strong>tinentia</strong></span> <span class='ocrx_word' id='word_1_165' title='bbox 973 1461 1006 1485; x_wconf 83' lang='lat' dir='ltr'><strong>et</strong></span> <span class='ocrx_word' id='word_1_166' title='bbox 1022 1455 1239 1487; x_wconf 74' lang='lat' dir='ltr'><strong>sustinentia.</strong></span> <span class='ocrx_word' id='word_1_167' title='bbox 1762 1457 1826 1487; x_wconf 74' lang='lat'><strong>495</strong></span> 
     </span>
     <span class='ocr_line' id='line_1_33' title="bbox 769 1507 1737 1552; baseline -0.001 -10"><span class='ocrx_word' id='word_1_168' title='bbox 769 1511 819 1542; x_wconf 87' lang='lat' dir='ltr'><strong>De</strong></span> <span class='ocrx_word' id='word_1_169' title='bbox 837 1522 876 1541; x_wconf 77' lang='lat' dir='ltr'><strong>eo</strong></span> <span class='ocrx_word' id='word_1_170' title='bbox 894 1507 990 1552; x_wconf 78' lang='lat' dir='ltr'><strong>quod</strong></span> <span class='ocrx_word' id='word_1_171' title='bbox 999 1510 1161 1552; x_wconf 80' lang='lat' dir='ltr'><strong>scriptum</strong></span> <span class='ocrx_word' id='word_1_172' title='bbox 1180 1517 1232 1543; x_wconf 78' lang='lat' dir='ltr'><strong>est</strong></span> <span class='ocrx_word' id='word_1_173' title='bbox 1245 1509 1518 1542; x_wconf 79' lang='lat' dir='ltr'><strong>Ecclesiasciciv</strong></span> <span class='ocrx_word' id='word_1_174' title='bbox 1535 1521 1542 1540; x_wconf 71' lang='grc' dir='ltr'><strong><em>ι</em></strong></span> <span class='ocrx_word' id='word_1_175' title='bbox 1563 1510 1611 1541; x_wconf 87' lang='lat' dir='ltr'><strong>Ne</strong></span> <span class='ocrx_word' id='word_1_176' title='bbox 1629 1509 1737 1541; x_wconf 79' lang='lat' dir='ltr'><strong>tardes</strong></span> 
     </span>
     <span class='ocr_line' id='line_1_34' title="bbox 813 1564 1735 1608; baseline 0 -12"><span class='ocrx_word' id='word_1_177' title='bbox 813 1565 962 1597; x_wconf 83' lang='lat' dir='ltr'><strong>converti</strong></span> <span class='ocrx_word' id='word_1_178' title='bbox 987 1565 1026 1597; x_wconf 89' lang='lat' dir='ltr'><strong>ad</strong></span> <span class='ocrx_word' id='word_1_179' title='bbox 1052 1567 1166 1607; x_wconf 86' lang='lat' dir='ltr'><strong>Deum,</strong></span> <span class='ocrx_word' id='word_1_180' title='bbox 1187 1576 1293 1608; x_wconf 90' lang='lat' dir='ltr'><strong>neque</strong></span> <span class='ocrx_word' id='word_1_181' title='bbox 1310 1564 1442 1597; x_wconf 80' lang='lat' dir='ltr'><strong>differas</strong></span> <span class='ocrx_word' id='word_1_182' title='bbox 1459 1565 1500 1597; x_wconf 85' lang='lat' dir='ltr'><strong>de</strong></span> <span class='ocrx_word' id='word_1_183' title='bbox 1518 1564 1571 1597; x_wconf 83' lang='lat' dir='ltr'><strong>die</strong></span> <span class='ocrx_word' id='word_1_184' title='bbox 1587 1565 1619 1596; x_wconf 90' lang='lat' dir='ltr'><strong>in</strong></span> <span class='ocrx_word' id='word_1_185' title='bbox 1639 1565 1735 1597; x_wconf 88' lang='lat' dir='ltr'><strong>diem.</strong></span> 
     </span>
     <span class='ocr_line' id='line_1_35' title="bbox 813 1619 1737 1663; baseline 0.001 -11"><span class='ocrx_word' id='word_1_186' title='bbox 813 1621 847 1652; x_wconf 89' lang='lat' dir='ltr'><em>E</em></span> <span class='ocrx_word' id='word_1_187' title='bbox 851 1629 862 1651; x_wconf 81' lang='grc' dir='ltr'><em>ι</em></span> <span class='ocrx_word' id='word_1_188' title='bbox 879 1619 920 1652; x_wconf 84' lang='lat' dir='ltr'><strong>de</strong></span> <span class='ocrx_word' id='word_1_189' title='bbox 945 1620 1059 1651; x_wconf 80' lang='lat' dir='ltr'><strong>verbis</strong></span> <span class='ocrx_word' id='word_1_190' title='bbox 1078 1621 1234 1663; x_wconf 74' lang='lat' dir='ltr'><strong>Apostoli</strong></span> <span class='ocrx_word' id='word_1_191' title='bbox 1253 1632 1265 1652; x_wconf 91' lang='lat'>1</span> <span class='ocrx_word' id='word_1_192' title='bbox 1289 1621 1377 1653; x_wconf 86' lang='lat' dir='ltr'><strong>Tim.</strong></span> <span class='ocrx_word' id='word_1_193' title='bbox 1394 1631 1425 1652; x_wconf 79' lang='lat' dir='ltr'><strong>vi</strong></span> <span class='ocrx_word' id='word_1_194' title='bbox 1442 1632 1449 1651; x_wconf 74' lang='grc' dir='ltr'>ι</span> <span class='ocrx_word' id='word_1_195' title='bbox 1473 1620 1556 1652; x_wconf 86' lang='lat' dir='ltr'><strong>Nihil</strong></span> <span class='ocrx_word' id='word_1_196' title='bbox 1574 1620 1737 1653; x_wconf 84' lang='lat' dir='ltr'><strong>intulimus</strong></span> 
     </span>
     <span class='ocr_line' id='line_1_36' title="bbox 808 1675 1825 1718; baseline 0.001 -11"><span class='ocrx_word' id='word_1_197' title='bbox 808 1676 839 1708; x_wconf 88' lang='lat' dir='ltr'><strong>in</strong></span> <span class='ocrx_word' id='word_1_198' title='bbox 865 1675 948 1708; x_wconf 85' lang='lat' dir='ltr'><strong>hunc</strong></span> <span class='ocrx_word' id='word_1_199' title='bbox 962 1675 1126 1718; x_wconf 89' lang='lat' dir='ltr'><strong>mundum,</strong></span> <span class='ocrx_word' id='word_1_200' title='bbox 1141 1680 1206 1708; x_wconf 91' lang='lat' dir='ltr'><strong>etc.</strong></span> <span class='ocrx_word' id='word_1_201' title='bbox 1761 1677 1825 1709; x_wconf 72' lang='lat'><strong>504</strong></span> 
     </span>
     <span class='ocr_line' id='line_1_37' title="bbox 765 1729 1736 1773; baseline 0 -11"><span class='ocrx_word' id='word_1_202' title='bbox 765 1732 815 1762; x_wconf 82' lang='lat' dir='ltr'><strong>De</strong></span> <span class='ocrx_word' id='word_1_203' title='bbox 832 1729 948 1763; x_wconf 82' lang='lat' dir='ltr'><strong>eodem</strong></span> <span class='ocrx_word' id='word_1_204' title='bbox 980 1730 1054 1763; x_wconf 85' lang='lat' dir='ltr'><strong>loco</strong></span> <span class='ocrx_word' id='word_1_205' title='bbox 1070 1731 1316 1763; x_wconf 80' lang='lat' dir='ltr'><strong>Ecclesiastici</strong></span> <span class='ocrx_word' id='word_1_206' title='bbox 1332 1742 1364 1773; x_wconf 80' lang='lat' dir='ltr'><strong>v,</strong></span> <span class='ocrx_word' id='word_1_207' title='bbox 1385 1731 1405 1763; x_wconf 90' lang='lat'>8</span> <span class='ocrx_word' id='word_1_208' title='bbox 1426 1743 1433 1762; x_wconf 73' lang='grc' dir='ltr'>ε</span> <span class='ocrx_word' id='word_1_209' title='bbox 1459 1732 1506 1764; x_wconf 92' lang='lat' dir='ltr'><strong>Ne</strong></span> <span class='ocrx_word' id='word_1_210' title='bbox 1523 1731 1630 1763; x_wconf 83' lang='lat' dir='ltr'><strong>tardes</strong></span> <span class='ocrx_word' id='word_1_211' title='bbox 1651 1741 1736 1764; x_wconf 87' lang='lat' dir='ltr'><strong>con-</strong></span> 
     </span>
     <span class='ocr_line' id='line_1_38' title="bbox 809 1785 1737 1832; baseline 0.001 -14"><span class='ocrx_word' id='word_1_212' title='bbox 809 1787 894 1818; x_wconf 83' lang='lat' dir='ltr'><strong>verti</strong></span> <span class='ocrx_word' id='word_1_213' title='bbox 911 1787 950 1818; x_wconf 85' lang='lat' dir='ltr'><strong>ad</strong></span> <span class='ocrx_word' id='word_1_214' title='bbox 968 1789 1089 1828; x_wconf 80' lang='lat' dir='ltr'><strong>Deum,</strong></span> <span class='ocrx_word' id='word_1_215' title='bbox 1105 1791 1170 1818; x_wconf 86' lang='lat' dir='ltr'><strong>etc.</strong></span> <span class='ocrx_word' id='word_1_216' title='bbox 1192 1787 1234 1818; x_wconf 85' lang='lat' dir='ltr'><strong>In</strong></span> <span class='ocrx_word' id='word_1_217' title='bbox 1252 1798 1309 1819; x_wconf 82' lang='lat' dir='ltr'><strong>eos</strong></span> <span class='ocrx_word' id='word_1_218' title='bbox 1331 1787 1392 1832; x_wconf 79' lang='lat' dir='ltr'><strong>qui</strong></span> <span class='ocrx_word' id='word_1_219' title='bbox 1414 1788 1668 1820; x_wconf 78' lang='lat' dir='ltr'><strong>conversionem</strong></span> <span class='ocrx_word' id='word_1_220' title='bbox 1695 1785 1737 1819; x_wconf 86' lang='lat' dir='ltr'><strong>de</strong></span> 
     </span>
     <span class='ocr_line' id='line_1_39' title="bbox 809 1840 1734 1887; baseline 0.002 -14"><span class='ocrx_word' id='word_1_221' title='bbox 809 1842 864 1874; x_wconf 81' lang='lat' dir='ltr'><strong>die</strong></span> <span class='ocrx_word' id='word_1_222' title='bbox 877 1844 913 1874; x_wconf 82' lang='grc' dir='ltr'><strong>ιἰι</strong></span> <span class='ocrx_word' id='word_1_223' title='bbox 931 1842 1018 1875; x_wconf 84' lang='lat' dir='ltr'><strong>diem</strong></span> <span class='ocrx_word' id='word_1_224' title='bbox 1028 1840 1208 1885; x_wconf 67' lang='grc' dir='ltr'><strong>ιίζθὲναηῑ,</strong></span> <span class='ocrx_word' id='word_1_225' title='bbox 1222 1854 1363 1887; x_wconf 81' lang='lat' dir='ltr'><strong>quorum</strong></span> <span class='ocrx_word' id='word_1_226' title='bbox 1377 1844 1441 1876; x_wconf 70' lang='lat' dir='ltr'><strong>alii</strong></span> <span class='ocrx_word' id='word_1_227' title='bbox 1449 1843 1535 1876; x_wconf 83' lang='lat' dir='ltr'><strong>male</strong></span> <span class='ocrx_word' id='word_1_228' title='bbox 1547 1842 1734 1887; x_wconf 78' lang='lat' dir='ltr'><strong>sperando,</strong></span> 
     </span>
     <span class='ocr_line' id='line_1_40' title="bbox 811 1896 1822 1940; baseline 0 -12"><span class='ocrx_word' id='word_1_229' title='bbox 811 1898 874 1929; x_wconf 73' lang='lat' dir='ltr'><strong>alii</strong></span> <span class='ocrx_word' id='word_1_230' title='bbox 895 1896 1109 1940; x_wconf 77' lang='lat' dir='ltr'><strong>desperando</strong></span> <span class='ocrx_word' id='word_1_231' title='bbox 1121 1905 1279 1940; x_wconf 80' lang='lat' dir='ltr'><strong>pereunt.</strong></span> <span class='ocrx_word' id='word_1_232' title='bbox 1759 1901 1822 1931; x_wconf 72' lang='lat'><strong>509</strong></span> 
     </span>
     <span class='ocr_line' id='line_1_41' title="bbox 729 1952 1735 1999; baseline 0.001 -13"><span class='ocrx_word' id='word_1_233' title='bbox 729 1978 737 1986; x_wconf 89' lang='lat'><strong>.</strong></span> <span class='ocrx_word' id='word_1_234' title='bbox 766 1956 815 1986; x_wconf 85' lang='lat' dir='ltr'><strong>De</strong></span> <span class='ocrx_word' id='word_1_235' title='bbox 832 1966 870 1986; x_wconf 83' lang='lat' dir='ltr'><strong>eo</strong></span> <span class='ocrx_word' id='word_1_236' title='bbox 887 1952 981 1999; x_wconf 77' lang='lat' dir='ltr'><strong>quod</strong></span> <span class='ocrx_word' id='word_1_237' title='bbox 995 1955 1158 1997; x_wconf 80' lang='lat' dir='ltr'><strong>scriptum</strong></span> <span class='ocrx_word' id='word_1_238' title='bbox 1173 1961 1224 1985; x_wconf 80' lang='lat' dir='ltr'><strong>est</strong></span> <span class='ocrx_word' id='word_1_239' title='bbox 1240 1953 1579 1995; x_wconf 82' lang='lat' dir='ltr'><strong>Ecclesiasticixxn,</strong></span> <span class='ocrx_word' id='word_1_240' title='bbox 1594 1957 1637 1988; x_wconf 85' lang='lat'><strong>28</strong></span> <span class='ocrx_word' id='word_1_241' title='bbox 1653 1967 1659 1986; x_wconf 93' lang='lat'>:</span> <span class='ocrx_word' id='word_1_242' title='bbox 1679 1955 1735 1987; x_wconf 84' lang='lat' dir='ltr'><strong>Fi-</strong></span> 
     </span>
     <span class='ocr_line' id='line_1_42' title="bbox 808 2009 1734 2053; baseline 0.001 -11"><span class='ocrx_word' id='word_1_243' title='bbox 808 2011 882 2043; x_wconf 89' lang='lat' dir='ltr'><strong>dem</strong></span> <span class='ocrx_word' id='word_1_244' title='bbox 900 2010 1025 2053; x_wconf 86' lang='lat' dir='ltr'><strong>posside</strong></span> <span class='ocrx_word' id='word_1_245' title='bbox 1042 2021 1116 2042; x_wconf 92' lang='lat' dir='ltr'><strong>cum</strong></span> <span class='ocrx_word' id='word_1_246' title='bbox 1133 2009 1279 2052; x_wconf 82' lang='lat' dir='ltr'><strong>proximo</strong></span> <span class='ocrx_word' id='word_1_247' title='bbox 1299 2011 1331 2042; x_wconf 92' lang='lat' dir='ltr'><strong>in</strong></span> <span class='ocrx_word' id='word_1_248' title='bbox 1348 2014 1543 2053; x_wconf 82' lang='lat' dir='ltr'><strong>paupertate</strong></span> <span class='ocrx_word' id='word_1_249' title='bbox 1560 2010 1675 2053; x_wconf 84' lang='lat' dir='ltr'><strong>ipsius,</strong></span> <span class='ocrx_word' id='word_1_250' title='bbox 1698 2015 1734 2043; x_wconf 86' lang='lat' dir='ltr'><strong>ut</strong></span> 
     </span>
     <span class='ocr_line' id='line_1_43' title="bbox 811 2065 1821 2107; baseline 0.002 -10"><span class='ocrx_word' id='word_1_251' title='bbox 811 2070 843 2098; x_wconf 88' lang='lat' dir='ltr'><strong>et</strong></span> <span class='ocrx_word' id='word_1_252' title='bbox 857 2065 949 2098; x_wconf 91' lang='lat' dir='ltr'><strong>bonis</strong></span> <span class='ocrx_word' id='word_1_253' title='bbox 970 2066 1040 2107; x_wconf 85' lang='lat' dir='ltr'><strong>ejus</strong></span> <span class='ocrx_word' id='word_1_254' title='bbox 1054 2065 1238 2107; x_wconf 85' lang='lat' dir='ltr'><strong>perfruaris.</strong></span> <span class='ocrx_word' id='word_1_255' title='bbox 1757 2069 1821 2099; x_wconf 72' lang='lat'><strong>514</strong></span> 
     </span>
     <span class='ocr_line' id='line_1_44' title="bbox 733 2122 1732 2167; baseline 0 -13"><span class='ocrx_word' id='word_1_256' title='bbox 733 2148 737 2154; x_wconf 94' lang='lat'><em>.</em></span> <span class='ocrx_word' id='word_1_257' title='bbox 767 2123 817 2155; x_wconf 82' lang='lat' dir='ltr'><strong>De</strong></span> <span class='ocrx_word' id='word_1_258' title='bbox 830 2134 869 2153; x_wconf 87' lang='lat' dir='ltr'><strong>eo</strong></span> <span class='ocrx_word' id='word_1_259' title='bbox 887 2122 981 2167; x_wconf 81' lang='lat' dir='ltr'><strong>quod</strong></span> <span class='ocrx_word' id='word_1_260' title='bbox 994 2123 1159 2163; x_wconf 73' lang='lat' dir='ltr'><strong>scriptum</strong></span> <span class='ocrx_word' id='word_1_261' title='bbox 1177 2129 1228 2153; x_wconf 84' lang='lat' dir='ltr'><strong>est</strong></span> <span class='ocrx_word' id='word_1_262' title='bbox 1246 2122 1281 2153; x_wconf 82' lang='lat' dir='ltr'><strong>in</strong></span> <span class='ocrx_word' id='word_1_263' title='bbox 1299 2122 1408 2162; x_wconf 75' lang='lat' dir='ltr'><strong>Isaia,</strong></span> <span class='ocrx_word' id='word_1_264' title='bbox 1427 2133 1503 2164; x_wconf 81' lang='lat' dir='ltr'><em>cap.</em></span> <span class='ocrx_word' id='word_1_265' title='bbox 1518 2132 1530 2154; x_wconf 86' lang='lat'>1</span> <span class='ocrx_word' id='word_1_266' title='bbox 1546 2135 1553 2154; x_wconf 72' lang='grc' dir='ltr'>ε</span> <span class='ocrx_word' id='word_1_267' title='bbox 1570 2125 1639 2161; x_wconf 87' lang='lat' dir='ltr'><strong>Quo</strong></span> <span class='ocrx_word' id='word_1_268' title='bbox 1655 2122 1732 2155; x_wconf 86' lang='lat' dir='ltr'><strong>mihi</strong></span> 
     </span>
     <span class='ocr_line' id='line_1_45' title="bbox 804 2177 1730 2213; baseline 0.002 -5"><span class='ocrx_word' id='word_1_269' title='bbox 804 2177 1041 2213; x_wconf 79' lang='lat' dir='ltr'><strong>multitudinem</strong></span> <span class='ocrx_word' id='word_1_270' title='bbox 1080 2177 1306 2209; x_wconf 77' lang='lat' dir='ltr'><strong>sacrificiorum</strong></span> <span class='ocrx_word' id='word_1_271' title='bbox 1346 2183 1528 2209; x_wconf 84' lang='lat' dir='ltr'><strong>vestrorum</strong></span> <span class='ocrx_word' id='word_1_272' title='bbox 1547 2177 1561 2209; x_wconf 62' lang='grc' dir='ltr'><strong>’.Γ</strong></span> <span class='ocrx_word' id='word_1_273' title='bbox 1603 2178 1652 2210; x_wconf 80' lang='lat' dir='ltr'><strong>Et</strong></span> <span class='ocrx_word' id='word_1_274' title='bbox 1695 2179 1730 2210; x_wconf 87' lang='lat' dir='ltr'><strong>in</strong></span> 
     </span>
     <span class='ocr_line' id='line_1_46' title="bbox 808 2232 1817 2274; baseline 0.001 -10"><span class='ocrx_word' id='word_1_275' title='bbox 808 2233 902 2264; x_wconf 80' lang='lat' dir='ltr'><em>Psal.</em></span> <span class='ocrx_word' id='word_1_276' title='bbox 923 2243 1035 2265; x_wconf 78' lang='lat' dir='ltr'><strong>cxxxix</strong></span> <span class='ocrx_word' id='word_1_277' title='bbox 1048 2245 1055 2264; x_wconf 91' lang='lat'>:</span> <span class='ocrx_word' id='word_1_278' title='bbox 1069 2232 1183 2265; x_wconf 85' lang='lat' dir='ltr'><strong>Libera</strong></span> <span class='ocrx_word' id='word_1_279' title='bbox 1200 2243 1266 2274; x_wconf 85' lang='lat' dir='ltr'><strong>me,</strong></span> <span class='ocrx_word' id='word_1_280' title='bbox 1287 2232 1435 2273; x_wconf 85' lang='lat' dir='ltr'><strong>Domine,</strong></span> <span class='ocrx_word' id='word_1_281' title='bbox 1458 2232 1500 2264; x_wconf 83' lang='lat' dir='ltr'><strong>ab</strong></span> <span class='ocrx_word' id='word_1_282' title='bbox 1518 2233 1605 2265; x_wconf 85' lang='lat' dir='ltr'><strong>omni</strong></span> <span class='ocrx_word' id='word_1_283' title='bbox 1628 2232 1727 2265; x_wconf 85' lang='lat' dir='ltr'><strong>malo.</strong></span> <span class='ocrx_word' id='word_1_284' title='bbox 1754 2234 1817 2265; x_wconf 74' lang='lat'><strong>523</strong></span> 
     </span>
    </p>
   </div>
   <div class='ocr_carea' id='block_1_17' title="bbox 727 2286 1815 2441">
    <p class='ocr_par' dir='ltr' id='par_1_17' title="bbox 727 2286 1815 2441">
     <span class='ocr_line' id='line_1_47' title="bbox 728 2286 1729 2333; baseline 0 -13"><span class='ocrx_word' id='word_1_285' title='bbox 728 2312 735 2320; x_wconf 88' lang='lat'><strong>.</strong></span> <span class='ocrx_word' id='word_1_286' title='bbox 765 2289 812 2321; x_wconf 84' lang='lat' dir='ltr'><strong>De</strong></span> <span class='ocrx_word' id='word_1_287' title='bbox 836 2301 875 2321; x_wconf 84' lang='lat' dir='ltr'><strong>eo</strong></span> <span class='ocrx_word' id='word_1_288' title='bbox 905 2286 998 2333; x_wconf 81' lang='lat' dir='ltr'><strong>quod</strong></span> <span class='ocrx_word' id='word_1_289' title='bbox 1021 2288 1185 2331; x_wconf 72' lang='lat' dir='ltr'><strong>scriptum</strong></span> <span class='ocrx_word' id='word_1_290' title='bbox 1205 2295 1257 2319; x_wconf 78' lang='lat' dir='ltr'><strong>est</strong></span> <span class='ocrx_word' id='word_1_291' title='bbox 1276 2288 1312 2319; x_wconf 75' lang='lat' dir='ltr'><strong>in</strong></span> <span class='ocrx_word' id='word_1_292' title='bbox 1338 2288 1456 2326; x_wconf 76' lang='lat' dir='ltr'><strong>Isai&#39;a,</strong></span> <span class='ocrx_word' id='word_1_293' title='bbox 1474 2300 1550 2331; x_wconf 82' lang='lat' dir='ltr'><em>cap.</em></span> <span class='ocrx_word' id='word_1_294' title='bbox 1572 2299 1640 2320; x_wconf 80' lang='lat' dir='ltr'><strong>vu:</strong></span> <span class='ocrx_word' id='word_1_295' title='bbox 1663 2288 1729 2320; x_wconf 81' lang='lat' dir='ltr'><strong>Nisi</strong></span> 
     </span>
     <span class='ocr_line' id='line_1_48' title="bbox 806 2343 1815 2386; baseline 0 -10"><span class='ocrx_word' id='word_1_296' title='bbox 806 2344 1018 2385; x_wconf 83' lang='lat' dir='ltr'><strong>credideritis,</strong></span> <span class='ocrx_word' id='word_1_297' title='bbox 1038 2354 1101 2375; x_wconf 91' lang='lat' dir='ltr'><strong>non</strong></span> <span class='ocrx_word' id='word_1_298' title='bbox 1121 2343 1317 2386; x_wconf 77' lang='lat' dir='ltr'><strong>intelligetis,</strong></span> <span class='ocrx_word' id='word_1_299' title='bbox 1752 2346 1815 2376; x_wconf 74' lang='lat'><strong>526</strong></span> 
     </span>
     <span class='ocr_line' id='line_1_49' title="bbox 727 2399 1811 2441; baseline 0.001 -11"><span class='ocrx_word' id='word_1_300' title='bbox 727 2426 731 2430; x_wconf 94' lang='lat'>.</span> <span class='ocrx_word' id='word_1_301' title='bbox 760 2402 806 2434; x_wconf 86' lang='lat' dir='ltr'><strong>De</strong></span> <span class='ocrx_word' id='word_1_302' title='bbox 824 2399 931 2432; x_wconf 84' lang='lat' dir='ltr'><strong>verbis</strong></span> <span class='ocrx_word' id='word_1_303' title='bbox 949 2400 1055 2441; x_wconf 69' lang='lat' dir='ltr'><strong>Isaiae,</strong></span> <span class='ocrx_word' id='word_1_304' title='bbox 1075 2410 1146 2441; x_wconf 85' lang='lat' dir='ltr'>cap.</span> <span class='ocrx_word' id='word_1_305' title='bbox 1168 2410 1234 2430; x_wconf 80' lang='grc' dir='ltr'><strong>ιιιι.</strong></span> <span class='ocrx_word' id='word_1_306' title='bbox 1747 2402 1811 2431; x_wconf 78' lang='grc'><strong>533</strong></span> 
     </span>
    </p>
   </div>
   <div class='ocr_carea' id='block_1_18' title="bbox 726 2454 1726 2666">
    <p class='ocr_par' dir='ltr' id='par_1_18' title="bbox 726 2454 1726 2666">
     <span class='ocr_line' id='line_1_50' title="bbox 726 2454 1726 2500; baseline -0.002 -11"><span class='ocrx_word' id='word_1_307' title='bbox 726 2483 731 2489; x_wconf 95' lang='grc'><strong><em>.</em></strong></span> <span class='ocrx_word' id='word_1_308' title='bbox 761 2458 809 2488; x_wconf 87' lang='lat' dir='ltr'><strong>De</strong></span> <span class='ocrx_word' id='word_1_309' title='bbox 839 2467 877 2488; x_wconf 89' lang='lat' dir='ltr'><strong>eo</strong></span> <span class='ocrx_word' id='word_1_310' title='bbox 894 2454 991 2500; x_wconf 78' lang='lat' dir='ltr'><strong>quod</strong></span> <span class='ocrx_word' id='word_1_311' title='bbox 1013 2455 1047 2487; x_wconf 83' lang='grc' dir='ltr'><em>ιή</em></span> <span class='ocrx_word' id='word_1_312' title='bbox 1077 2456 1171 2488; x_wconf 69' lang='lat' dir='ltr'><strong>[saia</strong></span> <span class='ocrx_word' id='word_1_313' title='bbox 1188 2455 1353 2497; x_wconf 77' lang='lat' dir='ltr'><strong>scriptum</strong></span> <span class='ocrx_word' id='word_1_314' title='bbox 1371 2461 1435 2493; x_wconf 78' lang='lat' dir='ltr'><strong>est,</strong></span> <span class='ocrx_word' id='word_1_315' title='bbox 1456 2465 1532 2497; x_wconf 81' lang='lat' dir='ltr'><em>cap.</em></span> <span class='ocrx_word' id='word_1_316' title='bbox 1561 2465 1646 2486; x_wconf 67' lang='lat' dir='ltr'><strong>nvn:</strong></span> <span class='ocrx_word' id='word_1_317' title='bbox 1667 2456 1726 2493; x_wconf 81' lang='lat' dir='ltr'><strong>Qui</strong></span> 
     </span>
     <span class='ocr_line' id='line_1_51' title="bbox 806 2510 1724 2553; baseline -0.003 -9"><span class='ocrx_word' id='word_1_318' title='bbox 806 2516 914 2544; x_wconf 77' lang='lat' dir='ltr'><strong>autem</strong></span> <span class='ocrx_word' id='word_1_319' title='bbox 931 2512 1029 2544; x_wconf 82' lang='lat' dir='ltr'><strong>dediti</strong></span> <span class='ocrx_word' id='word_1_320' title='bbox 1043 2515 1137 2543; x_wconf 88' lang='lat' dir='ltr'><strong>erunt</strong></span> <span class='ocrx_word' id='word_1_321' title='bbox 1150 2510 1239 2552; x_wconf 84' lang='lat' dir='ltr'><strong>mihi,</strong></span> <span class='ocrx_word' id='word_1_322' title='bbox 1258 2510 1467 2553; x_wconf 81' lang='lat' dir='ltr'><strong>possidebunt</strong></span> <span class='ocrx_word' id='word_1_323' title='bbox 1479 2514 1614 2552; x_wconf 85' lang='lat' dir='ltr'><strong>terram,</strong></span> <span class='ocrx_word' id='word_1_324' title='bbox 1626 2514 1659 2542; x_wconf 91' lang='lat' dir='ltr'><strong>et</strong></span> <span class='ocrx_word' id='word_1_325' title='bbox 1673 2511 1724 2542; x_wconf 90' lang='lat' dir='ltr'><strong>in—</strong></span> 
     </span>
     <span class='ocr_line' id='line_1_52' title="bbox 804 2563 1724 2608; baseline -0.002 -9"><span class='ocrx_word' id='word_1_326' title='bbox 804 2567 996 2599; x_wconf 76' lang='lat' dir='ltr'><strong>habitabunt</strong></span> <span class='ocrx_word' id='word_1_327' title='bbox 1020 2570 1161 2599; x_wconf 78' lang='lat' dir='ltr'><strong>montem</strong></span> <span class='ocrx_word' id='word_1_328' title='bbox 1178 2570 1323 2599; x_wconf 82' lang='lat' dir='ltr'><strong>sanctum</strong></span> <span class='ocrx_word' id='word_1_329' title='bbox 1344 2576 1461 2599; x_wconf 90' lang='lat' dir='ltr'><strong>meum.</strong></span> <span class='ocrx_word' id='word_1_330' title='bbox 1493 2566 1542 2598; x_wconf 73' lang='lat' dir='ltr'><strong>Ec</strong></span> <span class='ocrx_word' id='word_1_331' title='bbox 1555 2563 1598 2598; x_wconf 78' lang='lat' dir='ltr'><strong>de</strong></span> <span class='ocrx_word' id='word_1_332' title='bbox 1615 2568 1724 2608; x_wconf 78' lang='lat' dir='ltr'><strong>Apos—</strong></span> 
     </span>
     <span class='ocr_line' id='line_1_53' title="bbox 807 2621 1719 2666; baseline -0.004 -10"><span class='ocrx_word' id='word_1_333' title='bbox 807 2625 873 2657; x_wconf 79' lang='lat' dir='ltr'><strong>tolo</strong></span> <span class='ocrx_word' id='word_1_334' title='bbox 896 2644 901 2656; x_wconf 93' lang='lat'><strong>.-</strong></span> <span class='ocrx_word' id='word_1_335' title='bbox 924 2627 985 2656; x_wconf 73' lang='lat' dir='ltr'><strong>Has</strong></span> <span class='ocrx_word' id='word_1_336' title='bbox 1004 2635 1079 2665; x_wconf 68' lang='lat' dir='ltr'><strong>ergo</strong></span> <span class='ocrx_word' id='word_1_337' title='bbox 1096 2622 1318 2666; x_wconf 79' lang='lat' dir='ltr'><strong>promissiones</strong></span> <span class='ocrx_word' id='word_1_338' title='bbox 1335 2622 1491 2655; x_wconf 74' lang='lat' dir='ltr'><strong>habentes</strong></span> <span class='ocrx_word' id='word_1_339' title='bbox 1506 2647 1513 2663; x_wconf 89' lang='lat'>,</span> <span class='ocrx_word' id='word_1_340' title='bbox 1531 2621 1719 2661; x_wconf 79' lang='lat' dir='ltr'><strong>charissimi,</strong></span> 
     </span>
    </p>
   </div>
  </div>
 </body>
</html>
