1867 3320
323 273 461 299 sunnio
492 272 543 309 x,
579 271 633 298 m:
665 271 830 298 summo
862 267 1112 301 sALowroms.
1327 261 1409 301 265

32 340 169 386 cultui
182 337 373 383 deditam
389 336 619 395 intelligas.
632 337 878 381 Meretrices
892 345 1037 380 autem
1050 352 1117 380 am
1125 338 1191 381 bae
1205 338 1383 383 fuerunt
1400 359 1409 384 :

32 410 136 456 dicit
152 410 266 454 enim
283 408 516 468 Apostolus
533 410 557 451 J
564 408 708 452 udaeos
726 416 769 451 et
782 409 954 452 Graecos
971 422 1119 452 omnes
1137 408 1219 451 sul)
1236 419 1415 467 peccato

33 482 162 525 esse¹.
187 480 339 523 Omnis
355 478 497 523 anima
518 494 618 538 quae
636 478 805 523 deserta
825 478 1067 523 aeternitate
1088 478 1300 533 veritatis,
1325 489 1415 523 ter-

33 550 143 596 renis
177 550 376 595 sordibus
406 548 666 604 delectatur,
711 548 949 594 fornicatur
987 565 1010 593 a
1038 548 1240 592 Domino.
1273 551 1329 592 Et
1364 547 1417 592 de

33 620 193 666 Gentili
214 619 393 680 quidem
415 618 703 665 fornicatione
723 620 901 664 veniens
923 618 1111 664 Ecclesia
1139 618 1417 662 manifestum

33 700 95 735 est
131 691 252 751 quod
283 706 372 735 non
407 689 615 735 occiderit
652 691 874 736 Christum
898 709 906 735 :
933 690 1009 735 sed
1037 689 1260 751 quomodo
1285 698 1420 734 mater

33 762 191 807 Christi
209 762 339 807 etiam
367 762 458 821 ipsa
501 762 577 817 sit,
602 761 884 821 cogitandum
908 771 985 806 est.
1013 761 1203 806 Attende
1225 763 1421 817 Evange-

32 832 162 888 lium,
191 842 234 877 et
251 832 354 877 audi
376 833 609 877 Dominum
631 831 850 877 dicentem
874 852 883 877 2
908 851 927 874 «
948 833 1034 885 Qui
1051 830 1202 876 fecerit
1223 829 1422 876 volunta-

36 922 56 945 »
92 913 180 948 tem
211 905 348 949 Patris
386 904 470 948 mei
485 939 500 959 ,
538 904 607 948 hic
644 913 783 948 mater
804 918 922 958 mea,
948 912 991 947 et
1030 902 1184 958 frater,
1224 912 1267 947 et
1304 918 1423 947 soror

38 993 57 1015 »
93 978 197 1018 est2.
226 993 245 1017 »
276 975 358 1019 Ubi
375 990 478 1033 ergo
505 975 713 1021 dormivit
744 976 862 1030 haec,
898 990 987 1020 non
1009 984 1059 1019 ut
1080 991 1233 1020 somno
1263 975 1423 1053 praefo-

34 1054 172 1100 caret,
196 1046 272 1089 sed
294 1054 440 1089 tamen
462 1055 512 1090 ut
545 1056 688 1105 posset
709 1047 748 1090 ei
768 1055 968 1092 mortuus
991 1047 1200 1106 supponi,
1228 1055 1270 1090 et
1301 1046 1424 1089 vivus

35 1114 227 1159 auferri?
249 1118 316 1159 An
339 1114 451 1160 forte
474 1116 557 1161 hoc
579 1126 664 1172 est,
689 1116 842 1177 quod
832 1132 975 1176 ipsum
998 1125 1318 1161 sacramentum
1340 1116 1424 1159 cir-

37 1185 331 1240 cumcisionis,
357 1186 478 1246 quod
505 1187 625 1246 apud
654 1190 678 1231 J
685 1188 862 1232 udaeos
848 1202 938 1247 Jam
961 1196 1184 1231 mortuum
1205 1200 1426 1230 remanse—

36 1264 123 1310 rat,
161 1257 262 1315 quia
296 1265 439 1300 totum
460 1255 514 1299 de
536 1256 611 1301 illo
643 1257 873 1301 carnaliter
911 1257 1190 1301 sentiebant·
1217 1257 1301 1300 hoc
1324 1270 1426 1313 ergo

36 1335 353 1371 sacramentum
377 1326 734 1382 circumcisionis,
759 1327 880 1387 quod
902 1325 1019 1405 apud
1042 1329 1065 1370 J
1071 1325 1217 1370 udaeos
1235 1341 1324 1370 non
1362 1326 1427 1369 vi-

0 1358 3 1439 l
38 1397 193 1452 vebat,
219 1398 295 1458 qui
319 1397 568 1442 occiderant
585 1399 831 1452 Christum,
863 1398 940 1457 qui
962 1397 1158 1442 omnium
1182 1412 1426 1441 sacramen-

42 1476 183 1512 torum
202 1469 289 1513 vita
307 1477 390 1512 est·
382 1469 620 1528 ,quoniam
638 1469 682 1511 in
700 1467 774 1512 illo
796 1467 985 1512 vitaliter
1007 1466 1288 1526 intelligitur,
1308 1466 1427 1526 quod

40 1538 158 1598 apud
180 1541 204 1583 J
210 1538 355 1583 udaeos
378 1538 603 1582 visibiliter
624 1538 899 1584 celebratur:
920 1539 1002 1584 hoc
1022 1539 1167 1598 itaque
1185 1553 1428 1583 sacramen-

40 1619 133 1654 tum
149 1609 487 1654 circumcisionis
501 1618 708 1669 tanquam
722 1610 914 1654 examine
927 1624 1083 1669 corpus
1097 1610 1272 1669 quidam
1286 1612 1306 1652 J
1314 1609 1427 1653 udaei

39 1680 247 1725 volebant
260 1680 518 1740 persuadere
527 1681 790 1736 Gentilibus,
801 1681 876 1741 qui
887 1681 1058 1726 Christo
1076 1680 1367 1734 crediderant,
1380 1680 1429 1723 si-

40 1760 117 1796 cut
137 1752 182 1794 in
203 1752 385 1795 Actibus
415 1752 722 1811 Apostolorum
746 1752 954 1811 scriptum
985 1761 1070 1806 est,
1093 1751 1309 1805 dicentes,
1341 1766 1429 1794 non

40 1834 163 1880 posse
177 1834 249 1862 eos
262 1833 352 1863 esse
364 1821 518 1873 salvos,
532 1822 613 1863 nisi
631 1822 785 1863 fierent
801 1822 1044 1863 circumcisi
1054 1823 1068 1845 ³
1079 1823 1096 1864 P
1107 1819 1429 1863 Persuadebant

43 1899 187 1935 autem
203 1889 596 1946 hocignorantibus
607 1891 783 1946 Legem,
804 1898 1010 1948 tanquam
1028 1890 1073 1932 in
1091 1890 1277 1933 tenebris
1295 1891 1430 1934 noctis

46 1959 183 2004 filium
200 1966 424 2002 mortuum
438 1966 747 2016 supponentes.
763 1960 850 2002 Nec
866 1967 1008 2000 tamen
1023 1959 1165 2016 potuit
1177 1958 1338 2017 aliquid
1354 1975 1430 2003 va-

47 2029 133 2074 lere
144 2028 215 2073 illa
226 2029 459 2088 persuasio,
472 2028 659 2071 nisicum
670 2027 1086 2071 Ecclesizetientium
1099 2028 1299 2087 exaliqua
1313 2038 1431 2087 parte

46 2100 238 2145 stultitiae
260 2114 436 2143 somnus
469 2099 676 2157 obrepsit.
704 2100 844 2151 Quam
867 2098 1039 2142 videtur
1065 2099 1185 2156 quasi
1210 2098 1430 2143 dormien-

48 2180 134 2217 tem
157 2170 388 2230 Apostolus
411 2170 620 2224 cxeitare,
646 2169 857 2223 clamans,
886 2188 905 2210 «
930 2174 967 2213 Ο
986 2168 1106 2213 stulti
1126 2169 1312 2223 Galatae,
1334 2172 1430 2229 quis

51 2258 71 2284 »
105 2256 179 2286 vos
204 2241 483 2286 tascinavw?
509 2259 527 2281 »
555 2244 610 2284 Et
628 2239 758 2299 paulo
783 2249 877 2298 post
901 2260 908 2283 :
939 2259 957 2281 «
982 2240 1048 2283 Sic
1072 2240 1190 2283 stulti
1211 2241 1332 2288 estis,
1362 2242 1428 2284 in-

13 2310 18 2350 l
53 2330 72 2354 »
106 2312 222 2372 quit,
260 2321 307 2355 ut
329 2327 428 2355 cum
451 2312 604 2370 spiritu
633 2311 874 2370 coeperitis,
913 2326 1027 2354 nune
1066 2327 1194 2354 earne
1224 2327 1430 2355 consum-

54 2400 74 2424 »
110 2384 282 2426 memini
304 2386 332 2426 ⁵.
356 2402 374 2423 υ
399 2385 621 2442 'l‘anquam
641 2383 673 2426 si
692 2381 870 2435 (liceret,
894 2383 961 2426 δια
984 2382 1103 2425 stulti
1121 2384 1241 2435 estis,
1267 2393 1310 2426 ut
1330 2399 1428 2426 eum

52 2453 166 2513 prius
201 2453 434 2497 habueritis
455 2453 644 2512 spiritale
673 2468 781 2512 opus
806 2453 968 2505 vivum,
997 2453 1078 2496 lioe
1105 2454 1260 2497 amisso
1285 2463 1428 2512 postea

19 2560 25 2732 ξ
55 2548 57 2550 .
106 2559 115 2574 ¹
138 2553 226 2583 llom.
247 2563 294 2591 tn,
316 2553 428 2584 21-
451 2559 462 2572 ’-’
487 2551 602 2583 Matth.
627 2562 694 2589 Ut,
717 2551 765 2582 50,
861 2548 962 2580 stet.
986 2560 1041 2587 xv,
1069 2562 1095 2581 ι.
1118 2567 1148 2573 —-
1181 2550 1193 2578 (a
1213 2550 1312 2580 (ialal.
1334 2562 1375 2584 ιιι,
1400 2560 1424 2580 1.
