1924 3309
476 293 503 332 6
912 296 946 326 s.
981 295 1210 326 Auens-nm
1241 294 1422 324 13121500121

533 367 612 410 XI.
646 362 775 417 Quod
795 370 940 406 autem
970 361 1076 405 dicit
1101 379 1110 405 ς
1137 379 1155 401 «
1184 359 1347 418 Spiritu
1364 393 1375 413 ,
1395 373 1484 402 non
1501 356 1672 400 littera¹
1693 390 1704 411 ,
1726 372 1747 396 »
1773 355 1857 399 hoc
1918 376 1921 380 ¹

475 443 565 488 est,
601 441 652 476 ut
688 430 928 475 secundum
949 431 1145 490 spiritum
1159 464 1170 484 ,
1193 445 1283 473 non
1305 427 1546 472 secundum
1578 424 1700 486 quod
1722 425 1857 470 habet

474 504 644 557 littera,
679 504 770 545 Lex
796 500 1060 558 intelligatur
1081 518 1089 543 :
1123 498 1243 558 quod
1267 499 1418 558 utique
1440 496 1621 555 contigit
1650 494 1756 551 illis,
1779 494 1857 556 qui

476 569 846 618 circumcisionem
876 568 1011 628 magis
1039 566 1268 612 carnaliter
1298 581 1430 627 quam
1463 564 1712 626 spiritaliter
1734 577 1857 609 acce-

510 649 653 686 erunt.

477 658 507 704 p
531 711 634 756 ΧΠ.
664 707 795 762 Quod
819 716 965 752 autem
987 707 1093 752 dicit
1113 725 1123 752 z
1149 725 1170 750 «
1195 708 1329 767 Cujus
1356 706 1450 750 laus
1472 721 1562 749 non
1592 719 1643 750 ex
1663 704 1858 750 homini·-

477 800 498 824 »
532 780 616 824 bus
633 813 645 834 ,
669 778 746 823 sed
767 793 818 821 ex
838 780 982 832 De02,
1006 777 1071 822 illi
1098 777 1305 822 convenit
1320 775 1441 836 quod
1463 776 1522 820 ait
1546 795 1554 821 :
1579 775 1706 828 «Qui
1726 775 1772 819 in
1788 788 1858 819 se·
1923 806 1924 809 η

476 869 498 894 ι)
532 859 651 895 creto
672 847 851 892 Judaeus
873 856 951 892 est.
974 864 996 890 ι)

527 920 833 965 XIII-XVIII.
872 918 998 971 Quod
1020 926 1166 963 autem
1187 916 1293 962 dicit
1319 936 1328 962 :
1358 936 1378 959 «
1399 917 1506 969 Quia
1535 931 1625 961 non
1640 916 1857 976 justifica-

473 1007 495 1033 »
529 989 650 1033 bitur
669 988 716 1032 in
745 990 861 1046 Lege
883 988 1022 1031 omnis
1044 1002 1144 1032 caro
1166 1002 1312 1032 coram
1329 986 1405 1030 illo
1425 1021 1435 1041 ,
1460 1001 1538 1045 per
1557 989 1718 1044 Legem
1741 985 1857 1028 enim

473 1077 495 1102 »
529 1058 719 1116 cognitio
736 1056 902 1116 peccati
916 1058 954 1111 ³,
978 1074 998 1098 »
1018 1065 1061 1100 et
1082 1066 1237 1101 caetera
1253 1055 1407 1099 similia
1420 1091 1431 1111 ,
1457 1071 1556 1115 quae
1571 1055 1749 1114 quidam
1771 1069 1858 1113 pu-

469 1136 565 1174 tant
583 1127 630 1171 in
652 1125 963 1170 contumeliam
985 1126 1111 1184 Legis
1149 1125 1415 1185 objicienda,
1451 1124 1635 1169 sollicite
1665 1122 1766 1168 satis
1794 1122 1859 1167 le-

472 1198 614 1259 genda
640 1205 742 1241 sunt
758 1231 769 1251 ,
794 1204 845 1239 ut
865 1211 1009 1255 neque
1030 1199 1118 1240 Lex
1140 1195 1196 1239 ab
1218 1195 1429 1254 Apostolo
1450 1195 1693 1254 improbata
1709 1193 1859 1239 videa-
1920 1223 1924 1226 -

469 1277 564 1322 tur,
589 1281 733 1326 neque
754 1265 922 1309 homini
943 1265 1168 1309 arbitrium
1187 1265 1376 1308 liberum
1395 1265 1449 1309 sit
1470 1265 1681 1308 ablatum.
1705 1267 1859 1323 Itaque
1922 1285 1924 1290 ¹

471 1345 661 1396 quatuor
682 1334 785 1377 istos
803 1333 959 1391 gradus
984 1334 1172 1378 hominis
1190 1334 1505 1391 distinguamus
1523 1368 1534 1388 ,
1561 1343 1660 1378 ante
1678 1336 1856 1392 Legem,
1921 1344 1924 1365 ῑ

471 1407 554 1452 sub
584 1408 726 1462 Lege,
757 1403 838 1446 sub
873 1404 1031 1461 gratia,
1055 1404 1102 1447 in
1124 1418 1244 1462 pace.
1276 1406 1389 1447 Ante
1411 1406 1571 1460 Legem
1589 1438 1600 1458 ,
1636 1403 1860 1463 sequimur
1922 1432 1924 1434 -

473 1473 869 1534 concupiscentiam
890 1473 1030 1516 carnis
1056 1491 1067 1517 z
1093 1473 1175 1516 sub
1201 1475 1315 1530 Lege
1332 1506 1343 1526 ,
1364 1473 1576 1516 trahimur
1594 1473 1647 1516 ab
1665 1488 1714 1517 ea
1741 1492 1750 1517 z
1777 1474 1858 1518 sub
1922 1466 1924 1478 ²

473 1546 611 1607 gratia
625 1578 637 1599 ,
661 1557 742 1587 nec
758 1542 981 1602 sequimur
996 1556 1090 1585 eam
1105 1576 1116 1596 ,
1136 1556 1216 1586 nec
1237 1543 1453 1586 trahimur
1474 1543 1530 1586 ab
1551 1559 1600 1587 ea
1625 1562 1634 1588 :
1659 1544 1703 1587 in
1722 1559 1829 1603 pace
1844 1579 1855 1600 ,

468 1615 592 1661 nulla
627 1622 692 1657 est
712 1612 1064 1670 concupiscentia
1087 1612 1240 1655 carnis.
1281 1615 1394 1656 Ante
1413 1604 1592 1670 ’Legem
1629 1629 1732 1672 ergo
1769 1630 1858 1659 non
1922 1652 1924 1655 .

472 1697 750 1747 pugnamus,
778 1680 881 1739 quia
898 1696 988 1725 non
1010 1679 1151 1725 solum
1174 1681 1521 1738 concupiscimus
1538 1691 1581 1725 et
1602 1697 1854 1741 peccamus,

473 1751 550 1798 sed
570 1751 700 1793 etiam
722 1748 1010 1807 approbamus
1031 1757 1207 1806 peccata
1228 1767 1238 1793 ε
1258 1750 1340 1792 sub
1358 1752 1471 1807 Lege
1493 1766 1738 1809 pugnamus
1753 1788 1763 1808 ,
1782 1753 1859 1798 sed
1922 1799 1924 1801 ,

475 1821 720 1876 vincimur3
752 1817 940 1863 fatemur
970 1819 1084 1863 enim
1116 1818 1227 1862 mala
1261 1834 1349 1864 esse
1371 1836 1470 1880 quae
1492 1821 1701 1878 facimus,
1731 1832 1774 1867 et
1790 1824 1858 1868 fa-

475 1890 609 1936 tendo
631 1889 743 1932 mala
781 1904 891 1943 esse,
922 1889 1074 1948 utique
1100 1889 1305 1934 nolumus
1337 1889 1500 1945 facere,
1525 1891 1600 1935 sed
1622 1894 1725 1952 quia
1743 1909 1858 1939 non-

476 1962 582 2006 dum
609 1968 673 2003 est
689 1959 823 2018 gratia
838 1993 849 2013 ‚
875 1974 1143 2018 superamur.
1175 1963 1227 2003 In
1247 1961 1330 2005 isto
1352 1961 1489 2019 gradu
1511 1963 1754 2008 ostenditur
1775 1981 1858 2010 no-
1922 2004 1924 2006 .

475 2031 543 2075 bis
560 2028 782 2090 quomodo
798 2030 1039 2088 jaceamus,
1065 2039 1108 2073 et
1125 2030 1232 2072 dum
1250 2045 1423 2088 surgere
1443 2031 1645 2077 volumus
1667 2043 1711 2078 et
1738 2035 1858 2080 cadi-

478 2114 600 2154 mus,
627 2099 796 2157 gravius
827 2098 1073 2155 affligimur.
1101 2098 1209 2142 Inde
1232 2100 1303 2144 hic
1322 2100 1483 2145 dicitur
1510 2120 1519 2146 ε
1546 2121 1566 2143 «
1592 2106 1681 2147 Lex
1702 2105 1857 2149 subin-

482 2187 503 2211 »
538 2168 667 2213 travit
683 2202 694 2223 ,
720 2177 769 2212 ut
801 2167 1042 2212 abundaret
1068 2167 1318 2214 delictum4.
1347 2188 1369 2211 »
1396 2170 1505 2215 Inde
1528 2181 1571 2216 et
1597 2174 1718 2233 quod
1740 2191 1858 2220 nunc

477 2239 667 2298 positum
684 2247 748 2282 est
764 2272 776 2293 ,
804 2255 825 2280 «
849 2241 930 2282 Per
951 2241 1110 2296 Legem
1131 2240 1248 2283 enim
1265 2241 1456 2299 cognitio
1477 2243 1644 2300 peccati
1657 2246 1689 2288 ⁵.
1714 2263 1733 2286 »
1759 2248 1857 2291 Non

480 2307 596 2351 enim
618 2306 780 2351 ablatio
800 2307 965 2366 peccati
987 2316 1050 2352 est
1069 2328 1081 2366 3
1102 2309 1202 2368 quia
1221 2325 1295 2368 per
1312 2310 1445 2355 solam
1465 2313 1646 2370 gratiam
1662 2314 1858 2360 aufertur

477 2385 719 2436 peccatum.
739 2377 858 2420 Bona
883 2385 946 2421 est
963 2391 1067 2436 ergo
1089 2380 1177 2422 Lex
1193 2413 1204 2434 ,
1226 2379 1329 2440 quia
1350 2395 1399 2424 ea
1421 2390 1537 2426 vetat
1553 2398 1653 2442 quae
1670 2385 1856 2430 vetanda

479 2455 607 2500 sunt,
648 2454 691 2488 et
711 2460 759 2488 ea
776 2446 905 2504 jubet
925 2462 1023 2506 quae
1039 2447 1236 2506 jubenda
1263 2458 1376 2494 sunt.
1418 2450 1501 2494 Sed
1536 2467 1638 2495 cum
1671 2454 1856 2514 quisque

479 2513 596 2557 illam
612 2513 777 2558 viribus
797 2515 883 2558 suis
908 2530 951 2558 se
971 2525 1094 2574 putat
1114 2516 1292 2576 implere
1307 2553 1318 2572 ,
1345 2534 1433 2563 non
1450 2535 1526 2578 per
1549 2522 1728 2579 gratiam
1746 2523 1856 2567 libe-

531 2602 539 2618 ¹
561 2598 651 2627 Rom.
670 2606 706 2636 11,
726 2604 779 2637 29.
801 2612 842 2619 —
858 2597 970 2630 ²1bid.
990 2615 1031 2621 —
1049 2597 1126 2630 ³1d.
1148 2611 1192 2640 nl,
1210 2608 1262 2633 20.
1284 2616 1325 2624 -—
1342 2600 1357 2631 4
1380 2602 1425 2634 ld,
1450 2613 1483 2644 v,
1504 2611 1555 2636 20.
1573 2620 1614 2627 —
1631 2601 1706 2637 ⁵1d.
1723 2616 1769 2647 ιιι,
1791 2615 1846 2640 20.

1914 2807 1924 3007 aze-W
1916 2747 1924 2803 ear.-
1916 2553 1924 2741 γύψον-,ρῳ
