1867 3320
349 358 554 391 Emsromz
586 362 641 391 An
672 364 859 396 GALATAS
891 370 1125 402 Exposrno.
1349 372 1427 411 147

58 421 177 465 timet
196 454 207 476 ‚
233 436 340 481 quas
362 425 480 483 prior
501 436 550 471 ut
571 430 896 489 crucifigeretur
916 436 989 480 ille
1011 440 1239 498 sustinuit,
1267 455 1316 490 ut
1337 463 1432 494 ves-

56 490 154 549 tigia
175 507 252 536 sua
270 497 535 542 sectantibus
557 500 771 557 praeberet
793 506 1053 566 exemplum.

112 562 270 606 LXIII.
300 580 320 604 «
347 566 497 625 Neque
521 569 635 613 enim
657 571 926 620 circumcisio
959 577 1123 638 aliquid
1159 591 1248 637 est,
1289 600 1431 647 neque

55 645 76 670 n
108 633 387 691 praeputium.
418 653 438 676 »
467 638 616 683 Servat
643 656 781 702 usque
802 644 847 688 in
868 646 1000 691 finem
1022 648 1141 695 illam
1172 652 1430 701 indifferen-

51 697 151 743 tiam
170 733 182 755 ‚
218 716 273 745 ne
295 703 392 762 quis
419 720 519 750 eum
542 718 739 767 putaret,
770 713 842 759 vel
862 716 1075 764 Timothei
1101 721 1428 772 circumcisione

48 768 244 815 simulate
265 772 432 834 aliquid
453 777 588 835 egisse
601 814 611 834 ‚
637 780 706 824 vel
726 782 772 826 in
792 785 1051 846 cujusquam
1072 806 1198 850 agere
1215 827 1226 849 ,
1257 794 1291 839 si
1311 794 1425 842 forte

46 838 186 901 aliqua
202 842 297 888 talis
316 860 442 891 causa
465 850 683 897 extitisset.
705 854 906 901 Ostendit
924 861 1057 918 enim,
1079 874 1167 909 non
1183 865 1320 926 ipsam
1341 869 1426 913 cir—

45 912 349 959 cumcisionem
383 916 532 963 obesse
563 920 729 981 aliquid
755 926 1059 986 credentibus,
1099 936 1175 979 sed
1209 950 1329 996 spem
1356 954 1426 985 sa-

42 977 143 1025 lutis
175 981 220 1026 in
255 984 414 1031 talibus
445 987 820 1040 observationibus
849 1000 1145 1048 constitutam.
1170 1007 1279 1051 Nam
1310 1016 1353 1053 et
1377 1010 1423 1054 in

41 1051 221 1097 Actibus
241 1055 549 1113 Apostolorum
571 1061 655 1106 hoc
686 1065 818 1111 modo
840 1069 1124 1118 inveniuntur
1144 1074 1208 1119 illi
1229 1077 1420 1124 circum-

0 1174 1 1178 *
39 1119 240 1167 cisionem
263 1127 543 1184 persuadere,
569 1139 618 1176 ut
638 1132 761 1179 aliter
781 1151 853 1182 eos
868 1173 879 1194 ‚
903 1141 980 1200 qui
1002 1157 1052 1186 ex
1075 1145 1287 1192 Gentibus
1318 1164 1415 1193 cre-

38 1187 236 1237 diderant
250 1228 261 1248 ,
286 1194 423 1241 salvos
442 1198 534 1243 fieri
555 1212 715 1260 negent
731 1220 854 1264 posse
869 1210 899 1252 ¹.
918 1212 1016 1256 Non
1033 1228 1134 1271 ergo
1152 1215 1281 1274 ipsius
1304 1233 1410 1278 ope-

36 1259 112 1316 ris,
128 1262 203 1307 sed
221 1263 350 1324 hujus
367 1269 520 1314 erroris
538 1274 771 1330 perniciem
790 1277 947 1324 refellit
960 1284 1205 1342 Apostolus.
1227 1306 1247 1330 «
1265 1290 1417 1350 Neque

25 1345 57 1372 ἠ
92 1332 359 1380 circumcisio
384 1355 404 1379 n
430 1354 530 1398 ergo
548 1376 558 1396 ,
589 1361 609 1384 «
634 1343 798 1405 aliquid
820 1358 907 1405 est,
946 1367 1090 1413 neque
1123 1359 1409 1417 praeputium,

0 1421 1 1452 3
36 1412 56 1442 n
90 1402 165 1446 sed
196 1419 332 1461 nova,
357 1408 521 1468 inquit,
555 1424 765 1461 creatura.
793 1436 812 1460 n
837 1422 1002 1466 Novam
1034 1436 1276 1473 ereaturam
1309 1431 1415 1477 dicit

0 1486 1 1518 3
30 1470 160 1517 vitam
187 1488 342 1520 novam
363 1492 439 1536 per
470 1481 601 1526 fidem
624 1486 725 1528 Jesu
751 1488 910 1534 Christi
936 1509 944 1535 :
972 1501 1015 1536 et
1037 1497 1280 1542 notandum
1315 1515 1412 1544 ver-

0 1557 1 1599 3
29 1539 133 1585 bum
154 1552 231 1588 est.
258 1547 439 1592 Difficile
460 1551 574 1595 enim
599 1553 811 1601 inveneris
831 1569 1073 1608 creaturam
1103 1569 1247 1612 vocari
1279 1571 1407 1616 etiam

0 1603 1 1648 ζ
28 1623 97 1654 eos
113 1645 123 1665 ,
147 1612 224 1671 qui
250 1615 338 1674 jam
361 1618 578 1666 credendo
597 1623 642 1667 in
662 1626 941 1685 adoptionem
960 1632 1148 1680 filiorum
1170 1651 1400 1686 venerunt.

0 1683 1 1740 ff
27 1680 136 1726 Dicit
168 1693 311 1730 tamen
332 1696 375 1731 et
396 1688 480 1734 alio
507 1691 603 1737 loco
627 1713 635 1738 :
660 1712 680 1736 «
707 1698 748 1740 Si
768 1714 854 1757 qua
876 1701 1009 1760 igitur
1025 1705 1068 1748 in
1090 1708 1263 1754 Christo
1291 1727 1403 1758 nova

0 1746 1 1801 ξ
29 1763 49 1791 n
80 1761 273 1799 creatura
294 1791 304 1810 ,
336 1768 479 1805 vetera
514 1765 803 1823 transierunt,
845 1786 944 1817 ecce
975 1775 1089 1820 facta
1123 1789 1225 1824 sunt
1257 1786 1403 1829 omnia

0 1808 1 1840 ³
27 1835 46 1860 n
80 1836 189 1866 nova
215 1840 223 1867 :
249 1827 392 1871 omnia
416 1838 560 1874 autem
580 1847 630 1876 ex
648 1838 738 1880 Deo
754 1839 786 1881 ².
815 1857 834 1879 n
858 1842 940 1885 Ubi
963 1854 1107 1890 autem
1129 1848 1234 1894 dicit
1262 1870 1270 1896 :
1298 1872 1316 1894 «
1343 1855 1399 1899 Et

0 1915 1 1918 =
26 1904 46 1930 n
80 1890 166 1949 ipsa
189 1903 383 1939 creatura
407 1896 663 1946 liberabitur
685 1919 706 1948 a
726 1909 933 1953 servitute
949 1912 1148 1961 interitus
1173 1936 1181 1962 :
1206 1938 1226 1960 »
1247 1931 1289 1965 et
1304 1938 1399 1981 pos-

0 1963 1 2006 }
23 1965 83 2003 tea
103 1960 208 2005 dicit
238 1981 246 2006 :
276 1982 294 2004 «
322 1967 417 2010 Non
443 1969 584 2014 solum
617 1981 760 2018 autem
778 2010 788 2028 ,
813 1977 889 2021 sed
911 1988 953 2023 et
976 1996 1054 2026 nos
1085 1985 1163 2044 ipsi
1190 1990 1397 2046 primitias

0 2049 1 2056 1
23 2043 43 2069 n
77 2031 257 2088 Spiritus
280 2034 488 2081 habentes
515 2058 524 2083 :
553 2058 572 2080 »
599 2040 802 2089 discernit
830 2062 901 2092 eos
922 2052 997 2110 qui
1035 2056 1313 2105 crediderunt
1342 2063 1398 2107 ab

0 2098 303 2159 ‘appellatione
325 2115 553 2160 creaturae‚
594 2116 817 2170 quomodo
846 2119 1018 2164 eosdem
1049 2124 1283 2184 aliquando
1312 2132 1394 2176 ho-

16 2166 172 2225 mines,
208 2171 443 2232 aliquando
471 2193 557 2222 non
594 2181 789 2228 homines
826 2186 946 2232 dicit.
987 2193 1094 2236 Nam
1128 2200 1393 2256 exprobrans

16 2235 167 2298 obJecit
198 2243 431 2290 Corinthiis
465 2249 656 2307 quodam
689 2253 810 2310 loco,
845 2259 966 2318 quod
1000 2262 1144 2310 adhuc
1192 2268 1388 2317 homines

17 2318 177 2365 essent,
210 2312 285 2356 ubi
317 2315 408 2360 ait:
438 2336 458 2358 «
484 2321 636 2365 Nonne
673 2323 868 2372 homines
897 2331 995 2374 estis
1016 2366 1026 2385 ‚
1064 2343 1107 2378 et
1143 2340 1384 2386 secundum

0 2375 38 2416 ³»
68 2375 283 2427 hominem
312 2385 599 2434 ambulatis³P
623 2409 643 2434 n
668 2396 901 2447 Quomodo
922 2404 1126 2449 cumdem
1151 2409 1384 2456 Dominum

0 2445 134 2493 *etiam
155 2461 251 2510 post
272 2459 628 2506 resurrectionem
647 2497 658 2517 ‚
681 2464 840 2511 alicubi
864 2484 951 2513 non
985 2472 1203 2522 hominem
1233 2481 1384 2540 appel—

70 2561 80 2578 ¹
110 2559 180 2592 Act.
219 2570 269 2595 xvi
287 2587 295 2603 ,
325 2563 355 2596 3.
388 2582 430 2590 -
454 2573 466 2590 ²
486 2575 505 2602 2
530 2571 603 2602 Cor.
633 2581 669 2613 v,
694 2583 745 2614 17,
773 2577 830 2616 1⁸,
849 2580 879 2608 et
901 2580 989 2612 ltmn.
1013 2592 1079 2623 vm,
1100 2593 1154 2616 εει.
1176 2601 1216 2609 ·—-
1241 2587 1253 2609 ³
1277 2599 1286 2620 ι
1310 2592 1384 2622 Cor.

19 2619 73 2652 m,
107 2612 135 2646 3.

1168 2708 1224 2745 lli.
