1924 3309
391 260 472 299 478
831 264 866 298 s.
900 265 1133 298 mausum
1165 268 1346 298 Emscom

389 334 558 395 operari
589 332 792 378 carnalia.
824 351 845 377 «
875 334 1049 379 Invenit
1069 334 1164 378 haec
1188 333 1343 378 mulier
1371 332 1514 377 lanam
1540 340 1585 376 et
1604 332 1772 387 linum,

390 424 411 448 »
447 415 491 452 et
506 405 610 450 fecit
626 405 733 450 utile
751 405 953 451 manibus
974 404 1076 449 suis.
1105 421 1126 445 »
1152 407 1271 449 Lana
1286 405 1367 449 ista
1388 414 1432 449 et
1447 398 1586 449 linum
1608 404 1709 460 hoc,
1731 404 1780 448 in

390 478 620 538 Scripturis
637 478 795 523 sanctis
817 488 895 523 est.
922 475 1052 522 Multi
1072 475 1304 521 inveniunt
1318 511 1329 532 ‚
1362 475 1439 520 sed
1459 476 1616 521 nolunt
1633 474 1776 520 facere

386 548 553 610 aliquid
575 549 680 594 utile
714 550 917 594 manibus
945 547 1048 592 suis.
1082 548 1258 592 Invenit
1273 582 1284 603 ,
1309 555 1353 591 et
1374 545 1491 592 fecit.
1513 549 1626 593 Cum
1648 546 1777 592 audi-

387 620 462 676 tis,
486 620 687 665 invenitis
705 639 714 666 ε
739 635 841 665 cum
858 620 970 663 bene
985 616 1150 673 vivitis,
1171 617 1325 662 facitis.
1345 635 1365 659 «
1384 618 1614 662 Inveniens
1634 617 1780 663 l’anam

390 708 410 732 »
446 699 490 735 et
509 690 669 746 linum,
690 689 793 735 fecit
817 688 924 733 utile
946 687 1150 732 manibus
1173 688 1273 732 suis.
1298 706 1319 730 »
1345 686 1499 732 Videte
1530 687 1650 732 illam
1666 722 1677 743 ‚
1709 690 1781 732 cui

389 759 552 805 dicitur
576 780 586 806 ι
610 780 630 803 «
657 764 708 804 In
735 760 959 804 dexteram
993 767 1037 803 et
1057 758 1102 802 in
1131 758 1348 803 sinistram
1384 758 1568 803 extende
1600 777 1610 804 z
1635 773 1784 802 semen

393 850 411 871 >v
451 832 568 876 enim
591 841 718 876 tuum
748 828 1022 874 haereditabit
1053 838 1202 889 gentes
1226 846 1237 874 .·
1258 845 1348 875 non
1370 839 1434 875 est
1454 830 1575 890 quod
1602 845 1752 890 parcas
1769 863 1781 884 ‚

393 920 412 942 »
456 902 629 962 porrige
643 901 817 961 longius
833 899 1053 946 funiculos
1071 910 1168 946 tuos
1183 903 1195 927 ¹
1215 920 1224 946 :
1243 919 1263 943 »
1279 900 1434 946 Videte
1449 900 1590 946 illam:
1614 920 1635 943 «
1652 904 1786 945 Facta

393 991 413 1015 »
454 983 519 1018 est
553 973 678 1034 quasi
708 975 829 1018 navis
849 1008 860 1029 ,
885 989 971 1034 qua
1002 973 1246 1032 negotiator
1273 989 1296 1018 a
1317 973 1446 1031 longe
1482 972 1680 1033 congerit
1705 972 1786 1017 sibi

391 1063 412 1086 >›
452 1045 666 1090 divitias2.
694 1064 714 1087 »
743 1045 911 1090 Divitiae
926 1044 1116 1089 mulieris
1138 1045 1270 1105 hujus
1284 1080 1295 1100 ‚
1314 1044 1465 1089 laudes
1484 1045 1564 1090 viri
1585 1045 1691 1105 ejus.
1713 1044 1783 1089 Vi-

389 1116 489 1161 dete
510 1133 643 1178 quam
660 1133 684 1161 a
711 1117 842 1176 longe
875 1117 1070 1175 congerit
1091 1117 1172 1161 sibi
1213 1116 1383 1161 divitias
1410 1136 1418 1161 :
1448 1136 1468 1159 «
1495 1119 1534 1161 A
1554 1116 1655 1162 solis
1684 1125 1785 1162 ortu

391 1206 412 1230 »
448 1204 587 1248 usque
601 1203 805 1233 occasum
822 1222 833 1243 ,
853 1187 1077 1232 laudabile
1099 1203 1261 1232 nomen
1280 1188 1454 1232 Domini
1472 1189 1504 1231 ³.
1533 1206 1553 1229 »

448 1262 548 1304 VII.
577 1278 598 1302 «
620 1260 804 1318 Exurgit
826 1260 881 1303 de
918 1259 1143 1314 noctibus,
1175 1267 1218 1302 et
1247 1258 1368 1302 dedit
1389 1273 1505 1303 escas
1526 1257 1707 1314 domui,
1741 1268 1785 1304 et

393 1350 414 1373 »
449 1347 579 1391 opera
616 1330 783 1376 ancillis
801 1332 832 1375 4.
863 1330 1048 1389 Exurgit
1084 1330 1140 1374 de
1162 1329 1406 1374 noctibus:
1435 1328 1598 1383 »Quid
1632 1328 1780 1375 valent

392 1404 570 1447 noctes?
592 1404 690 1448 Non
717 1417 813 1446 eam
841 1409 1078 1460 premunt,
1118 1416 1209 1445 non
1240 1416 1336 1445 eam
1359 1400 1404 1444 in
1435 1401 1625 1445 tenebris
1642 1402 1787 1461 jacere

391 1483 570 1533 cogunt.
597 1493 618 1517 «
641 1477 699 1518 Et
714 1473 770 1518 de
785 1473 992 1518 noctibus
1007 1472 1176 1530 exurgit
1201 1491 1210 1517 ι
1234 1490 1255 1514 »
1279 1474 1458 1527 Noctes,
1483 1472 1787 1518 tribulationes

391 1554 508 1590 sunt.
538 1544 624 1590 Sed
655 1544 727 1589 cui
747 1544 868 1599 haec,
903 1553 947 1587 et
973 1562 992 1585 «
1021 1543 1076 1587 de
1108 1542 1313 1588 noctibus
1346 1543 1598 1603 consurgit,
1625 1561 1646 1585 »
1667 1552 1711 1588 et
1740 1543 1787 1587 in

394 1616 752 1662 tribulationibus
769 1616 956 1676 proficit.
983 1634 1003 1658 «
1024 1617 1083 1659 Et
1103 1614 1225 1659 dedit
1240 1630 1356 1659 escas
1376 1614 1526 1660 domui
1545 1650 1556 1671 ,
1575 1633 1595 1657 n
1617 1616 1661 1660 in
1683 1630 1781 1660 noc-

396 1689 510 1733 tibus
531 1688 721 1748 praebuit
736 1703 780 1732 se
800 1685 1080 1744 imitandam3
1103 1686 1267 1730 faciens
1285 1686 1461 1744 docuit,
1480 1688 1602 1747 quod
1617 1685 1784 1731 facien-

393 1759 501 1804 dum
514 1758 644 1817 dixit3
664 1767 708 1802 et
728 1767 835 1802 tunc
852 1757 974 1801 dedit
991 1756 1050 1800 eis
1066 1771 1198 1801 escas.
1215 1757 1321 1810 Quis
1339 1756 1541 1802 comedat
1554 1756 1608 1801 de
1626 1759 1786 1802 nocte?

395 1835 572 1875 Prorsus
590 1839 634 1874 et
655 1839 761 1875 tunc
782 1829 906 1873 dedit
927 1843 1043 1872 escas
1059 1829 1073 1854 ⁵
1093 1847 1101 1872 :
1128 1827 1290 1887 quibus
1310 1829 1426 1872 enim
1443 1827 1566 1872 dedit
1579 1863 1590 1883 ‚
1616 1843 1784 1888 semper

394 1903 605 1947 esuriunt.
637 1920 656 1944 «
682 1901 803 1945 Beati
835 1900 950 1943 enim
974 1900 1050 1958 qui
1082 1899 1280 1943 esuriunt
1300 1908 1344 1943 et
1375 1899 1527 1943 sitiunt
1545 1899 1782 1959 justitiam3

396 1992 417 2016 »
452 1974 555 2033 quia
576 1973 658 2032 ipsi
674 1972 988 2017 saturabuntur
1002 1972 1064 2014 ⁶.»
1091 1973 1129 2014 Α
1148 1979 1276 2015 nocte
1298 1970 1471 2030 spiritus
1493 1985 1615 2016 meus
1637 1971 1786 2030 vigilat

394 2043 448 2089 ad
468 2054 534 2099 te,
560 2045 721 2088 Deus⁷.
760 2061 780 2084 «
810 2040 956 2087 Media
988 2050 1117 2085 nocte
1154 2041 1382 2099 surgebam
1412 2041 1467 2085 ad
1484 2041 1786 2087 confitendum

398 2134 418 2157 »
455 2115 536 2159 tibi
551 2117 583 2158 8.
625 2133 646 2155 »
684 2116 787 2158 Haec
822 2113 1026 2157 alimenta
1062 2120 1277 2157 nocturna
1314 2112 1541 2158 abundant
1572 2114 1617 2158 in
1654 2114 1786 2159 domo

396 2186 592 2230 mulieris
620 2186 766 2245 hujus.
793 2187 930 2230 Nemo
958 2183 1019 2227 ibi
1052 2182 1213 2227 famem
1234 2183 1424 2243 patitur,
1464 2199 1545 2229 nec
1565 2183 1714 2244 palpat
1736 2194 1787 2229 ut

396 2257 590 2301 inveniat
611 2255 733 2316 quod
750 2254 1040 2300 manducetur
1061 2273 1069 2298 :
1097 2254 1218 2298 ardet
1240 2254 1299 2298 ibi
1321 2253 1498 2299 lucerna
1526 2256 1783 2315 prophetiae.

401 2327 486 2372 Sed
508 2325 728 2387 numquid
746 2325 1101 2370 manducandum
1124 2334 1187 2369 est
1205 2334 1250 2370 et
1265 2325 1508 2370 vacandum
1530 2327 1548 2371 P
1568 2325 1647 2371 Illa
1669 2326 1786 2371 enim

398 2415 496 2458 quae
524 2416 543 2439 «
567 2397 688 2442 dedit
720 2412 834 2441 escas
870 2396 1042 2452 domui,
1070 2414 1090 2438 n
1125 2395 1246 2440 dedit
1272 2415 1292 2438 «
1317 2405 1360 2441 et
1393 2412 1524 2456 opera
1553 2396 1733 2442 ancillis.
1763 2415 1783 2439 n

448 2521 456 2537 ¹
479 2515 551 2546 Isai'.
573 2524 640 2555 mv,
658 2521 689 2545 2.
716 2529 758 2536 -—·
777 2519 789 2535 ²
805 2515 899 2545 Prov.
914 2523 1002 2555 xxxi,
1024 2511 1122 2554 14:—
1143 2510 1156 2534 3
1179 2512 1257 2545 Psal.
1280 2523 1356 2554 cx11,
1378 2509 1483 2545 3.—·²·
1503 2515 1596 2546 Prov.
1623 2524 1711 2554 xxxi,
1733 2513 1781 2546 ιδ’.

401 2587 441 2593 --
461 2567 475 2592 5
496 2570 574 2602 Cod.
592 2571 680 2603 Cass.
697 2579 752 2610 vn,
767 2567 822 2600 sol.
844 2568 907 2601 380
925 2580 931 2600 :
950 2580 966 2597 «
982 2571 1021 2601 Et
1038 2573 1115 2601 tunc
1128 2568 1217 2601 dedit
1234 2579 1324 2601 escas
1340 2568 1465 2602 Domini
1482 2569 1514 2602 in
1531 2569 1690 2603 noctibus.
1708 2581 1724 2599 υ
1745 2587 1785 2593 -

398 2622 414 2648 <5
433 2625 556 2659 Matth.
575 2635 609 2667 v,
628 2624 662 2658 6.
681 2631 750 2659 -7
770 2625 831 2659 Isai'
849 2635 938 2667 xxvi,
956 2636 988 2667 9.
1007 2641 1047 2648 -
1072 2621 1087 2647 8
1107 2623 1188 2657 Psal.
1205 2634 1313 2667 cxviii,
1330 2624 1385 2657 62.
