1924 3309
475 314 529 350 86
907 321 939 349 s.
978 321 1208 350 Aucusnm
1240 324 1421 352 vascom

473 386 588 432 Illud
611 396 755 431 autem
774 386 894 447 quod
916 388 1166 447 subjungit,
1193 407 1212 429 «
1232 390 1296 433 Ne
1311 384 1428 432 forte
1442 389 1487 432 in
1506 403 1694 432 vacuum
1711 402 1856 444 curro,

476 478 494 500 υ
531 467 606 502 aut
625 458 846 512 cucurri¹‚
872 476 892 499 »
915 474 1005 502 non
1038 457 1095 501 ad
1115 457 1210 502 illos
1232 474 1332 502 cum
1355 459 1516 519 quibus
1537 474 1729 504 seorsum
1752 474 1861 504 con-
1898 488 1900 490 v

471 528 574 574 tulit
595 529 905 587 Evangelium,
938 528 1012 572 sed
1049 527 1105 572 ad
1128 528 1230 573 istos
1251 530 1412 590 quibus
1434 530 1606 585 scribit,
1638 529 1761 589 quasi
1785 545 1863 589 per
1921 518 1924 527 ¹

471 599 859 658 interrogationem
877 599 1047 643 dictum
1077 598 1414 658 intelligendum
1436 609 1500 644 est
1526 618 1534 644 ε
1559 609 1613 644 ut
1634 615 1685 644 ex
1707 615 1758 644 eo
1785 615 1864 660 ap-

473 680 644 731 pareret
660 705 671 726 ,
697 686 787 714 non
804 684 905 713 eum
926 669 972 712 in
989 684 1176 714 vacuum
1198 685 1372 714 currere
1387 679 1463 714 aut
1479 671 1739 726 cucurrisse,
1760 671 1865 732 quia
1910 663 1911 666 ¹

468 743 559 803 jam
582 741 713 785 etiam
736 740 1011 785 attestatione
1047 749 1305 786 caeterorum
1326 740 1436 785 nihil
1458 741 1513 786 ab
1535 740 1760 800 Evangelii
1788 757 1865 787 ve-

476 812 603 857 ritate
626 811 852 856 dissentire
871 810 1155 870 approbatur.
1624 860 1627 862 .

535 886 616 927 XI.
647 902 666 926 «
696 882 782 928 Sed
803 897 948 943 neque
973 882 1094 926 Titus
1115 883 1192 943 qui
1210 897 1380 926 mecum
1403 891 1515 938 erat,
1553 882 1721 943 inquit,
1765 897 1866 927 cum
1897 906 1909 922 ι.

478 973 498 996 »
540 962 651 998 esset
673 955 870 1008 Graecus,
907 953 1156 1012 compulsus
1191 962 1254 997 est
1286 952 1580 997 circumcidi2.
1605 970 1626 994 »
1665 953 1868 1006 Quamvis
1907 950 1911 975 ³

480 1025 601 1069 Titus
624 1026 800 1069 Graecus
823 1032 933 1068 esset
952 1058 963 1079 ,
991 1033 1034 1068 et
1052 1023 1174 1068 nulla
1197 1039 1297 1068 eum
1320 1022 1593 1068 consuetudo
1615 1032 1691 1067 aut
1711 1038 1869 1083 cogna-
1898 1041 1905 1063 ι

478 1096 539 1140 tio
562 1105 795 1156 parentum
818 1093 1073 1140 circumcidi
1099 1104 1293 1153 cogeret,
1332 1095 1442 1138 sicut
1466 1094 1745 1139 Timotheum
1763 1129 1775 1150 ,
1800 1092 1869 1139 sa-

475 1167 557 1211 cile
583 1176 728 1211 tamen
749 1167 878 1210 etiam
900 1165 1029 1209 istum
1052 1165 1306 1210 circumcidi
1335 1165 1596 1225 permisisset
1617 1164 1866 1224 Apostolus.
1894 1192 1905 1224 .

478 1241 575 1283 Non
597 1239 712 1281 enim
735 1236 809 1281 tali
831 1236 1158 1281 circumcisione
1176 1236 1362 1281 salutem
1380 1235 1567 1280 docebat
1583 1236 1768 1291 auferri,
1795 1234 1872 1281 sed

477 1308 524 1352 in
548 1323 597 1352 ea
619 1308 958 1352 constitueretur
980 1322 1075 1366 spes
1097 1307 1269 1362 salutis,
1295 1308 1379 1351 hoc
1401 1322 1492 1350 esse
1514 1315 1665 1351 contra
1687 1306 1872 1351 salutem
1898 1334 1899 1337 =

481 1378 753 1425 ostendebat.
782 1381 955 1422 Poterat
977 1394 1079 1437 ergo
1101 1387 1150 1422 ut
1172 1378 1439 1437 superfluam
1461 1393 1590 1439 aequo
1627 1378 1772 1423 animo
1801 1387 1874 1422 to-

481 1451 636 1505 lerare,
660 1448 901 1493 secundum
924 1450 1183 1492 sententiam
1201 1465 1332 1509 quam
1350 1449 1455 1492 alibi
1477 1449 1584 1493 dixit
1604 1468 1614 1494 2
1638 1468 1658 1492 «
1676 1449 1874 1494 Circum·
1898 1475 1904 1503 2

487 1541 507 1565 »
544 1521 647 1566 cisio
670 1519 779 1564 nihil
815 1528 900 1574 est,
926 1528 969 1563 et
991 1520 1256 1579 praeputium
1290 1519 1400 1563 nihil
1422 1529 1507 1575 est,
1530 1519 1606 1564 sed
1629 1520 1874 1566 observatio
1898 1523 1903 1580 ζ

487 1591 792 1637 mandatorum
816 1590 895 1633 Dei
908 1591 939 1633 3.
967 1608 986 1631 «
1007 1593 1191 1649 Propter
1207 1590 1566 1634 subintroductos
1583 1600 1729 1634 autem
1747 1589 1877 1635 falsos
1898 1625 1902 1652 ξ

490 1681 510 1705 »
542 1662 700 1706 fratres
716 1662 748 1716 4,
773 1679 793 1701 »
815 1676 905 1704 non
927 1669 991 1704 est
1011 1660 1261 1718 compulsus
1285 1660 1407 1703 Titus
1428 1660 1682 1704 circumcidi
1702 1679 1711 1705 ε
1730 1659 1777 1704 id
1794 1669 1872 1714 est,
1896 1652 1901 1697 ὲ

491 1749 582 1777 non
605 1733 643 1775 ei
682 1731 829 1790 potuit
852 1730 1126 1789 extorqueri,
1151 1739 1202 1774 ut
1243 1729 1629 1774 circumcideretur
1650 1752 1661 1789 3
1685 1731 1788 1792 quia
1813 1730 1877 1775 illi
1900 1783 1901 1787 Ἰ

494 1823 513 1845 «
545 1803 624 1863 qui
644 1801 1007 1856 subintroierunt,
1026 1818 1046 1841 η
1073 1799 1177 1844 dicit
1198 1801 1467 1860 proscultare
1488 1801 1735 1846 libertatem
1759 1819 1780 1843 »
1801 1817 1877 1846 eo-
1899 1800 1905 1837 ³·

489 1889 588 1919 rum
604 1909 615 1929 ‚
645 1873 928 1918 vehementer
949 1872 1257 1927 observabant,
1284 1881 1328 1916 et
1355 1872 1591 1931 cupiebant
1625 1872 1878 1917 circumcidi

493 1946 638 1990 Titum
656 1979 667 1999 ,
693 1953 743 1988 ut
768 1945 859 2003 jam
902 1943 1300 1998 circumcisionem,
1343 1943 1473 1987 etiam
1503 1943 1636 2003 ipsius
1673 1943 1797 1988 Pauli
1819 1952 1878 1988 at-

490 2017 719 2062 testatione
756 2024 799 2059 et
835 2014 1115 2059 consensione
1130 2049 1140 2069 ,
1179 2023 1388 2074 tanquam
1424 2014 1552 2058 saluti
1597 2014 1878 2059 necessariam
1900 2034 1903 2063 χ

492 2086 806 2148 praedicarent,
830 2094 873 2129 et
909 2085 968 2130 sic
1006 2100 1100 2139 eos,
1136 2094 1185 2128 ut
1207 2085 1287 2140 ait,
1318 2104 1337 2127 «
1359 2085 1405 2128 in
1422 2084 1674 2129 servitutem
1709 2084 1877 2143 redige·
1898 2109 1903 2163 Ι

495 2178 515 2201 »
551 2167 670 2213 rent,
702 2176 720 2199 »
760 2157 806 2201 id
836 2165 899 2200 est
918 2191 929 2211 ‚
961 2155 1043 2200 sub
1073 2171 1203 2200 onera
1238 2156 1362 2213 Legis
1401 2155 1570 2200 servilia
1610 2164 1905 2211 revocare-nt.

496 2249 516 2272 «
537 2230 703 2283 Quibus
725 2243 769 2273 se
792 2243 872 2272 nec
889 2226 944 2271 ad
965 2227 1136 2281 horam,
1159 2244 1179 2267 »
1204 2225 1249 2270 id
1265 2234 1350 2280 est,
1371 2241 1451 2270 nec
1474 2225 1529 2270 ad
1550 2234 1760 2286 tempus«
1785 2241 1878 2271 ces·
1894 2223 1907 2268 .·}

492 2302 592 2346 sisse
617 2319 637 2342 »
664 2299 770 2344 dicit
794 2319 815 2342 «
839 2298 1120 2359 subjectioni,
1146 2307 1196 2342 ut
1218 2297 1372 2342 veritas
1396 2296 1617 2356 Evangelii
1650 2312 1880 2358 permane-
1900 2301 1901 2304 ’

497 2389 518 2413 »
554 2380 617 2415 ret
640 2371 695 2413 ad
716 2372 877 2414 Gentes
891 2372 923 2414 ⁵.
947 2386 968 2410 »
1900 2361 1906 2377 ⁵

549 2444 652 2485 XII.
680 2440 957 2484 Denotabant
979 2446 1125 2484 autem
1141 2446 1478 2498 suspectumque
1498 2437 1651 2482 haberi
1672 2434 1880 2483 volebant

493 2512 630 2557 invidi
667 2510 913 2570 apostolum
953 2509 1160 2562 Paulum,
1205 2508 1326 2569 quod
1359 2508 1595 2569 aliquando
1628 2495 1900 2572 persecutori

564 2616 570 2630 ¹
593 2608 694 2640 Galat.
723 2619 765 2647 ιι,
793 2616 825 2639 2.
846 2625 888 2629 —
908 2614 920 2628 2
940 2606 1019 2638 lbid.
1042 2606 1072 2638 3.
1101 2623 1141 2628 -
1175 2604 1187 2628 3
1211 2617 1222 2637 1
1244 2607 1315 2637 Cor.
1338 2616 1396 2647 vn,
1421 2616 1470 2647 ¹9·
1502 2622 1543 2628 —
1561 2603 1577 2629 4
1597 2605 1702 2638 Galat.
1721 2615 1756 2647 n,
1785 2603 1818 2646 4.
1841 2581 1903 2631 —l

502 2663 516 2687 5
534 2664 616 2695 lbid.
637 2664 667 2695 5.
