1924 3309
434 229 487 265 98
874 241 907 267 s.
943 238 1172 268 Aneus'nm
1205 241 1385 267 mnscom

430 310 572 346 tatum
594 309 672 345 est.
694 301 859 346 Deinde
876 303 1056 348 adhibet
1070 303 1317 362 exemplum
1339 302 1472 363 patris
1485 303 1704 347 Abraham
1722 336 1734 357 ,
1757 301 1813 346 de

429 388 519 433 quo
540 372 586 415 in
614 372 806 432 Epistola
831 373 886 419 ad
910 378 1127 419 Romanos
1149 375 1328 419 uberius
1350 374 1626 433 apertiusque
1656 372 1813 417 disser-

428 451 524 487 tum
547 451 612 487 est
627 444 658 488 1.
677 446 771 488 Hoc
790 445 905 489 enim
929 446 1112 489 maxime
1134 445 1178 488 in
1199 460 1250 490 eo
1283 446 1562 489 victoriosum
1584 452 1668 498 est,
1693 443 1815 503 quod

425 521 660 573 antequam
693 514 1107 570 circumcideretur,
1147 515 1358 573 deputata
1392 524 1454 558 est
1484 513 1591 558 fides
1625 515 1717 574 ejus
1758 513 1816 557 ad

414 583 655 643 justitiam,
681 594 724 629 et
745 585 800 629 ad
828 587 912 630 hoc
942 585 1177 630 rectissime
1199 585 1388 630 refertur
1423 587 1544 645 quod
1570 585 1610 628 ei
1646 585 1815 628 dictum

425 663 490 698 est
513 673 522 699 ι
552 674 572 697 «
597 655 704 709 Quia
725 656 1042 700 benedicentur
1070 656 1113 700 in
1138 666 1182 700 te
1213 672 1364 700 omnes
1387 658 1594 714 gentes²z
1623 673 1644 696 »
1669 655 1814 699 imita-

423 725 588 768 tatione
611 725 764 786 utique
786 726 886 769 fidei
909 727 1023 786 ejus,
1045 742 1130 786 qua
1151 728 1412 787 justificatus
1442 735 1506 770 est
1543 726 1672 769 etiam
1714 734 1814 769 ante

425 804 744 839 sacramentum
773 796 1131 852 circumcisionis,
1169 796 1290 856 quod
1324 796 1380 841 ad
1411 796 1514 840 fidei
1544 794 1814 853 signaculum

423 865 590 923 accepit
608 900 619 921 ,
651 874 695 909 et
731 875 832 911 ante
863 883 1040 913 omnem
1066 868 1320 913 servitutem
1351 867 1476 926 Legis
1496 901 1508 922 ,
1545 881 1645 926 quae
1674 864 1815 910 multo

426 943 524 993 post
547 935 648 979 data
671 945 749 980 est.

480 1007 602 1049 XXI.
630 1007 761 1059 Quod
782 1017 930 1052 autem
948 1008 1006 1052 ait
1029 1027 1038 1053 ι
1063 1028 1084 1051 «
1108 1008 1384 1068 Quicumque
1407 1007 1521 1052 enim
1541 1021 1592 1051 ex
1613 1005 1816 1065 operibus

421 1091 441 1115 »
477 1075 601 1132 Legis
623 1086 747 1132 sunt,
781 1078 862 1122 sub
886 1078 1119 1123 maledicto
1140 1088 1244 1123 sunt
1271 1078 1398 1137 Legis
1416 1080 1430 1103 ³
1459 1097 1469 1123 ι
1503 1095 1524 1119 »
1550 1076 1633 1121 sub
1661 1077 1816 1120 timore

416 1143 513 1189 vult
534 1145 739 1205 intelligi,
759 1164 845 1192 non
863 1150 909 1193 in
936 1150 1140 1194 libertate
1164 1168 1173 1195 :
1198 1159 1250 1194 ut
1270 1148 1436 1194 scilicet
1467 1146 1682 1207 corporali
1699 1161 1812 1206 prae-

419 1217 622 1276 sentique
639 1217 832 1263 vindicta
854 1220 1150 1266 vindicaretur
1167 1222 1213 1265 in
1235 1236 1307 1265 eos
1323 1255 1334 1275 ,
1355 1221 1432 1279 qui
1461 1235 1550 1264 non
1582 1233 1814 1278 permane·

417 1296 514 1330 rent
529 1287 574 1330 in
596 1290 800 1334 omnibus
816 1308 917 1350 quae
933 1293 1091 1352 scripta
1124 1302 1227 1337 sunt
1248 1283 1295 1336 in
1312 1291 1425 1336 libro
1448 1292 1597 1349 Legis,
1617 1300 1668 1333 ut
1692 1289 1814 1334 facez

418 1367 517 1401 rent
534 1374 582 1403 ea
604 1379 615 1417 ·,
634 1359 721 1404 huc
739 1378 918 1422 quoque
936 1365 1176 1419 accederet,
1197 1373 1247 1407 ut
1263 1364 1308 1407 in
1324 1363 1415 1422 ipsa
1431 1377 1663 1421 corporum
1680 1375 1814 1420 poena

417 1427 548 1471 etiam
569 1428 791 1475 maledicti
815 1432 1100 1490 ignominiam
1125 1433 1425 1478 formidarent.
1454 1432 1533 1476 Ille
1554 1441 1699 1476 autem
1716 1432 1814 1490 jus-

419 1499 610 1543 tificatur
632 1500 750 1559 apud
783 1505 946 1558 Deum,
987 1505 1064 1563 qui
1092 1520 1192 1548 eum
1213 1504 1344 1562 gratis
1376 1502 1507 1557 colit,
1542 1518 1631 1546 non
1654 1502 1816 1546 scilicet

419 1570 658 1628 cupiditate
680 1573 914 1630 appetendi
947 1572 1111 1633 aliquid
1144 1574 1197 1618 ab
1234 1574 1327 1632 ipso
1349 1583 1509 1632 praeter
1531 1573 1702 1631 ipsum,
1740 1579 1817 1615 aut

421 1639 576 1684 timore
598 1641 843 1686 amittendi.
870 1646 922 1687 In
942 1644 1036 1702 ipso
1053 1644 1170 1687 enim
1189 1644 1281 1687 solo
1300 1659 1402 1688 vera
1421 1653 1567 1687 nostra
1586 1641 1816 1686 beatitudo

423 1720 556 1772 atque
575 1712 766 1771 perlecta
788 1723 879 1772 est,
900 1724 943 1759 et
969 1715 1178 1774 quoniam
1209 1714 1435 1759 invisibilis
1457 1724 1520 1758 est
1548 1713 1685 1759 oeulis
1714 1729 1815 1758 car-

423 1782 515 1826 neis
531 1816 543 1837 ,
577 1781 664 1825 fide
685 1783 860 1839 colitur,
885 1786 1085 1844 quandiu
1105 1786 1151 1829 in
1181 1785 1262 1830 hac
1285 1800 1416 1829 carne
1453 1784 1673 1839 vivimus,
1699 1783 1814 1828 sicut

424 1868 555 1912 supra
576 1852 684 1897 dixit
709 1872 719 1899 :
749 1873 769 1897 «
791 1855 918 1908 Quod
940 1864 1086 1900 autem
1107 1871 1225 1900 nunc
1252 1856 1350 1900 vivo
1383 1856 1429 1898 in
1458 1871 1588 1899 carne
1605 1890 1616 1910 ,
1646 1855 1693 1899 in
1726 1853 1816 1898 fide

430 1942 450 1967 »
484 1926 583 1971 vivo
603 1926 701 1971 Filii
719 1927 846 1970 Dei4:
869 1945 889 1967 »
915 1936 958 1970 et
982 1926 1073 1986 ipsa
1094 1936 1158 1972 est
1172 1926 1353 1986 justitia.
1373 1931 1468 1979 Quo
1483 1926 1674 1985 pertinet
1692 1924 1815 1985 quod

425 1997 589 2042 dictum
612 2008 701 2053 est,
731 2016 751 2039 «
776 1997 886 2050 Quia
902 1999 1044 2057 justus
1062 2014 1113 2042 ex
1133 1998 1220 2042 fide
1236 1999 1386 2043 vivit5.
1414 2016 1434 2039 »
1463 1999 1575 2041 Hinc
1599 1998 1716 2041 enim
1741 2012 1812 2041 os-

425 2069 604 2113 tendere
637 2068 776 2114 voluit
798 2103 810 2123 ,
842 2068 943 2128 quia
987 2070 1032 2112 in
1065 2073 1179 2127 Lege
1217 2084 1347 2113 nenio
1373 2069 1666 2127 justificatur,
1710 2068 1813 2127 quia

423 2141 632 2201 scriptum
653 2150 717 2185 est
732 2142 900 2201 justum
921 2156 973 2184 ex
991 2140 1077 2184 fide
1106 2141 1264 2185 vivere.
1299 2144 1442 2193 Quare
1478 2139 1814 2197 intelligendum

424 2221 488 2256 est
508 2213 554 2256 in
571 2216 685 2272 Lege
702 2247 714 2267 ,
733 2212 855 2273 quod
876 2227 993 2256 nunc
1015 2212 1075 2256 ait
1099 2230 1119 2255 ιι.
1139 2213 1184 2255 in
1202 2212 1406 2270 operibus
1424 2211 1572 2269 Legis,
1601 2229 1622 2252 »
1643 2210 1812 2254 dietum

426 2298 538 2340 esse3
562 2292 606 2327 et
625 2285 710 2328 hoc
738 2283 850 2339 istis,
875 2283 951 2343 qui
973 2283 1018 2326 in
1045 2282 1373 2327 circumcisione
1402 2282 1542 2326 carnis
1574 2290 1618 2326 et
1651 2280 1812 2325 talibus

426 2353 802 2400 observationibus
838 2354 1120 2399 contin-entur
1145 2374 1154 2401 2
1178 2356 1223 2398 in
1244 2355 1404 2415 quibus
1426 2355 1502 2414 qui
1520 2353 1646 2407 vivit,
1671 2353 1731 2396 ita
1762 2352 1810 2395 in

428 2428 540 2484 Lege
563 2436 648 2482 est,
673 2436 724 2471 ut
744 2427 825 2472 sub
848 2430 964 2487 Lege
983 2427 1115 2472 vivat.
1142 2426 1227 2473 Sed
1248 2429 1409 2486 Legem
1428 2460 1439 2482 ,
1460 2434 1511 2470 ut
1531 2424 1698 2469 dictum
1716 2434 1782 2470 est
1796 2455 1808 2478 ,

479 2529 487 2546 ¹
512 2525 603 2556 Rom.
625 2534 669 2565 iv,
690 2524 722 2557 3.
742 2539 783 2548 --
804 2530 818 2547 ²
837 2527 916 2558 Gen.
943 2535 1023 2566 xxu,
1044 2523 1096 2557 18.
1113 2539 1154 2546 —
1176 2522 1189 2547 3
1207 2523 1310 2558 Galat.
1332 2533 1379 2564 ιιι,
1401 2533 1452 2556 10.
1473 2538 1514 2546 —
1539 2519 1619 2556 4121.
1639 2531 1675 2563 u,
1693 2528 1747 2555 20.
1768 2535 1810 2543 -

427 2575 441 2601 5
466 2579 514 2612 ld.
534 2588 581 2613 ιιι.
606 2589 656 2612 ιι.
