1867 3320
373 255 512 285 smnio
543 247 636 298 xxi,
674 264 716 290 m
751 262 908 293 PSAiMo
941 270 1062 309 min,
1102 267 1164 302 ll.
1363 273 1442 310 343

89 332 152 367 est
193 324 437 378 excusam,
478 324 587 369 adsit
633 332 844 375 accusatio
862 367 872 386 ‚
913 349 966 377 ne
994 336 1177 384 inveniat
1213 344 1437 394 dammim,

147 397 201 440 V.
226 395 515 438 Exhortamur
533 397 795 444 Charitatem
817 404 1009 448 Vestram
1028 441 1038 460 ,
1063 417 1110 451 ut
1129 409 1303 471 impigre
1320 427 1360 461 et
1377 421 1441 462 xj-

87 464 272 524 gilanter
291 465 424 509 verba
455 466 531 510 Dei
562 469 898 518 ministrantibus
923 476 1179 533 presbyteris
1207 496 1279 527 vos
1300 486 1440 532 audire

87 552 178 580 non
199 536 343 596 pigeat
359 538 466 594 (lo).
497 539 701 584 Dominus
717 542 830 586 enim
853 546 962 589 Deus
984 559 1126 591 noster
1148 560 1208 594 est
1229 552 1313 611 ipsa
1335 558 1442 603 veri·

88 617 174 661 taS,
209 622 340 666 quam
370 606 528 651 auditis
558 623 633 668 per
661 612 895 671 quemlibet
921 615 1152 676 loquatur3
1175 630 1217 664 et
1238 638 1360 669 nomo
1387 638 1447 672 est

14 702 26 718 .-
88 677 225 737 major
246 679 290 721 in
308 677 447 732 vobis,
464 677 544 722 nisi
571 680 646 739 qui
666 682 804 725 minor
821 682 962 730 fuerit.
978 687 1336 750 Praeloquendum
1354 710 1450 755 ergo

88 748 215 794 nobis
239 747 322 794 fuit
342 764 394 793 ex
414 763 536 794 more
551 784 563 805 ,
588 759 631 794 et
652 766 727 797 vos
747 752 873 799 facite
888 771 937 800 ex
959 773 1116 804 amore.

91 894 621 914 mmmmm

1038 904 1447 926 mmmm

565 1001 793 1049 SERMO
842 1005 948 1050 XXI
968 1004 997 1050 ².

81 1111 151 1168 *De
177 1138 229 1170 eo
250 1124 372 1185 quod
389 1126 597 1185 scriptum
616 1136 679 1171 est
700 1128 745 1171 in
766 1127 934 1174 Psalmo
957 1148 1063 1175 Lxm
1078 1167 1088 1187 ,
1117 1141 1161 1177 11
1192 1153 1200 1179 :
1221 1132 1454 1180 sneundu-

474 1193 768 1258 bz'turjustas
791 1199 837 1242 ιή
859 1198 1076 1246 Domino.

145 1319 181 1361 Ι.
208 1336 228 1360 «
249 1320 580 1364 Jucmvmmwn
598 1322 740 1381 justus
763 1323 807 1366 in
830 1324 1010 1368 Domino
1025 1359 1036 1379 ,
1053 1334 1095 1368 et
1116 1326 1300 1384 sperabit
1322 1327 1363 1371 in
1385 1343 1449 1381 eo,

89 1405 110 1430 »
146 1398 189 1432 et
208 1387 516 1448 gloriabuntur
538 1407 689 1436 omnes
713 1393 816 1436 recti
835 1392 962 1437 corde
976 1397 1035 1437 ².»
1061 1397 1148 1439 Hoc
1166 1405 1278 1439 certe
1294 1411 1396 1441 voce
1413 1408 1452 1441 et

85 1473 161 1503 ore
182 1468 424 1505 cantamus.
452 1464 557 1506 Hoec
579 1462 709 1506 verba
733 1464 917 1508 Domino
940 1463 1044 1508 dixit
1066 1473 1107 1508 et
1140 1467 1391 1510 conscientia
1413 1478 1453 1511 et

23 1536 25 1538 '
85 1528 234 1589 lingua
267 1531 501 1575 christiana
533 1551 542 1576 :
571 1551 592 1574 «
618 1533 940 1577 Jucundabitur
962 1536 1102 1594 justus
1130 1536 1170 1580 in
1195 1537 1370 1580 Domino
1392 1571 1402 1589 ‚
1431 1556 1448 1576 υ

85 1615 173 1645 non
202 1602 247 1645 in
277 1601 453 1646 saeculo.
491 1606 586 1647 Lux
618 1613 711 1647 orta
735 1614 795 1648 est
824 1606 961 1664 justo,
996 1606 1097 1649 dicit
1117 1604 1239 1659 alibi,
1265 1615 1304 1649 et
1330 1608 1450 1651 rectis

84 1670 215 1716 corde
233 1669 533 1732 jucunditas³.
565 1678 771 1727 Qua’rens
795 1675 910 1718 unde
924 1674 1185 1734 jucunditas,
1209 1676 1275 1719 hie
1298 1678 1416 1721 audis
1442 1697 1448 1720 ;

87 1761 108 1785 «
143 1743 469 1787 Jucundabitur
486 1745 629 1804 justus
657 1746 700 1788 in
729 1746 923 1789 Domino.
948 1765 967 1786 »
999 1749 1088 1788 Lux
1111 1755 1201 1789 orta
1232 1756 1292 1790 est
1312 1749 1445 1805 justo,

83 1811 190 1856 dicit
209 1811 325 1856 alibi.
353 1816 408 1858 Et
431 1814 563 1859 alibi:
587 1835 606 1856 «
637 1815 852 1859 Delectare
874 1817 915 1858 in
941 1817 1117 1859 Domino
1134 1851 1144 1869 ‚
1170 1826 1211 1859 et
1232 1815 1350 1860 dabit
1374 1817 1445 1860 tibi

24 1897 25 1901 ¹
87 1900 108 1924 »
142 1883 372 1943 petitiones
389 1883 530 1929 cordis
553 1886 615 1929 tui
632 1886 663 1928 ⁴.
680 1905 698 1925 »
725 1885 837 1939 Quid
857 1886 979 1930 nobis
996 1885 1226 1929 indicitur?
1247 1887 1347 1945 quid
1370 1886 1449 1930 do-

22 1983 26 1994 .
83 1956 244 1998 natur?
261 1955 598 2016 quidjubeturP
625 1957 729 2016 quid
753 1956 907 2000 datur?
928 1955 1280 2014 Utjucundemur
1299 1957 1339 1999 in
1364 1960 1446 2000 Do-

82 2024 218 2069 mino.
245 2025 350 2078 Quis
376 2026 693 2086 jucundabitur
716 2027 756 2069 in
783 2043 829 2069 ea
855 2041 922 2079 re,
955 2041 1081 2085 (luam
1108 2041 1190 2068 uon
1214 2025 1358 2068 videt?
1379 2031 1443 2071 An

63 2093 195 2140 -forte
216 2095 414 2141 videmus
441 2098 705 2142 Dominum?
725 2099 814 2140 Hoc
835 2098 875 2140 in
896 2096 1167 2155 promissione
1183 2095 1438 2139 detinemus:

81 2180 200 2211 nunc
229 2177 374 2212 autem
409 2183 484 2227 per
513 2168 642 2212 sidem
677 2168 969 2220 ambulamus,
1002 2165 1190 2225 quandiu
1221 2181 1365 2209 sumus
1400 2167 1440 2209 in

81 2251 288 2297 corpore,
321 2240 644 2298 peregrinamur
678 2255 702 2283 a
736 2240 941 2294 Domino3
974 2253 1044 2296 pter
1080 2236 1203 2280 sadum
1224 2271 1233 2288 ‚
1261 2252 1344 2279 non
1370 2252 1440 2294 per

81 2308 284 2368 speciem.
311 2311 433 2354 Tunc
464 2310 516 2355 ad
541 2310 722 2370 speciem
746 2311 983 2358 venit-mus,
1007 2307 1178 2366 quaudo
1199 2306 1441 2364 implebitur

81 2378 202 2440 quod
220 2380 323 2424 item
348 2383 536 2425 loannes
553 2382 657 2425 dicit
685 2401 693 2426 ε
722 2401 739 2422 «
770 2379 1048 2430 Dilectissimi,
1078 2376 1148 2421 tilii
1177 2377 1246 2420 nvi
1270 2392 1413 2420 sumus
1431 2411 1440 2426 ,

83 2466 105 2491 »
140 2460 184 2495 et
216 2450 412 2496 nondum
445 2454 645 2512 apparuit
678 2452 782 2512 quid
812 2451 963 2494 crimus
997 2468 1005 2493 ε
1032 2449 1185 2492 scimus
1216 2447 1312 2505 quia
1345 2460 1439 2490 cum

132 2554 140 2569 ¹
158 2546 241 2580 Alias
260 2548 279 2580 5
299 2560 336 2580 ox
357 2549 592 2582 Si1·m‹›ndi.·ini<v
616 2566 655 2573 —
677 2558 689 2572 ²
711 2549 786 2581 psal.
808 2558 891 2583 ιιιιι,
914 2558 960 2578 ιι.
983 2563 1020 2568 ——
1044 2544 1056 2569 ¹
1077 2547 1122 2578 ΙιΙ.
1146 2555 1222 2580 uvi.
1246 2555 1292 2575 ιι.
1310 2559 1346 2566 —-
1367 2543 1381 2569 ⁴
1397 2543 1427 2572 ΙιΙ

23 2638 25 2642 ⁴
80 2612 190 2643 xxxvi,
216 2604 247 2646 4.
