1924 3309
445 228 500 265 96
893 237 927 266 s.
964 238 1193 270 Aucus'rmt
1226 243 1406 271 Eriscom

441 303 516 347 illa
538 301 758 347 interdum
782 318 827 348 se
849 304 1086 350 admiscere
1107 306 1335 366 significet.
1363 312 1502 368 Prope
1526 309 1657 352 finem
1682 316 1828 352 autem

441 373 649 433 Epistolae
666 409 677 430 ‚
700 373 755 419 de
786 374 853 418 his
874 377 1103 435 separatim
1126 378 1329 422 tractabit
1343 414 1353 434 ‚
1379 394 1480 439 quae
1501 388 1604 423 sunt
1623 378 1671 422 in
1692 379 1827 423 mori-

440 444 523 489 bus
550 453 628 489 :et
661 444 772 490 illud
810 446 1028 502 breviter,
1067 448 1150 492 hoc
1187 458 1334 494 autem
1369 450 1548 494 diutius.
1576 453 1680 495 Haec
1713 450 1828 494 enim

441 531 573 561 onera
595 519 605 541 ¹
631 518 777 577 potius
799 518 967 578 imponi
991 519 1205 563 Gentibus
1227 536 1417 580 quorum
1440 522 1601 565 utilitas
1629 521 1675 565 in
1697 520 1829 565 intel-
1889 563 1891 566 ,

439 587 557 632 lectu
578 598 677 634 est:
703 605 803 634 nam
836 590 930 634 haec
964 591 1107 634 omnia
1147 601 1425 651 exponuntur
1459 592 1713 637 Christianis
1733 627 1744 647 ,
1781 601 1830 636 ut
1891 588 1892 640 J

439 659 547 718 quid
566 660 765 714 valeant,
792 670 963 705 tanturn
996 661 1265 721 intelligant,
1304 680 1393 708 non
1426 663 1556 708 etiam
1583 663 1725 708 facere
1752 678 1828 708 co-

440 740 612 787 gantur.
641 735 693 775 In
722 732 1098 776 observationibus
1123 742 1267 778 autem
1285 768 1296 789 ,
1322 734 1355 777 si
1377 749 1467 778 non
1505 732 1824 793 intelligantur,

440 801 620 846 servitus
643 802 731 847 sola
754 812 844 858 est,
869 802 1010 863 qualis
1034 812 1125 847 erat
1147 804 1191 847 in
1212 803 1377 863 populo
1393 803 1673 858 Judaeorum,
1700 813 1743 848 et
1766 813 1830 850 est
1890 844 1893 852 1

442 886 578 932 usque
601 873 745 917 adhuc
775 891 782 916 :
808 872 841 916 si
861 882 1006 917 autem
1025 882 1069 917 et
1086 873 1374 918 observentur
1388 873 1462 917 illa
1478 909 1489 929 ,
1515 883 1558 917 et
1578 873 1828 932 intelligan-
1891 876 1893 934 J

439 949 531 994 tur,
553 958 643 987 non
664 943 796 988 modo
816 943 927 987 nihil
961 943 1140 998 obsunt,
1167 944 1242 988 sed
1269 944 1398 988 etiam
1422 953 1605 1004 prosunt
1638 943 1825 1004 aliquid,
1892 979 1893 985 ,

438 1013 471 1058 si
495 1014 676 1073 tempori
702 1023 976 1073 congruant,
1001 1015 1113 1059 sicut
1134 1016 1188 1059 ab
1212 1016 1305 1075 ipso
1332 1019 1483 1073 Moyse
1512 1015 1828 1076 Prophetisque

438 1084 664 1129 observata
684 1094 800 1139 sunt,
818 1086 1161 1145 congruentibus
1183 1085 1246 1129 illi
1268 1087 1451 1146 populo,
1472 1087 1541 1131 cui
1564 1086 1708 1130 adhuc
1731 1085 1828 1130 talis

437 1155 619 1199 servitus
637 1155 754 1199 utilis
773 1165 880 1211 erat,
899 1165 947 1200 ut
970 1157 1051 1200 sub
1070 1157 1224 1200 timore
1246 1157 1554 1201 custodiretur.
1575 1156 1692 1201 Nihil
1711 1157 1827 1200 enim

437 1234 524 1269 tam
546 1228 615 1284 pie
634 1235 766 1270 terret
788 1228 998 1282 animam,
1019 1243 1153 1287 quam
1175 1237 1494 1272 sacramentum
1518 1243 1607 1272 non
1630 1227 1829 1271 intellec-

438 1305 533 1339 tum
553 1315 561 1339 :
579 1295 854 1340 intellectum
875 1305 1037 1352 autern,
1057 1296 1263 1355 gaudium
1287 1297 1410 1357 pium
1428 1297 1565 1356 parit,
1583 1306 1627 1341 et
1640 1296 1826 1342 celebra·

437 1375 507 1410 tur
528 1366 686 1421 libere,
713 1367 748 1410 si
770 1383 878 1426 opus
912 1377 975 1412 est
996 1368 1183 1428 tempori
1208 1387 1217 1412 :
1243 1369 1277 1412 si
1307 1377 1455 1412 autem
1478 1383 1566 1412 non
1595 1377 1658 1412 est
1692 1383 1827 1427 opus,

437 1452 539 1480 curn
560 1436 772 1481 suavitate
795 1437 974 1496 spiritali
996 1437 1304 1482 tantummodo
1327 1438 1506 1496 legitur,
1527 1447 1571 1482 et
1601 1447 1825 1483 tractatur.
1892 1443 1895 1477 ἶ

435 1508 576 1551 Omne
595 1516 743 1551 autem
765 1516 1084 1552 sacramentum
1102 1523 1203 1552 cum
1226 1508 1506 1568 intelligitur,
1547 1519 1622 1553 aut
1646 1509 1703 1554 ad
1724 1524 1831 1554 con-

436 1577 766 1637 templationem
804 1578 999 1623 veritatis
1040 1579 1250 1634 refertur,
1294 1589 1368 1623 aut
1402 1581 1456 1623 ad
1497 1581 1638 1624 bonos
1668 1595 1825 1625 mores.

434 1648 761 1707 Contemplatio
793 1650 986 1692 veritatis
1022 1650 1066 1692 in
1107 1649 1239 1692 solius
1272 1649 1348 1692 Dei
1382 1649 1614 1695 dilectione
1645 1649 1829 1694 fundata
1894 1680 1895 1686 ,

435 1729 499 1764 est
519 1739 527 1763 :
550 1720 653 1763 boni
674 1735 815 1764 mores
850 1721 894 1763 in
927 1719 1161 1763 dilectione
1186 1720 1261 1763 Dei
1285 1729 1328 1763 et
1349 1721 1561 1780 proximi,
1600 1721 1645 1764 in
1668 1720 1827 1780 quibus
1893 1717 1895 1758 ἶ

434 1791 610 1835 duobus
629 1791 854 1850 praeceptis
885 1799 975 1834 tota
1000 1793 1085 1833 Lex
1108 1788 1272 1849 pendet
1303 1799 1345 1833 et
1370 1792 1601 1850 Prophetae
1624 1810 1632 1835 :
1662 1810 1682 1833 «
1699 1794 1827 1837 Nunc
1894 1787 1895 1819 ἶ

438 1880 458 1903 »
494 1861 625 1919 igitur
662 1860 1032 1921 quemadmodum
1071 1860 1343 1905 circumcisio
1383 1862 1550 1915 carnis,
1589 1871 1632 1906 et
1671 1870 1827 1905 caetera
1894 1854 1895 1905 J

438 1951 457 1973 »
494 1931 745 1992 hujusmodi
767 1932 893 1990 Legis
933 1946 1091 1990 opera,
1118 1930 1195 1974 ubi
1214 1932 1303 1990 jam
1323 1932 1458 1989 gratia
1488 1931 1591 1976 fidei
1614 1941 1699 1988 est,
1737 1947 1827 1977 non
1894 1935 1895 1938 ’

438 2021 458 2044 »
495 2003 581 2046 sint
600 2002 837 2046 necessaria
855 2036 866 2057 ,
891 2001 1115 2045 videamus
1132 2002 1163 2043 2.
1193 2019 1213 2041 »

494 2075 592 2117 XX.
619 2092 640 2114 «
665 2074 760 2116 Hoc
798 2071 966 2126 solum,
994 2061 1164 2131 inquit,
1206 2070 1307 2115 volo
1340 2070 1506 2115 discere
1537 2087 1560 2115 a
1595 2071 1741 2125 vobis,
1774 2086 1826 2115 ex

438 2161 458 2184 »
494 2143 700 2202 operibus
712 2142 836 2200 Legis
857 2141 1067 2201 Spiritum
1082 2140 1321 2200 accepistis,
1338 2156 1393 2185 an
1407 2156 1457 2185 ex
1470 2140 1623 2186 auditu
1638 2140 1764 2185 fidei³
1779 2143 1823 2185 Ρ»

436 2213 765 2273 Respondetur,
794 2212 954 2273 Utique
991 2227 1043 2255 ex
1076 2210 1229 2255 auditu
1252 2210 1353 2255 fidei
1386 2213 1441 2255 ab
1477 2212 1687 2271 Apostolo
1709 2212 1825 2256 enim

438 2284 673 2342 praedicata
691 2293 756 2328 est
786 2283 845 2327 eis
870 2282 978 2328 fides
999 2317 1009 2337 ,
1036 2282 1081 2325 in
1113 2297 1199 2341 qua
1233 2282 1542 2341 praedicatione
1573 2284 1726 2342 utique
1748 2281 1826 2326 ad-

436 2365 617 2399 ventum
640 2365 683 2399 et
704 2354 980 2415 praesentiam
1002 2353 1138 2398 sancti
1157 2353 1341 2412 Spiritus
1358 2364 1601 2413 senserant3
1622 2355 1734 2398 sicut
1749 2353 1825 2398 illo

435 2434 632 2485 tempore
656 2426 701 2469 in
724 2425 917 2471 novitate
939 2423 1202 2470 invitationis
1225 2422 1278 2467 ad
1302 2423 1433 2468 fidem
1457 2426 1587 2470 etiam
1607 2423 1824 2470 sensibili--

498 2530 505 2545 ¹
528 2524 631 2555 Forte
664 2523 813 2566 prohibet
830 2523 964 2566 imponi,
983 2527 1058 2565 aut,
1077 2522 1182 2565 potius
1200 2522 1343 2565 exponit.
1361 2539 1403 2545 κ-
1427 2529 1439 2545 ²
1459 2523 1578 2555 Matth.
1608 2534 1684 2565 xxii,
1710 2521 1763 2565 40.
1784 2538 1824 2544 -

439 2577 453 2602 3
468 2579 572 2612 Galat.
593 2590 640 2622 ιιι,
660 2588 692 2613 2.
