1867 3320
335 234 472 278 semro
506 232 634 271 xxxi,
671 235 724 261 DE
759 233 903 262 xERmS
937 234 1087 264 PSALMl
1120 240 1229 266 xciv.
1384 233 1463 270 397

88 305 242 341 torem.
259 298 425 352 Quare,
448 308 499 342 ut
517 313 586 342 me
609 298 771 345 faceret
792 303 1196 360 praevaricatorem?
1213 307 1319 358 Quia
1341 322 1469 353 nove-

86 375 152 410 rat
173 368 288 410 Deus
310 367 556 426 superbiam
581 377 700 413 tuam
728 390 736 414 :
763 380 942 415 noverat
964 373 1064 430 quia
1085 373 1255 434 dicebas
1271 411 1282 430 ,
1304 378 1340 420 Ο
1362 378 1395 421 si
1414 378 1469 422 sit

85 437 162 496 qui
195 438 378 493 doceat,
413 454 438 483 o
465 439 500 482 si
521 439 575 483 sit
602 441 678 500 qui
715 442 821 485 mihi
853 443 1067 487 ostendat.
1100 446 1210 488 Ecce
1244 449 1328 489 Lex
1365 446 1470 492 dicit

85 507 166 550 tibi
188 527 195 551 :
225 527 245 549 «
264 509 362 552 Non
383 510 701 569 concupisces1.
730 531 748 552 »
777 513 1026 570 Cognovisti
1043 516 1200 571 Legem
1224 515 1465 562 dicentem:

89 595 109 618 «
142 579 241 622 Non
262 580 552 638 concupisces.
579 597 598 620 »
618 582 808 625 Surrexit
832 583 1200 642 concupiscentia,
1226 601 1356 644 quam
1379 602 1468 630 non

83 661 292 706 noveras;
329 649 469 693 inerat
500 650 639 704 enim,
678 651 750 694 sed
785 653 1060 697 nesciebatur
1086 672 1095 697 2
1124 655 1293 713 coepisti
1325 657 1470 699 conari

83 716 255 761 vincere
275 718 397 778 quod
412 719 573 775 inerat,
595 729 638 764 et
661 722 862 780 apparuit
882 724 1003 783 quod
1025 723 1204 768 latebat.
1250 726 1465 784 Superbe,

81 801 159 845 per
180 789 339 845 Legem
372 786 513 833 factus
544 805 588 834 es
617 792 922 850 praevaricator
948 812 956 837 ε
981 808 1163 851 agnosce
1202 796 1402 853 gratiam,
1427 805 1471 839 et

81 865 173 900 esto
187 856 402 902 laudator.

139 929 195 970 X.
224 927 309 972 Sed
326 931 507 986 Legem,
534 930 703 990 inquis,
728 933 824 990 quis
847 931 996 976 dedit?
1018 934 1129 985 Quia
1152 944 1252 978 sunt
1271 935 1469 980 homines

81 997 201 1052 vani,
221 1008 264 1043 ct
284 1001 408 1059 pejus
430 1000 580 1060 impii,
605 1002 682 1061 qui
711 1001 865 1045 dicunt
898 1005 1057 1060 Legem
1092 1004 1146 1046 ab
1178 1004 1260 1048 alio
1290 1006 1431 1048 datam
1455 1041 1465 1059 ,

80 1068 262 1126 gratiam
294 1084 397 1113 vero
420 1085 496 1129 per
530 1072 766 1114 Dominum
803 1082 1001 1116 nostrum
1042 1074 1187 1116 Jesum
1221 1074 1468 1131 Christum,

78 1138 200 1198 quasi
223 1142 382 1198 Legem
412 1141 593 1196 malam,
630 1143 753 1202 quasi
790 1145 950 1201 Legem
992 1158 1257 1202 perversam,
1289 1146 1470 1202 gratiam

79 1223 181 1252 vero
198 1219 359 1254 rectam
383 1230 392 1254 :
418 1220 462 1255 et
481 1211 636 1255 volunt
658 1212 716 1255 ita
733 1212 976 1256 discernere
993 1211 1081 1256 duo
1102 1216 1372 1258 Testamenta
1387 1250 1397 1269 ,
1421 1224 1470 1259 ut

78 1288 201 1323 vetus
217 1283 449 1324 Testamen
461 1290 553 1324 tum
569 1281 1002 1326 dicantesseanescio
1024 1298 1118 1342 quo
1136 1284 1331 1342 principe
1343 1294 1466 1328 tene-

77 1349 255 1393 brarum
276 1369 284 1394 :
307 1366 470 1395 novum
494 1361 639 1395 autem
676 1354 1000 1395 Testamentum
1026 1368 1048 1396 a
1069 1354 1254 1396 Domino
1278 1357 1366 1398 Deo
1383 1358 1468 1398 Pa-

75 1427 141 1463 tre
164 1420 338 1463 Domini
360 1422 494 1465 nostri
518 1424 620 1465 Jcsu
634 1422 813 1466 Christi.
842 1425 990 1481 Ipsum
1010 1424 1254 1481 apostolum
1283 1426 1468 1468 Paulum

76 1488 194 1533 audi.
218 1491 262 1534 Si
279 1500 508 1550 propterea
523 1501 649 1550 putas
665 1494 821 1549 Legem
845 1491 989 1535 datam
1012 1493 1067 1535 ab
1091 1492 1189 1543 alio,
1211 1508 1298 1537 non
1316 1510 1338 1537 a
1362 1497 1464 1549 Deo,

75 1563 177 1622 quia
198 1577 275 1621 per
297 1562 417 1606 illam
439 1561 578 1606 factus
607 1578 650 1606 es
675 1563 978 1622 praevaricator
1000 1584 1010 1619 3
1035 1562 1136 1606 audi
1159 1564 1300 1622 ipsum
1326 1568 1466 1623 Apos-

77 1632 216 1677 tolum
238 1634 364 1693 Legis
397 1633 669 1678 laudatorem
696 1653 705 1677 2
738 1653 757 1674 «
780 1636 959 1693 Itaque,
985 1634 1154 1693 inquit,
1181 1637 1266 1677 Lex
1289 1635 1467 1694 quidem

78 1722 98 1745 »
133 1713 297 1760 sancta,
312 1713 355 1748 et
368 1704 625 1749 mandatum
637 1714 834 1748 sanctum
855 1724 864 1748 ε
884 1723 904 1745 »
920 1704 1078 1760 adde,«
1093 1715 1135 1749 et
1142 1707 1332 1765 justum:
1355 1725 1373 1746 »
1387 1706 1468 1749 ad-

76 1774 162 1818 huc
179 1774 307 1829 adde,
329 1794 350 1816 «
377 1784 420 1819 et
432 1775 613 1818 bonum.
633 1774 760 1828 Quod
776 1790 876 1832 ergo
892 1774 1059 1818 bonum
1072 1785 1151 1829 est,
1176 1776 1335 1835 inquit,
1361 1776 1468 1819 mihi

78 1860 99 1882 »
130 1842 295 1885 sactum
328 1851 393 1884 est
428 1846 573 1884 mors?
609 1844 732 1884 Absit
765 1864 774 1883 ι
811 1844 886 1887 sed
920 1854 1148 1900 peecatum
1179 1854 1229 1888 ut
1263 1854 1468 1904 appareat

80 1931 100 1953 »
130 1919 356 1971 peccatum
369 1911 544 1954 ².»Erat
556 1909 671 1953 enim
686 1919 932 1968 peccatum,
952 1911 1028 1954 sed
1039 1910 1202 1954 latebat
1220 1924 1464 1971 peccatum.

77 1981 263 2036 Quando
275 1981 439 2026 latebat
453 1990 678 2040 peccatum
690 1979 902 2033 ?Quando
918 1990 957 2023 te
968 1981 1258 2025 adversarium
1269 1986 1386 2026 nond
1395 2000 1466 2028 um

78 2055 336 2114 patiebatur.
349 2052 531 2113 Coepisti
544 2052 707 2106 conari,
721 2062 764 2096 et
776 2052 975 2111 apparuit
991 2053 1064 2111 qui
1083 2053 1465 2107 tenebat.Quando

77 2127 323 2187 sequebaris
341 2161 352 2181 ,
378 2135 572 2170 catenam
597 2140 684 2168 non
706 2125 918 2168 sentiebas
936 2143 945 2169 2
962 2124 1150 2183 quaesisti
1171 2121 1400 2181 refugium,
1422 2134 1465 2169 et

80 2198 279 2258 apparuit
292 2196 540 2253 vinculum,
558 2194 731 2239 voluisti
755 2193 918 2251 fugere,
942 2202 985 2236 ct
1011 2193 1178 2252 coepisti
1200 2193 1324 2236 trahi.
1351 2195 1463 2246 Quia

79 2283 182 2327 ergo
203 2267 374 2326 coepisti
390 2267 499 2310 trahi
513 2301 524 2321 ,
541 2265 769 2310 subveniat
787 2264 865 2307 tibi
886 2264 960 2323 qui
980 2279 1066 2306 non
1081 2273 1143 2306 est
1162 2262 1331 2321 ligatus.
1357 2265 1463 2316 Quis

78 2355 165 2384 non
180 2349 242 2382 est
256 2339 426 2397 ligatus,
439 2337 518 2381 nisi
533 2337 608 2396 qui
621 2336 743 2390 dixit,
755 2355 773 2375 ιι
793 2336 833 2379 Si
848 2335 1066 2377 invenistis
1079 2335 1121 2377 in
1137 2350 1204 2377 nie
1217 2350 1341 2393 pecca
1353 2345 1458 2388 tum,

82 2431 100 2451 n
119 2410 249 2454 dicite
263 2414 277 2435 ὅ
291 2415 307 2451 ’ἰ
327 2410 557 2463 »Quisnon
571 2417 634 2451 est
649 2407 821 2466 ligatus,
839 2407 916 2449 nisi
935 2406 1009 2464 qni
1026 2406 1131 2448 dixit
1149 2425 1156 2449 1
1177 2429 1194 2446 u
1220 2409 1328 2449 Ecci-
1346 2406 1463 2449 venit

81 2498 102 2522 »
125 2481 324 2541 princeps
339 2478 507 2534 mundi,
523 2488 567 2522 et
588 2479 632 2522 in
646 2493 714 2522 me
727 2476 835 2521 nihil
853 2476 1092 2519 invenict⁴2'
1110 2496 1127 2518 »ι
1146 2478 1287 2529 Quare
1309 2491 1375 2518 inc
1390 2491 1461 2520 oc·

129 2572 135 2588 ¹
159 2568 248 2598 Rom.
272 2576 324 2606 vu,
345 2574 375 2606 7.
399 2582 439 2587 —
467 2564 581 2596 ²1bid.
605 2572 656 2604 12,
681 2564 730 2595 13.
750 2579 789 2585 —-
811 2560 1086 2602 ³Joan.v1n‚.=‘,6.
1112 2578 1151 2583 -
1172 2560 1184 2590 s·
1205 2562 1249 2593 121.
1269 2572 1333 2602 xiv,
1350 2562 1403 2594 3ο.
