1924 3309
477 268 559 303 500
911 275 944 301 S.
982 274 1063 303 Aue
1073 277 1209 304 usum
1245 278 1422 304 eviscovi

475 350 539 385 cst
554 376 564 394 ,
594 349 696 384 111110
727 340 861 399 magis
882 340 1084 385 timemus
1105 349 1307 384 mortem.
1334 341 1440 386 Ideo
1465 341 1539 385 ille
1562 341 1704 397 dives,
1726 355 1858 401 quem

474 410 751 455 delectabant
769 409 957 455 multum
980 410 1143 455 divitiae
1161 425 1251 454 suae
1267 445 1277 464 ‚
1303 412 1321 468 (
1332 411 1525 454 habebat
1542 411 1658 455 enim
1681 426 1859 469 magnas

473 481 643 526 divitias
670 490 713 524 et
734 495 910 539 magnas
940 479 1223 540 possessiones
1243 482 1284 538 3)
1310 481 1441 524 credo
1464 480 1585 540 quod
1610 481 1861 540 interpella-

474 554 603 596 batur
625 551 779 596 timore
796 552 946 596 mortis
964 586 974 605 ‚
996 559 1040 594 et
1060 551 1173 594 inter
1198 550 1372 594 delicias
1394 551 1746 596 contabescebat.
1772 554 1862 596 Co-

474 623 638 682 gitabat
660 623 775 666 enim
805 621 943 674 scilla
970 621 1084 665 bona
1115 620 1368 665 relicturum
1397 640 1405 664 :
1431 630 1767 680 congregaverat
1787 656 1797 675 ‚
1819 633 1860 665 et

473 695 692 739 nesciebat
714 695 783 737 cui
811 713 819 738 :
841 702 883 737 et
911 691 1079 752 aliquid
1100 692 1305 751 cupiebat
1333 701 1546 737 aeternum
1567 727 1578 747 ‚
1599 702 1642 736 et
1663 693 1781 737 venit
1805 691 1859 737 ad

475 766 728 819 Dominum,
754 773 797 808 et
813 764 870 807 ait
886 762 949 807 illi
975 783 983 807 ε
1011 764 1249 823 «Magister
1270 764 1400 818 bone,
1419 763 1525 823 quid
1549 763 1653 807 boni
1674 763 1829 808 faciam
1846 798 1857 817 ,

476 855 496 877 »
533 846 582 880 ut
598 836 732 880 vitam
756 843 963 878 aeternam
985 848 1225 894 consequar
1242 836 1253 859 ¹
1270 836 1288 877 Ξ)
1305 852 1323 874 »
1344 835 1461 878 Βο110
1479 841 1542 877 est
1563 833 1685 888 mihi,
1708 834 1783 878 sed
1803 833 1861 877 la-

474 906 594 950 bitur
617 905 736 965 quod
755 915 905 949 teneo:
924 904 1035 948 bene
1053 914 1115 948 est
1129 904 1252 957 mihi,
1274 904 1350 948 sed
1367 904 1512 947 subito
1534 919 1622 947 non
1645 904 1724 947 erit
1741 902 1862 964 quod

472 978 613 1022 habeo
641 997 648 1020 ;
675 976 743 1020 dic
770 976 877 1020 mihi
913 976 1031 1019 unde
1063 975 1249 1019 habeam
1285 975 1406 1035 quod
1443 991 1610 1034 semper
1639 975 1720 1019 erit
1751 995 1760 1019 z
1791 974 1862 1020 dic

472 1049 577 1092 mihi
616 1048 840 1108 quomodo
861 1047 1111 1106 perveniam
1151 1046 1205 1090 ad
1239 1045 1284 1090 id
1307 1046 1426 1105 quod
1462 1062 1550 1090 non
1580 1045 1774 1106 perdam.
1807 1048 1863 1089 Et

472 1120 683 1164 Dominus
704 1118 766 1162 illi
790 1138 798 1163 ε
829 1137 849 1160 ((
876 1118 917 1162 Si
938 1118 998 1161 vis
1021 1118 1072 1161 ad
1094 1118 1226 1161 vitam
1250 1118 1439 1176 ingredi,
1466 1134 1585 1162 serva
1608 1116 1857 1161 mandata.»

474 1191 683 1244 Quaesivit
699 1225 709 1244 ,
735 1205 835 1249 quae
858 1187 1076 1231 mandata.
1119 1188 1310 1232 Audivit.
1332 1189 1574 1247 Respondit
1596 1204 1640 1232 se
1657 1205 1680 1232 a
1697 1204 1770 1232 sua
1786 1189 1862 1247 ju-

472 1270 652 1305 ventute
683 1260 827 1303 omnia
851 1274 1052 1302 servasse.
1080 1259 1152 1302 Ait
1180 1258 1243 1301 illi
1269 1259 1475 1302 Dominus
1505 1258 1771 1303 consiliarius
1793 1259 1860 1302 vi·-

473 1342 528 1376 tae
556 1341 731 1375 aeternae
760 1351 767 1374 :
809 1349 829 1372 «
862 1332 1006 1374 Unum
1032 1329 1112 1372 11111
1147 1329 1294 1386 deest3
1331 1330 1363 1373 si
1395 1331 1458 1373 vis
1492 1329 1710 1389 perfectus
1742 1345 1858 1386 esse,

476 1421 494 1445 »
533 1401 668 1453 vade,
703 1399 845 1443 vende
867 1400 1010 1443 omnia
1039 1415 1138 1458 quae
1162 1399 1295 1443 habes
1314 1435 1324 1453 ,
1353 1409 1396 1443 et
1417 1400 1471 1444 da
1506 1401 1794 1460 pauperibus,
1819 1410 1863 1444 et

476 1490 495 1513 »
533 1470 712 1515 habebis
737 1470 988 1513 thesaurum
1012 1469 1055 1511 111
1075 1468 1201 1512 coelo.
1227 1488 1244 1508 »
1274 1472 1370 1514 Non
1395 1470 1509 1513 enim
1533 1470 1638 1514 dixit
1658 1489 1666 1514 ;
1695 1471 1830 1515 Perde
1850 1491 1859 1515 ;

473 1542 548 1586 sed
567 1560 586 1583 «
601 1540 750 1584 Vende
764 1550 806 1583 et
819 1539 934 1590 veni,
951 1554 1131 1599 sequere
1149 1555 1233 1583 me.
1254 1559 1272 1580 »
1289 1539 1367 1583 Ille
1379 1541 1454 1600 qui
1473 1540 1771 1585 delectabatur
1790 1542 1860 1584 di-

474 1603 591 1657 vitii's
628 1610 714 1655 suis
733 1646 743 1665 ‚
779 1619 822 1653 et
854 1618 1083 1669 propterea
1113 1611 1338 1670 quaerebat
1359 1626 1381 1654 a
1408 1612 1591 1656 Domino
1612 1611 1719 1672 quid
1761 1612 1863 1656 boni

474 1684 638 1728 faceret
659 1718 669 1738 ,
692 1692 742 1726 ut
761 1683 895 1726 vitam
913 1692 1121 1725 aeternam
1145 1692 1483 1742 consequeretur
1500 1718 1510 1736 ‚
1536 1683 1636 1743 quia
1656 1699 1679 1727 a
1702 1683 1863 1728 deliciis

473 1755 530 1800 ad
552 1754 726 1798 delicias
747 1753 932 1811 migrare
961 1753 1196 1811 cupiebat,
1223 1763 1265 1797 et
1285 1754 1359 1797 has
1383 1754 1543 1813 quibus
1565 1754 1863 1800 delectabatur

474 1824 720 1884 relinquere
743 1822 1035 1877 formidabat,
1068 1823 1270 1867 abscessit
1290 1824 1417 1868 tristis
1434 1823 1489 1868 ad
1515 1825 1737 1869 thesauros
1764 1841 1863 1870 suos

476 1905 683 1939 terrenos.
713 1892 864 1937 Noluit
894 1891 1069 1935 credere
1092 1892 1276 1934 Domino
1307 1893 1407 1950 quia
1438 1901 1581 1950 potest
1616 1909 1784 1938 servare
1819 1896 1863 1939 111

475 1965 615 2018 coelo,
635 1963 756 2023 quod
778 1961 1018 2021 periturum
1035 1970 1097 2004 est
1114 1961 1157 2004 in
1180 1971 1306 2005 terra.
1324 1962 1473 2006 Noluit
1491 1978 1580 2006 esse
1604 1979 1730 2008 verus
1745 1980 1863 2010 ama-

478 2046 544 2081 tor
563 2034 754 2078 thesauri
783 2033 864 2077 sui.
891 2031 1006 2077 Male
1034 2033 1248 2087 tenendo,
1280 2033 1469 2092 perdidit
1497 2054 1504 2078 :
1538 2035 1726 2079 multum
1759 2035 1861 2080 dili·

478 2105 642 2166 gendo,
662 2104 816 2149 amisit.
842 2106 950 2148 Nam
965 2103 1125 2147 sibene
1148 2102 1272 2147 illum
1287 2103 1512 2162 diligeret,
1532 2105 1576 2149 in
1599 2105 1763 2151 coelum
1778 2108 1861 2152 mi-
1918 2152 1920 2158 ,

478 2186 646 2237 graret,
690 2191 779 2237 quo
819 2176 908 2236 ipse
939 2183 1087 2235 postea
1122 2184 1388 2235 sequeretur.
1427 2179 1612 2220 Domum
1649 2176 1711 2221 illi
1749 2181 1861 2223 Deus
1918 2165 1924 2198 Ἰ

476 2246 667 2294 ostendit
688 2246 765 2290 ubi
790 2247 994 2304 migraret
1012 2280 1022 2299 ‚
1047 2260 1135 2289 non
1164 2245 1309 2290 locum
1337 2246 1413 2290 ubi
1436 2247 1662 2306 perderet:
1689 2258 1860 2294 secutus

477 2319 592 2363 enim
620 2318 678 2362 ait
707 2337 716 2362 2
739 2336 756 2358 «
785 2317 870 2361 Ubi
892 2317 1006 2360 enim
1034 2315 1166 2360 fuerit
1192 2317 1416 2361 thesaurus
1451 2327 1551 2362 tuus
1567 2353 1578 2372 ‚
1606 2318 1694 2364 illic
1719 2321 1799 2364 erit
1819 2328 1860 2364 et

480 2408 501 2431 »
536 2405 611 2434 cor
628 2399 753 2433 tuum
767 2392 799 2432 ².
822 2407 842 2429 »

537 2463 658 2504 VIII.
701 2458 784 2504 Sed
816 2459 965 2502 videre
1001 2458 1155 2502 volunt
1188 2459 1384 2502 homines
1422 2458 1590 2503 divitias
1621 2462 1749 2504 suas?
1772 2464 1856 2505 Fac
1911 2461 1916 2475 ’

477 2530 596 2589 quod
624 2530 669 2573 in
691 2539 802 2573 terra
823 2528 1138 2582 thesaurizent,
1166 2529 1381 2587 numquid
1413 2545 1502 2573 non
1535 2530 1689 2574 timent
1721 2529 1855 2575 videri

528 2616 670 2649 ¹Mattli.
699 2619 840 2656 x1x‚it>'‚
861 2621 924 2647 etc.
951 2632 978 2636 -
1008 2621 1018 2635 ²
1042 2615 1088 2647 Id.
1112 2625 1153 2654 vi,
1178 2623 1227 2646 21.
