1924 3309
468 224 549 262 292
889 229 922 259 S.
960 229 1187 259 Ancus‘rrm
1222 229 1402 256 EPISCOPI

468 318 486 338 »
525 311 621 357 gem
639 299 657 337 ζ’
691 295 776 350 Qui
815 296 906 340 sine
938 303 1117 355 peccato
1154 301 1218 337 est
1237 326 1248 347 ‚
1281 292 1400 351 prior
1427 292 1473 335 in
1501 291 1620 338 illam
1655 292 1846 353 lapidem

466 386 487 409 »
522 368 681 412 mittat.
707 384 727 407 ))

520 438 572 480 V.
595 435 779 490 Quando
803 445 948 479 autem
969 435 1062 477 haec
1085 431 1268 486 audivit,
1293 431 1431 491 digito
1448 432 1667 477 scribebat
1687 433 1733 477 in
1750 443 1843 478 ter-

461 522 507 551 ra
523 542 534 561 ‚
560 516 609 552 ut
640 506 830 550 erudiret
858 514 1031 549 terram.
1058 502 1247 555 Quando
1281 511 1427 547 autem
1448 504 1532 548 hoc
1555 504 1663 547 dixit
1696 504 1847 548 Phari·-

460 578 574 633 sacis,
598 577 755 621 levavit
780 576 925 621 oculos
947 588 1046 618 suos
1065 573 1156 632 ipse
1173 608 1184 628 ,
1210 582 1254 618 et
1270 573 1457 633 inspexit
1477 583 1635 618 terram
1649 609 1660 630 ‚
1679 583 1721 619 et
1743 573 1847 619 fecit

459 663 554 693 eam
587 657 783 691 tremere.
824 643 1010 689 Proinde
1045 658 1146 688 cum
1185 644 1269 688 hoc
1302 645 1477 689 dixisset
1496 680 1507 700 ,
1532 645 1690 689 iterum
1712 645 1847 705 coepit

459 717 643 762 scribere
670 717 714 760 in
737 725 863 759 terra.
897 716 954 757 At
975 712 1037 756 illi
1061 714 1316 772 compuncti
1350 723 1393 758 et
1424 713 1696 770 tremefacti,
1731 730 1846 760 unus

457 796 555 845 post
575 786 759 833 alterum
781 783 1084 828 discesserunt.
1111 785 1148 828 Ο
1175 793 1302 828 terrae
1330 793 1498 829 motum
1518 819 1529 839 ‚
1554 785 1634 828 ubi
1651 785 1712 829 sic
1733 795 1846 830 terra

457 866 578 900 mota
602 865 664 900 est
684 890 694 910 ,
719 865 769 898 ut
784 856 914 899 etiam
937 864 1127 899 mutaret
1148 855 1295 900 locum
1313 857 1321 899 l
1350 856 1440 900 Illis
1462 871 1565 914 ergo
1587 855 1847 900 discedenti-

457 925 563 979 bus,
594 926 797 969 remansit
821 926 1037 984 peccatrix
1069 934 1112 969 et
1136 926 1331 971 Salvator
1353 945 1362 970 :
1392 926 1596 970 remansit
1623 935 1786 985 aegrota
1805 935 1849 971 et

456 995 650 1039 medicus
676 1016 684 1040 ;
719 996 922 1040 remansit
944 997 1097 1040 misera
1132 1005 1175 1040 et
1208 995 1519 1041 misericordia.
1551 999 1608 1040 Et
1641 996 1849 1055 aspiciens
1907 1011 1916 1048 ,ς

458 1065 700 1119 mulierem,
725 1066 862 1111 dixit:
887 1069 1059 1112 «Nemo
1076 1076 1120 1110 te
1141 1067 1453 1112 condemnavit
1471 1069 1481 1091 ¹
1501 1069 1549 1110 Ρ»
1567 1069 1624 1110 Et
1642 1065 1737 1122 illa,
1761 1069 1849 1111 Ne·
1906 1049 1915 1115 Ι

457 1151 552 1190 mo,
574 1136 770 1180 Domine.
799 1137 883 1182 Sed
907 1147 1050 1182 tamen
1073 1139 1217 1183 adhuc
1250 1138 1433 1183 sollicita
1466 1147 1572 1182 erat.
1598 1141 1850 1182 Peccatores
1912 1156 1913 1196 ]

456 1208 570 1251 enim
593 1207 799 1251 damnare
816 1224 904 1253 non
927 1210 1019 1253 ausi
1038 1219 1137 1253 sunt
1166 1229 1174 1253 :
1197 1225 1287 1253 non
1310 1210 1402 1254 ausi
1423 1219 1525 1253 sunt
1541 1209 1735 1268 lapidare
1752 1224 1848 1268 pec·
1911 1218 1913 1241 ³

455 1277 680 1331 matricem,
705 1278 783 1337 qui
805 1292 849 1321 se
871 1279 983 1337 ipsos
1015 1279 1235 1323 intuentes
1263 1279 1421 1323 similes
1458 1280 1735 1325 invenerunt.
1765 1278 1850 1324 Sed
1910 1267 1912 1321 l

455 1346 599 1392 adhuc
621 1347 778 1392 mulier
798 1358 888 1392 erat
911 1348 955 1391 in
983 1364 1141 1405 magno
1163 1349 1359 1408 periculo
1387 1369 1395 1394 :
1420 1350 1523 1409 quia
1549 1358 1592 1393 et
1620 1347 1693 1392 ille
1717 1348 1755 1392 ei
1772 1349 1849 1408 ju·
1899 1351 1910 1502 Ji

1895 1665 1899 1697 ι

1893 1701 1906 1800 1:

1894 1803 1897 1829 l

453 1420 539 1464 dex
561 1429 823 1464 remanserat
841 1456 851 1473 ‚
870 1420 946 1480 qui
966 1429 1058 1465 erat
1074 1420 1167 1464 sine
1185 1430 1379 1480 peccato.
1407 1440 1427 1463 «
1444 1423 1600 1476 Nemo,
1625 1420 1786 1480 inquit,
1807 1428 1850 1463 te

457 1507 480 1531 »
514 1490 769 1535 damnavit?
791 1509 809 1532 κ)
827 1494 884 1535 At
907 1491 996 1545 illa,
1014 1494 1170 1545 Nemo,
1197 1492 1380 1535 Domine
1403 1509 1414 1536 :
1436 1492 1470 1535 si
1497 1506 1578 1535 nec
1600 1500 1665 1546 tu,
1700 1505 1850 1535 secura

455 1576 565 1605 sum.
618 1562 701 1607 Cui
730 1561 1012 1606 sollicitudini
1046 1564 1176 1606 tacita
1206 1563 1417 1607 Dominus
1453 1577 1559 1607 voce
1585 1561 1809 1621 respondit
1837 1580 1846 1606 :

459 1649 480 1671 «
513 1634 602 1673 Nec
625 1647 705 1684 ego
728 1641 772 1676 te
796 1632 1030 1677 damnabo.
1058 1636 1179 1677 »Nec
1200 1649 1303 1690 ego,
1325 1633 1523 1691 quamvis
1545 1632 1623 1674 sim
1646 1633 1737 1676 sine
1754 1647 1850 1691 pec-

459 1708 579 1753 cato,
600 1713 680 1741 nec
698 1712 780 1755 ego
802 1705 845 1740 te
869 1701 1106 1741 damnabo.
1134 1702 1236 1741 Illos
1258 1717 1282 1741 a
1305 1700 1496 1741 vindicta
1518 1699 1718 1756 repressit
1740 1715 1849 1744 con-

458 1768 634 1814 scientia
657 1787 666 1812 2
691 1783 761 1811 me
784 1766 839 1811 ad
861 1767 1210 1810 subveniendum
1234 1767 1416 1811 inclinat
1435 1768 1741 1812 misericordia.

517 1841 591 1882 VI.
619 1841 722 1883 Haec
745 1836 956 1882 attendite
971 1872 982 1892 ,
1008 1847 1051 1881 et
1077 1856 1097 1878 «
1120 1837 1353 1881 erudimini
1376 1853 1525 1882 omnes
1547 1839 1625 1897 qui
1643 1838 1848 1898 judicatis
1892 1833 1906 1864 ³·

459 1930 480 1953 »
515 1919 687 1955 terram.
717 1928 737 1951 »
763 1910 926 1953 Omnes
943 1907 1129 1962 scilicet,
1150 1908 1252 1967 quia
1280 1908 1406 1951 etiam
1431 1909 1488 1952 sic
1511 1907 1847 1967 intelligendum

455 1990 519 2028 est
535 2017 547 2038 ‚
571 1980 796 2042 quomodo
817 1979 872 2023 de
894 1979 1053 2040 quibus
1072 1979 1306 2039 Apostolus
1329 1978 1432 2023 dicit
1453 1997 1462 2023 ε
1488 1998 1508 2021 «
1529 1978 1681 2023 Omnis
1704 1980 1846 2024 anima

457 2073 478 2095 »
514 2053 799 2113 potestatibus
839 2051 1164 2095 sublimioribus
1193 2050 1368 2095 subdita
1403 2050 1472 2094 sit.
1498 2053 1596 2096 Non
1632 2059 1697 2095 est
1730 2051 1845 2095 enim
1909 2070 1911 2091 2

458 2144 477 2166 »
511 2133 699 2184 potestas
715 2159 726 2179 ,
751 2122 833 2167 nisi
851 2138 874 2166 a
899 2125 1002 2166 Deo.
1025 2124 1132 2175 Quae
1155 2131 1301 2166 autem
1324 2137 1347 2165 a
1370 2124 1459 2165 Deo
1481 2130 1608 2175 sunt,
1633 2121 1846 2165 ordinatae
1887 2122 1921 2163 ’ψ

458 2213 478 2235 »
513 2192 726 2247 sunt.Qui
743 2193 898 2238 resistit
919 2191 1139 2251 potestati,
1158 2192 1231 2235 Dei
1252 2190 1516 2235 ordinationi
1535 2190 1710 2234 resistit.
1726 2191 1848 2234 Prin-
1884 2151 1922 2255 ¹33

458 2283 478 2306 ·»
513 2264 626 2322 cipes
657 2264 772 2307 enim
794 2278 883 2307 non
916 2271 1019 2306 sunt
1049 2262 1194 2305 timori
1217 2260 1322 2305 boni
1351 2261 1490 2319 operis
1510 2295 1521 2313 ‚
1547 2260 1622 2304 sed
1644 2260 1794 2304 mali2.
1821 2278 1841 2302 »
1901 2275 1909 2326 j!

455 2334 529 2377 Vis
548 2342 691 2376 autem
715 2349 803 2377 non
825 2334 976 2376 timere
995 2332 1283 2390 potestatem?
1306 2333 1475 2374 ssonum
1496 2330 1580 2384 fac,
1597 2338 1640 2374 et
1661 2330 1843 2374 habebis
1903 2330 1908 2341 ’

455 2403 630 2446 laudem
647 2418 696 2445 ex
719 2403 805 2446 illa.
831 2405 888 2446 Et
909 2403 1049 2446 sinon
1072 2403 1126 2444 ab
1149 2400 1221 2443 illa
1238 2435 1248 2454 ,
1277 2409 1421 2444 tamen
1439 2416 1489 2444 ex
1508 2400 1596 2444 illa.
1619 2403 1707 2444 Aut
1725 2401 1842 2443 enim

451 2475 565 2533 Justc
595 2473 685 2531 agis
705 2508 715 2527 ,
742 2482 784 2516 et
800 2474 914 2531 justa
938 2481 1124 2531 potestas
1154 2469 1353 2514 laudabit
1373 2480 1412 2515 te
1435 2490 1444 2516 ε
1470 2480 1544 2516 aut
1566 2471 1682 2530 juste
1705 2485 1840 2529 agen-

1911 2430 1924 2460 Οἱ

1910 2487 1922 2529 S.

509 2565 516 2581 ¹
538 2561 628 2591 Joan.
649 2569 719 2598 vui,
741 2568 791 2598 ιο,
810 2562 873 2590 etc.
892 2574 932 2580 ·——
949 2565 961 2580 ²
979 2560 1069 2589 Rom.
1096 2568 1164 2596 xiii,
1193 2567 1222 2597 ι,
1242 2561 1307 2588 cte.
1878 2547 1883 2623 1
1909 2558 1924 2601 ΡΞ

1877 2624 1881 2669 ἒ

1877 2671 1880 2700 Ι

1872 2718 1879 2926 J

1872 2927 1876 2954 l
