1924 3309
496 325 578 363 468
932 332 965 361 s.
1002 331 1232 361 Atteus'rlm
1265 332 1443 360 EPISCOPI

498 421 518 443 ιι
556 402 667 444 Sunt
692 399 769 459 qui
785 414 830 443 se
852 397 1006 443 divites
1026 399 1254 451 affectant,
1281 397 1391 440 nihil
1411 395 1623 441 habentes
1652 415 1660 440 z
1690 414 1710 437 »
1761 405 1880 441 ustos

494 485 538 514 se
571 467 727 514 volunt
748 469 907 523 videri,
952 483 1052 512 cum
1090 467 1136 510 in
1156 465 1265 510 cella
1285 467 1558 511 conscientiae
1580 482 1669 511 non
1690 466 1883 510 habeant

432 562 439 570 ·
495 555 650 586 aurum
667 539 862 600 justitiae.
894 541 951 583 Et
981 546 1085 581 sunt
1105 537 1250 596 pleni,
1282 545 1405 581 tanto
1428 537 1695 593 humiliores,
1717 546 1883 597 quanto
1923 591 1924 594 Ἰ

495 611 671 656 ditiores
696 629 703 655 ε
731 612 785 655 de
807 609 966 670 quibus
988 608 1155 652 dictum
1177 617 1241 652 est
1260 627 1269 652 ε
1299 627 1318 650 «
1338 608 1459 652 Beati
1479 623 1690 668 pauperes
1713 608 1881 667 spiritu,
1923 609 1924 631 l

498 702 517 724 »
551 682 757 742 quoniam
776 682 970 739 ipsorum
987 688 1051 723 est
1074 694 1257 738 regnum
1275 678 1528 722 coelorum1.

559 755 680 796 VllI,
708 751 822 804 Quid
844 765 946 809 ergo
969 749 1128 809 quaeris
1151 749 1339 805 divitias,
1355 764 1455 809 quae
1473 748 1609 794 oculis
1626 749 1828 793 humanis
1843 757 1887 792 et

497 823 661 867 carneis
683 821 997 866 blandiuntur?
1028 823 1166 864 Lucet
1188 835 1344 863 aurum
1373 838 1380 863 :
1411 818 1486 863 sed
1510 820 1605 878 plus
1628 819 1745 863 lucet
1762 819 1883 863 fides.

500 892 622 951 Elige
637 891 746 952 quid
768 892 814 934 in
835 890 965 935 corde
982 891 1144 934 habere
1167 891 1340 934 debeas.
1365 893 1488 934 Intus
1506 890 1660 949 plenus
1683 900 1790 945 esto,
1813 890 1890 933 ubi

499 963 671 1008 divitias
694 972 788 1006 tuas
806 966 920 1007 Deus
942 961 1083 1016 videt,
1109 962 1239 1005 homo
1261 977 1350 1005 non
1371 960 1505 1004 videt.
1532 964 1619 1005 Nec
1631 970 1777 1004 tamen
1790 961 1890 1020 quia

502 1034 632 1077 homo
654 1048 744 1076 non
759 1032 894 1086 videt,
908 1031 1008 1076 ideo
1027 1030 1161 1075 debes
1174 1041 1453 1084 contemnere
1473 1031 1591 1090 quod
1608 1032 1724 1074 intus
1740 1032 1889 1075 habes.

498 1105 573 1148 Vis
610 1103 773 1158 vider,e
812 1103 914 1163 quia
953 1112 997 1146 et
1031 1102 1167 1147 oculis
1210 1103 1462 1162 iniquorum
1496 1102 1593 1161 plus
1628 1101 1746 1146 lucet
1768 1100 1890 1155 fides,

499 1189 633 1233 quam
669 1175 851 1217 aurum?
885 1174 1115 1225 Quomodo
1153 1172 1306 1216 laudat
1346 1174 1476 1216 etiam
1512 1188 1663 1216 avarus
1691 1171 1895 1216 dominus

499 1259 670 1289 servum
712 1242 914 1287 fidelem?
957 1242 1073 1289 Nihil
1115 1242 1191 1287 illo
1227 1243 1333 1287 dicit
1371 1258 1461 1286 esse
1503 1243 1731 1301 pretiosius
1766 1262 1775 1286 ;
1806 1243 1895 1287 imo

501 1329 602 1360 eum
625 1314 803 1359 omnino
821 1314 1008 1373 pretium
1026 1329 1117 1358 non
1131 1313 1292 1357 habete
1309 1322 1503 1357 testatur.
1531 1314 1682 1358 Habeo
1704 1328 1892 1367 servum,

504 1385 670 1446 inquit,
709 1400 798 1429 non
835 1384 968 1428 habet
1001 1384 1204 1442 pretium.
1253 1386 1464 1443 Expectas
1500 1394 1549 1428 tu
1585 1383 1728 1428 unde?
1766 1388 1897 1429 Forte

502 1458 614 1501 hene
637 1455 785 1510 saltat,
827 1464 903 1499 aut
935 1454 1125 1513 optimus
1148 1470 1316 1513 coquus
1354 1465 1431 1500 est.
1466 1459 1564 1501 Non
1590 1475 1599 1499 :
1625 1456 1802 1500 attende
1834 1456 1898 1498 in-

507 1528 708 1572 teriorem
730 1525 921 1570 laudem.
949 1524 1090 1580 Nihil,
1116 1525 1283 1585 inquit,
1301 1525 1486 1570 fidelius.
1509 1525 1653 1570 Placet
1665 1526 1745 1570 tibi
1767 1527 1899 1571 homo

505 1614 651 1644 servus
681 1608 781 1642 tuus
804 1595 961 1651 fidelis,
988 1605 1032 1639 et
1052 1604 1103 1639 tu
1125 1611 1215 1640 non
1237 1596 1298 1640 vis
1321 1611 1409 1640 esse
1435 1599 1523 1640 Deo
1562 1612 1708 1641 servus
1735 1596 1898 1640 fidelis?

507 1669 708 1715 Attendis
728 1669 831 1728 quia
851 1668 985 1711 habes
1003 1682 1192 1722 servum,
1215 1667 1392 1711 attende
1415 1668 1516 1727 quia
1533 1669 1667 1712 habes
1687 1677 1730 1712 et
1752 1668 1901 1712 Domi-

507 1755 630 1786 nuni.
661 1743 841 1784 Servum
864 1748 990 1782 tuum
1012 1739 1190 1796 potuisti
1214 1754 1482 1797 comparare,
1508 1755 1598 1783 non
1616 1754 1761 1783 creare
1784 1759 1792 1784 :
1819 1741 1901 1784 Do-

509 1812 652 1855 minus
678 1819 776 1854 tnus
799 1818 842 1853 et
862 1809 994 1854 verbo
1013 1824 1093 1853 suo
1117 1809 1277 1853 creavit
1302 1818 1358 1864 te,
1384 1812 1649 1868 etsanguine
1672 1826 1751 1855 suo
1773 1812 1900 1855 rede-

509 1882 659 1926 mitte.
688 1879 1001 1925 Siviluistitibi
1020 1914 1030 1933 ,
1054 1879 1196 1922 recole
1220 1880 1407 1937 pretium
1434 1899 1442 1923 :
1476 1880 1509 1922 si
1547 1890 1589 1923 et
1618 1882 1704 1924 hoc
1741 1881 1879 1925 oblitu

509 1968 574 2006 es,
600 1951 694 2009 lege
718 1947 1028 2007 Evangelium‚
1061 1949 1403 1993 instrumentum
1434 1959 1576 1993 tuum.
1612 1950 1764 1995 Fidem
1784 1966 1878 1995 ama

511 2023 555 2065 in
588 2035 710 2065 servo
743 2030 843 2071 tu0‚
883 2028 925 2063 et
952 2019 1161 2064 Dominus
1195 2029 1296 2063 tuus
1317 2035 1408 2064 non
1431 2020 1588 2079 quaerit
1609 2036 1706 2065 eam
1728 2022 1773 2065 in
1795 2037 1873 2066 suo

513 2090 665 2136 Redde
689 2091 810 2151 quod
831 2090 980 2149 exigis.
1007 2089 1133 2142 Quod
1156 2090 1235 2132 tibi
1266 2089 1425 2148 gaudes
1449 2090 1571 2134 reddi
1594 2091 1648 2135 ab
1680 2091 1883 2136 inferiore

514 2161 647 2208 redde
685 2162 909 2221 superiori.
952 2164 1081 2205 Amas
1125 2175 1295 2204 servum
1313 2196 1323 2215 ,
1370 2161 1444 2220 qui
1484 2161 1666 2205 fideliter
1712 2163 1880 2207 custodi

515 2250 671 2279 aurum
694 2245 823 2279 tuum
845 2253 853 2278 :
894 2232 983 2277 noli
1022 2241 1303 2277 contemnere
1330 2234 1586 2288 Dominum,
1624 2235 1698 2293 qui
1739 2235 1880 2279 miseri

516 2305 705 2350 corditer
725 2303 916 2349 custodit
937 2319 1011 2348 cor
1028 2312 1169 2347 tuum.
1188 2305 1348 2347 Omnes
1373 2319 1473 2361 ergo
1494 2303 1658 2348 habent
1679 2304 1828 2349 oculos
1849 2321 1871 2350 a

516 2375 780 2420 laudandam
810 2374 967 2435 fidem⁷
1002 2374 1077 2418 sed
1112 2374 1289 2433 quando
1321 2375 1499 2432 exigunt
1527 2374 1649 2418 reddi
1672 2376 1769 2419 sibi.
1796 2379 1855 2421 Na

518 2447 696 2508 quando
709 2448 764 2491 ab
776 2447 835 2490 eis
848 2446 1045 2504 exigitur,
1066 2444 1280 2489 claudunt
1296 2445 1461 2501 oculos,
1481 2445 1640 2490 nolunt
1653 2462 1748 2490 eam
1759 2446 1879 2491 vider

523 2534 656 2579 quam
671 2517 854 2577 pulchra
869 2517 938 2561 sit.
961 2519 1050 2560 Aut
1062 2516 1175 2560 forte
1186 2516 1317 2560 stulta
1332 2510 1495 2560 insania
1514 2519 1884 2576 proptereanolun

517 2590 714 2644 reddere,
761 2606 815 2634 ne
834 2588 1047 2649 perdant:
1073 2590 1295 2647 quomodo
1315 2589 1548 2648 timetquis
1563 2588 1743 2634 reddere
1770 2604 1877 2649 pecu

569 2683 575 2697 ¹
596 2676 707 2708 Manli.
730 2686 761 2714 v,
783 2676 812 2706 3.

1877 3140 1895 3309 -ε-..Ἃὴ
1879 3122 1888 3171 -Α--ᾈ
1883 2762 1903 3037 ,,;;;,ἳ-..-.,,.””“ψ-τ“ῆ·ἶ
1886 2725 1891 2752 ‘⁴
