<?xml version="1.0" encoding="UTF-8"?>
<!DOCTYPE html PUBLIC "-//W3C//DTD XHTML 1.0 Transitional//EN"
    "http://www.w3.org/TR/xhtml1/DTD/xhtml1-transitional.dtd">
<html xmlns="http://www.w3.org/1999/xhtml" xml:lang="en" lang="en">
 <head>
  <title>
</title>
<meta http-equiv="Content-Type" content="text/html;charset=utf-8" />
  <meta name='ocr-system' content='tesseract 3.04.00' />
  <meta name='ocr-capabilities' content='ocr_page ocr_carea ocr_par ocr_line ocrx_word'/>
</head>
<body>
  <div class='ocr_page' id='page_1' title='image "./operaomniaaccura17auguuoft_0436.png"; bbox 0 0 1924 3309; ppageno 0'>
   <div class='ocr_carea' id='block_1_1' title="bbox 463 236 1924 2556">
    <p class='ocr_par' dir='ltr' id='par_1_1' title="bbox 463 236 1924 1988">
     <span class='ocr_line' id='line_1_1' title="bbox 472 236 1420 274; baseline -0.004 0"><span class='ocrx_word' id='word_1_1' title='bbox 472 236 554 274; x_wconf 74' lang='lat'>420</span> <span class='ocrx_word' id='word_1_2' title='bbox 909 243 942 270; x_wconf 80' lang='lat' dir='ltr'>s.</span> <span class='ocrx_word' id='word_1_3' title='bbox 979 242 1208 270; x_wconf 70' lang='lat' dir='ltr'>Auccs&#39;rim</span> <span class='ocrx_word' id='word_1_4' title='bbox 1242 244 1420 271; x_wconf 67' lang='lat' dir='ltr'>Erlscffl‘l</span> 
     </span>
     <span class='ocr_line' id='line_1_2' title="bbox 467 307 1850 369; baseline -0.001 -15"><span class='ocrx_word' id='word_1_5' title='bbox 467 310 573 354; x_wconf 90' lang='lat' dir='ltr'>mihi</span> <span class='ocrx_word' id='word_1_6' title='bbox 606 307 867 369; x_wconf 81' lang='lat' dir='ltr'>optabilius,</span> <span class='ocrx_word' id='word_1_7' title='bbox 902 307 1128 352; x_wconf 89' lang='lat' dir='ltr'>inimicum</span> <span class='ocrx_word' id='word_1_8' title='bbox 1158 322 1248 352; x_wconf 91' lang='lat' dir='ltr'>non</span> <span class='ocrx_word' id='word_1_9' title='bbox 1278 308 1467 363; x_wconf 86' lang='lat' dir='ltr'>habere,</span> <span class='ocrx_word' id='word_1_10' title='bbox 1503 322 1636 367; x_wconf 86' lang='lat' dir='ltr'>quam</span> <span class='ocrx_word' id='word_1_11' title='bbox 1663 308 1850 352; x_wconf 84' lang='lat' dir='ltr'>vincere.</span> 
     </span>
     <span class='ocr_line' id='line_1_3' title="bbox 464 379 1855 441; baseline -0.002 -15"><span class='ocrx_word' id='word_1_12' title='bbox 464 384 617 441; x_wconf 83' lang='lat' dir='ltr'>Neque</span> <span class='ocrx_word' id='word_1_13' title='bbox 638 380 756 425; x_wconf 89' lang='lat' dir='ltr'>enim</span> <span class='ocrx_word' id='word_1_14' title='bbox 775 379 887 424; x_wconf 90' lang='lat' dir='ltr'>illud</span> <span class='ocrx_word' id='word_1_15' title='bbox 906 380 1048 438; x_wconf 90' lang='lat' dir='ltr'>ipsum</span> <span class='ocrx_word' id='word_1_16' title='bbox 1070 379 1192 438; x_wconf 91' lang='lat' dir='ltr'>quod</span> <span class='ocrx_word' id='word_1_17' title='bbox 1220 394 1319 424; x_wconf 87' lang='lat' dir='ltr'>caro</span> <span class='ocrx_word' id='word_1_18' title='bbox 1350 379 1618 439; x_wconf 85' lang='lat' dir='ltr'>concupiscit</span> <span class='ocrx_word' id='word_1_19' title='bbox 1650 379 1855 424; x_wconf 85' lang='lat' dir='ltr'>adversus</span> 
     </span>
     <span class='ocr_line' id='line_1_4' title="bbox 465 450 1856 511; baseline -0.001 -15"><span class='ocrx_word' id='word_1_20' title='bbox 465 452 690 511; x_wconf 90' lang='lat' dir='ltr'>spiritum,</span> <span class='ocrx_word' id='word_1_21' title='bbox 715 466 806 496; x_wconf 92' lang='lat' dir='ltr'>non</span> <span class='ocrx_word' id='word_1_22' title='bbox 828 460 893 495; x_wconf 90' lang='lat' dir='ltr'>est</span> <span class='ocrx_word' id='word_1_23' title='bbox 917 464 1066 494; x_wconf 89' lang='lat' dir='ltr'>meum</span> <span class='ocrx_word' id='word_1_24' title='bbox 1100 468 1108 493; x_wconf 91' lang='lat'>:</span> <span class='ocrx_word' id='word_1_25' title='bbox 1135 458 1210 494; x_wconf 88' lang='lat' dir='ltr'>aut</span> <span class='ocrx_word' id='word_1_26' title='bbox 1239 465 1342 494; x_wconf 84' lang='lat' dir='ltr'>vero</span> <span class='ocrx_word' id='word_1_27' title='bbox 1371 466 1422 494; x_wconf 88' lang='lat' dir='ltr'>ex</span> <span class='ocrx_word' id='word_1_28' title='bbox 1455 450 1670 495; x_wconf 88' lang='lat' dir='ltr'>contraria</span> <span class='ocrx_word' id='word_1_29' title='bbox 1702 459 1856 494; x_wconf 85' lang='lat' dir='ltr'>natura</span> 
     </span>
     <span class='ocr_line' id='line_1_5' title="bbox 466 519 1857 582; baseline -0.001 -15"><span class='ocrx_word' id='word_1_30' title='bbox 466 532 718 582; x_wconf 86' lang='lat' dir='ltr'>compactus</span> <span class='ocrx_word' id='word_1_31' title='bbox 736 524 864 567; x_wconf 83' lang='lat' dir='ltr'>sum?</span> <span class='ocrx_word' id='word_1_32' title='bbox 886 524 944 566; x_wconf 89' lang='lat' dir='ltr'>Et</span> <span class='ocrx_word' id='word_1_33' title='bbox 960 519 1072 564; x_wconf 87' lang='lat' dir='ltr'>illud</span> <span class='ocrx_word' id='word_1_34' title='bbox 1092 535 1240 564; x_wconf 89' lang='lat' dir='ltr'>meum</span> <span class='ocrx_word' id='word_1_35' title='bbox 1263 529 1327 565; x_wconf 92' lang='lat' dir='ltr'>est</span> <span class='ocrx_word' id='word_1_36' title='bbox 1344 541 1355 578; x_wconf 77' lang='lat'>3</span> <span class='ocrx_word' id='word_1_37' title='bbox 1373 529 1417 564; x_wconf 89' lang='lat' dir='ltr'>et</span> <span class='ocrx_word' id='word_1_38' title='bbox 1437 521 1557 580; x_wconf 91' lang='lat' dir='ltr'>quod</span> <span class='ocrx_word' id='word_1_39' title='bbox 1580 521 1619 565; x_wconf 90' lang='lat' dir='ltr'>ei</span> <span class='ocrx_word' id='word_1_40' title='bbox 1633 536 1723 565; x_wconf 91' lang='lat' dir='ltr'>non</span> <span class='ocrx_word' id='word_1_41' title='bbox 1748 536 1857 565; x_wconf 90' lang='lat' dir='ltr'>con-</span> 
     </span>
     <span class='ocr_line' id='line_1_6' title="bbox 466 589 1858 650; baseline -0.004 -12"><span class='ocrx_word' id='word_1_42' title='bbox 466 595 621 649; x_wconf 89' lang='lat' dir='ltr'>sentio,</span> <span class='ocrx_word' id='word_1_43' title='bbox 644 608 791 637; x_wconf 91' lang='lat' dir='ltr'>meum</span> <span class='ocrx_word' id='word_1_44' title='bbox 804 601 881 636; x_wconf 84' lang='lat' dir='ltr'>est.</span> <span class='ocrx_word' id='word_1_45' title='bbox 902 595 1004 636; x_wconf 87' lang='lat' dir='ltr'>Pars</span> <span class='ocrx_word' id='word_1_46' title='bbox 1027 590 1301 650; x_wconf 86' lang='lat' dir='ltr'>aliquantum</span> <span class='ocrx_word' id='word_1_47' title='bbox 1315 590 1468 646; x_wconf 81' lang='lat' dir='ltr'>libera,</span> <span class='ocrx_word' id='word_1_48' title='bbox 1488 590 1645 635; x_wconf 82' lang='lat' dir='ltr'><strong>resistit</strong></span> <span class='ocrx_word' id='word_1_49' title='bbox 1667 589 1858 650; x_wconf 85' lang='lat' dir='ltr'>reliquiis</span> 
     </span>
     <span class='ocr_line' id='line_1_7' title="bbox 465 660 1853 721; baseline -0.004 -12"><span class='ocrx_word' id='word_1_50' title='bbox 465 664 698 709; x_wconf 89' lang='lat' dir='ltr'>servitutis.</span> <span class='ocrx_word' id='word_1_51' title='bbox 722 666 881 707; x_wconf 89' lang='lat' dir='ltr'>Totum</span> <span class='ocrx_word' id='word_1_52' title='bbox 909 677 1063 708; x_wconf 87' lang='lat' dir='ltr'>sanum</span> <span class='ocrx_word' id='word_1_53' title='bbox 1092 661 1146 705; x_wconf 90' lang='lat' dir='ltr'>sit</span> <span class='ocrx_word' id='word_1_54' title='bbox 1176 660 1303 716; x_wconf 90' lang='lat' dir='ltr'>volo,</span> <span class='ocrx_word' id='word_1_55' title='bbox 1340 661 1443 721; x_wconf 89' lang='lat' dir='ltr'>quia</span> <span class='ocrx_word' id='word_1_56' title='bbox 1475 669 1593 705; x_wconf 87' lang='lat' dir='ltr'>totus</span> <span class='ocrx_word' id='word_1_57' title='bbox 1630 675 1724 704; x_wconf 90' lang='lat' dir='ltr'>sum</span> <span class='ocrx_word' id='word_1_58' title='bbox 1756 675 1853 719; x_wconf 85' lang='lat' dir='ltr'>ego.</span> 
     </span>
     <span class='ocr_line' id='line_1_8' title="bbox 466 730 1857 791; baseline -0.005 -11"><span class='ocrx_word' id='word_1_59' title='bbox 466 735 578 780; x_wconf 86' lang='lat' dir='ltr'>Nolo</span> <span class='ocrx_word' id='word_1_60' title='bbox 601 744 651 779; x_wconf 89' lang='lat' dir='ltr'>ut</span> <span class='ocrx_word' id='word_1_61' title='bbox 669 752 693 780; x_wconf 88' lang='lat' dir='ltr'>a</span> <span class='ocrx_word' id='word_1_62' title='bbox 713 748 783 777; x_wconf 88' lang='lat' dir='ltr'>me</span> <span class='ocrx_word' id='word_1_63' title='bbox 802 748 901 778; x_wconf 86' lang='lat' dir='ltr'>caro</span> <span class='ocrx_word' id='word_1_64' title='bbox 922 747 1019 777; x_wconf 84' lang='lat' dir='ltr'>mea</span> <span class='ocrx_word' id='word_1_65' title='bbox 1034 767 1045 786; x_wconf 86' lang='lat'>,</span> <span class='ocrx_word' id='word_1_66' title='bbox 1074 741 1285 791; x_wconf 84' lang='lat' dir='ltr'>tanquam</span> <span class='ocrx_word' id='word_1_67' title='bbox 1316 740 1517 775; x_wconf 83' lang='lat' dir='ltr'>extranea</span> <span class='ocrx_word' id='word_1_68' title='bbox 1532 765 1543 785; x_wconf 87' lang='lat'><strong>‚</strong></span> <span class='ocrx_word' id='word_1_69' title='bbox 1577 730 1621 774; x_wconf 91' lang='lat' dir='ltr'>in</span> <span class='ocrx_word' id='word_1_70' title='bbox 1644 739 1857 774; x_wconf 85' lang='lat' dir='ltr'>aeternum</span> 
     </span>
     <span class='ocr_line' id='line_1_9' title="bbox 466 801 1854 865; baseline -0.004 -15"><span class='ocrx_word' id='word_1_71' title='bbox 466 815 691 865; x_wconf 81' lang='lat' dir='ltr'>separetur</span> <span class='ocrx_word' id='word_1_72' title='bbox 709 826 720 862; x_wconf 79' lang='lat'>3</span> <span class='ocrx_word' id='word_1_73' title='bbox 745 803 819 847; x_wconf 89' lang='lat' dir='ltr'>sed</span> <span class='ocrx_word' id='word_1_74' title='bbox 844 812 893 847; x_wconf 87' lang='lat' dir='ltr'>ut</span> <span class='ocrx_word' id='word_1_75' title='bbox 911 818 1085 858; x_wconf 87' lang='lat' dir='ltr'>mecum</span> <span class='ocrx_word' id='word_1_76' title='bbox 1107 811 1197 847; x_wconf 84' lang='lat' dir='ltr'>tota</span> <span class='ocrx_word' id='word_1_77' title='bbox 1219 812 1411 846; x_wconf 88' lang='lat' dir='ltr'>sanetur.</span> <span class='ocrx_word' id='word_1_78' title='bbox 1434 801 1476 847; x_wconf 90' lang='lat' dir='ltr'>Si</span> <span class='ocrx_word' id='word_1_79' title='bbox 1497 802 1580 846; x_wconf 92' lang='lat' dir='ltr'>hoc</span> <span class='ocrx_word' id='word_1_80' title='bbox 1598 810 1647 845; x_wconf 94' lang='lat' dir='ltr'>tu</span> <span class='ocrx_word' id='word_1_81' title='bbox 1668 817 1758 846; x_wconf 91' lang='lat' dir='ltr'>non</span> <span class='ocrx_word' id='word_1_82' title='bbox 1775 801 1854 855; x_wconf 88' lang='lat' dir='ltr'>vis,</span> 
     </span>
     <span class='ocr_line' id='line_1_10' title="bbox 466 871 1857 936; baseline -0.004 -16"><span class='ocrx_word' id='word_1_83' title='bbox 466 878 610 920; x_wconf 88' lang='lat' dir='ltr'>nescio</span> <span class='ocrx_word' id='word_1_84' title='bbox 641 875 750 936; x_wconf 86' lang='lat' dir='ltr'>quid</span> <span class='ocrx_word' id='word_1_85' title='bbox 778 875 832 918; x_wconf 89' lang='lat' dir='ltr'>de</span> <span class='ocrx_word' id='word_1_86' title='bbox 867 889 995 918; x_wconf 85' lang='lat' dir='ltr'>carne</span> <span class='ocrx_word' id='word_1_87' title='bbox 1023 874 1180 918; x_wconf 81' lang='lat' dir='ltr'>sentias</span> <span class='ocrx_word' id='word_1_88' title='bbox 1215 893 1222 917; x_wconf 90' lang='lat'><strong>:</strong></span> <span class='ocrx_word' id='word_1_89' title='bbox 1249 872 1434 917; x_wconf 86' lang='lat' dir='ltr'>arbitror</span> <span class='ocrx_word' id='word_1_90' title='bbox 1464 882 1504 916; x_wconf 90' lang='lat' dir='ltr'>tc</span> <span class='ocrx_word' id='word_1_91' title='bbox 1526 881 1680 931; x_wconf 81' lang='lat' dir='ltr'>putare</span> <span class='ocrx_word' id='word_1_92' title='bbox 1713 871 1857 916; x_wconf 88' lang='lat' dir='ltr'>nescio</span> 
     </span>
     <span class='ocr_line' id='line_1_11' title="bbox 463 942 1857 1005; baseline -0.002 -17"><span class='ocrx_word' id='word_1_93' title='bbox 463 946 572 1005; x_wconf 83' lang='lat' dir='ltr'>quid</span> <span class='ocrx_word' id='word_1_94' title='bbox 590 946 708 992; x_wconf 89' lang='lat' dir='ltr'>unde</span> <span class='ocrx_word' id='word_1_95' title='bbox 731 945 808 999; x_wconf 88' lang='lat' dir='ltr'>sit,</span> <span class='ocrx_word' id='word_1_96' title='bbox 837 945 959 1004; x_wconf 84' lang='lat' dir='ltr'>quasi</span> <span class='ocrx_word' id='word_1_97' title='bbox 982 944 1036 988; x_wconf 89' lang='lat' dir='ltr'>de</span> <span class='ocrx_word' id='word_1_98' title='bbox 1050 952 1179 1001; x_wconf 85' lang='lat' dir='ltr'>gente</span> <span class='ocrx_word' id='word_1_99' title='bbox 1201 944 1433 988; x_wconf 85' lang='lat' dir='ltr'>contraria.</span> <span class='ocrx_word' id='word_1_100' title='bbox 1459 942 1637 987; x_wconf 86' lang='lat' dir='ltr'>Falsum</span> <span class='ocrx_word' id='word_1_101' title='bbox 1662 951 1750 997; x_wconf 89' lang='lat' dir='ltr'>est,</span> <span class='ocrx_word' id='word_1_102' title='bbox 1765 942 1857 985; x_wconf 79' lang='lat' dir='ltr'>hae-</span> 
     </span>
     <span class='ocr_line' id='line_1_12' title="bbox 465 1013 1860 1074; baseline -0.002 -14"><span class='ocrx_word' id='word_1_103' title='bbox 465 1017 650 1060; x_wconf 85' lang='lat' dir='ltr'>reticum</span> <span class='ocrx_word' id='word_1_104' title='bbox 673 1025 762 1071; x_wconf 91' lang='lat' dir='ltr'>est,</span> <span class='ocrx_word' id='word_1_105' title='bbox 790 1014 1095 1074; x_wconf 84' lang='lat' dir='ltr'>blasphemum</span> <span class='ocrx_word' id='word_1_106' title='bbox 1118 1023 1181 1058; x_wconf 91' lang='lat' dir='ltr'>est</span> <span class='ocrx_word' id='word_1_107' title='bbox 1208 1014 1391 1057; x_wconf 87' lang='lat' dir='ltr'>:mentis</span> <span class='ocrx_word' id='word_1_108' title='bbox 1421 1022 1463 1057; x_wconf 85' lang='lat' dir='ltr'>et.</span> <span class='ocrx_word' id='word_1_109' title='bbox 1491 1013 1630 1057; x_wconf 87' lang='lat' dir='ltr'>carnis</span> <span class='ocrx_word' id='word_1_110' title='bbox 1657 1028 1772 1057; x_wconf 92' lang='lat' dir='ltr'>unus</span> <span class='ocrx_word' id='word_1_111' title='bbox 1794 1021 1860 1057; x_wconf 89' lang='lat' dir='ltr'>est</span> 
     </span>
     <span class='ocr_line' id='line_1_13' title="bbox 466 1085 1854 1145; baseline -0.001 -16"><span class='ocrx_word' id='word_1_112' title='bbox 466 1085 633 1129; x_wconf 82' lang='lat' dir='ltr'>artifex.</span> <span class='ocrx_word' id='word_1_113' title='bbox 668 1089 765 1145; x_wconf 91' lang='lat' dir='ltr'>Ipse</span> <span class='ocrx_word' id='word_1_114' title='bbox 787 1085 966 1145; x_wconf 87' lang='lat' dir='ltr'>quando</span> <span class='ocrx_word' id='word_1_115' title='bbox 988 1085 1211 1129; x_wconf 90' lang='lat' dir='ltr'>hominem</span> <span class='ocrx_word' id='word_1_116' title='bbox 1236 1085 1419 1140; x_wconf 85' lang='lat' dir='ltr'>creavit,</span> <span class='ocrx_word' id='word_1_117' title='bbox 1454 1093 1691 1145; x_wconf 89' lang='lat' dir='ltr'>utrumque</span> <span class='ocrx_word' id='word_1_118' title='bbox 1723 1085 1854 1140; x_wconf 88' lang='lat' dir='ltr'>fecit,</span> 
     </span>
     <span class='ocr_line' id='line_1_14' title="bbox 468 1153 1859 1215; baseline 0.001 -17"><span class='ocrx_word' id='word_1_119' title='bbox 468 1164 708 1215; x_wconf 89' lang='lat' dir='ltr'>utrumque</span> <span class='ocrx_word' id='word_1_120' title='bbox 739 1156 964 1214; x_wconf 76' lang='lat' dir='ltr'>conjunxit</span> <span class='ocrx_word' id='word_1_121' title='bbox 991 1174 999 1198; x_wconf 91' lang='lat'>:</span> <span class='ocrx_word' id='word_1_122' title='bbox 1026 1170 1201 1198; x_wconf 90' lang='lat' dir='ltr'>carnem</span> <span class='ocrx_word' id='word_1_123' title='bbox 1230 1155 1384 1198; x_wconf 83' lang='lat' dir='ltr'>animae</span> <span class='ocrx_word' id='word_1_124' title='bbox 1413 1153 1631 1209; x_wconf 86' lang='lat' dir='ltr'>subdidit,</span> <span class='ocrx_word' id='word_1_125' title='bbox 1670 1155 1859 1199; x_wconf 87' lang='lat' dir='ltr'>animam</span> 
     </span>
     <span class='ocr_line' id='line_1_15' title="bbox 466 1223 1860 1285; baseline 0.001 -17"><span class='ocrx_word' id='word_1_126' title='bbox 466 1225 564 1269; x_wconf 89' lang='lat' dir='ltr'>sibi.</span> <span class='ocrx_word' id='word_1_127' title='bbox 594 1226 636 1269; x_wconf 91' lang='lat' dir='ltr'>Si</span> <span class='ocrx_word' id='word_1_128' title='bbox 659 1240 829 1284; x_wconf 86' lang='lat' dir='ltr'>semper</span> <span class='ocrx_word' id='word_1_129' title='bbox 850 1223 925 1268; x_wconf 90' lang='lat' dir='ltr'>illa</span> <span class='ocrx_word' id='word_1_130' title='bbox 940 1234 1072 1269; x_wconf 87' lang='lat' dir='ltr'>staret</span> <span class='ocrx_word' id='word_1_131' title='bbox 1086 1225 1167 1267; x_wconf 85' lang='lat' dir='ltr'>sub</span> <span class='ocrx_word' id='word_1_132' title='bbox 1191 1225 1379 1268; x_wconf 89' lang='lat' dir='ltr'>Domino</span> <span class='ocrx_word' id='word_1_133' title='bbox 1400 1240 1500 1280; x_wconf 89' lang='lat' dir='ltr'>suo,</span> <span class='ocrx_word' id='word_1_134' title='bbox 1527 1239 1696 1285; x_wconf 89' lang='lat' dir='ltr'>semper</span> <span class='ocrx_word' id='word_1_135' title='bbox 1717 1234 1760 1269; x_wconf 90' lang='lat' dir='ltr'>et</span> <span class='ocrx_word' id='word_1_136' title='bbox 1780 1227 1860 1271; x_wconf 85' lang='lat' dir='ltr'>ista</span> 
     </span>
     <span class='ocr_line' id='line_1_16' title="bbox 467 1294 1860 1355; baseline 0 -15"><span class='ocrx_word' id='word_1_137' title='bbox 467 1295 665 1340; x_wconf 88' lang='lat' dir='ltr'>obediret</span> <span class='ocrx_word' id='word_1_138' title='bbox 683 1294 874 1339; x_wconf 86' lang='lat' dir='ltr'>dominae</span> <span class='ocrx_word' id='word_1_139' title='bbox 896 1310 1000 1339; x_wconf 85' lang='lat' dir='ltr'>suae.</span> <span class='ocrx_word' id='word_1_140' title='bbox 1032 1294 1131 1340; x_wconf 93' lang='lat' dir='ltr'>Noli</span> <span class='ocrx_word' id='word_1_141' title='bbox 1154 1309 1256 1354; x_wconf 90' lang='lat' dir='ltr'>ergo</span> <span class='ocrx_word' id='word_1_142' title='bbox 1287 1295 1458 1351; x_wconf 89' lang='lat' dir='ltr'>mirari,</span> <span class='ocrx_word' id='word_1_143' title='bbox 1483 1296 1517 1339; x_wconf 91' lang='lat' dir='ltr'>si</span> <span class='ocrx_word' id='word_1_144' title='bbox 1543 1311 1593 1339; x_wconf 88' lang='lat' dir='ltr'>ea</span> <span class='ocrx_word' id='word_1_145' title='bbox 1615 1311 1714 1355; x_wconf 86' lang='lat' dir='ltr'>quae</span> <span class='ocrx_word' id='word_1_146' title='bbox 1734 1298 1860 1340; x_wconf 88' lang='lat' dir='ltr'>dese-</span> 
     </span>
     <span class='ocr_line' id='line_1_17' title="bbox 469 1364 1860 1425; baseline 0.001 -15"><span class='ocrx_word' id='word_1_147' title='bbox 469 1367 557 1410; x_wconf 90' lang='lat' dir='ltr'>ruit</span> <span class='ocrx_word' id='word_1_148' title='bbox 599 1366 865 1425; x_wconf 87' lang='lat' dir='ltr'>superiorem</span> <span class='ocrx_word' id='word_1_149' title='bbox 883 1400 893 1420; x_wconf 94' lang='lat'>,</span> <span class='ocrx_word' id='word_1_150' title='bbox 945 1379 1097 1423; x_wconf 85' lang='lat' dir='ltr'>poenas</span> <span class='ocrx_word' id='word_1_151' title='bbox 1127 1365 1291 1423; x_wconf 87' lang='lat' dir='ltr'>patitur</span> <span class='ocrx_word' id='word_1_152' title='bbox 1325 1380 1403 1424; x_wconf 89' lang='lat' dir='ltr'>per</span> <span class='ocrx_word' id='word_1_153' title='bbox 1438 1364 1705 1411; x_wconf 86' lang='lat' dir='ltr'>inferiorem.</span> <span class='ocrx_word' id='word_1_154' title='bbox 1749 1368 1860 1411; x_wconf 88' lang='lat' dir='ltr'>Caro</span> 
     </span>
     <span class='ocr_line' id='line_1_18' title="bbox 470 1434 1860 1495; baseline -0.001 -14"><span class='ocrx_word' id='word_1_155' title='bbox 470 1437 587 1481; x_wconf 90' lang='lat' dir='ltr'>enim</span> <span class='ocrx_word' id='word_1_156' title='bbox 609 1436 879 1495; x_wconf 87' lang='lat' dir='ltr'>concupiscit</span> <span class='ocrx_word' id='word_1_157' title='bbox 900 1434 1104 1479; x_wconf 85' lang='lat' dir='ltr'>adversus</span> <span class='ocrx_word' id='word_1_158' title='bbox 1142 1435 1364 1494; x_wconf 89' lang='lat' dir='ltr'>spiritum,</span> <span class='ocrx_word' id='word_1_159' title='bbox 1402 1436 1575 1495; x_wconf 90' lang='lat' dir='ltr'>spiritus</span> <span class='ocrx_word' id='word_1_160' title='bbox 1597 1445 1742 1480; x_wconf 86' lang='lat' dir='ltr'>autem</span> <span class='ocrx_word' id='word_1_161' title='bbox 1780 1436 1860 1481; x_wconf 90' lang='lat' dir='ltr'>ad-</span> 
     </span>
     <span class='ocr_line' id='line_1_19' title="bbox 467 1505 1857 1566; baseline 0 -16"><span class='ocrx_word' id='word_1_162' title='bbox 467 1523 616 1551; x_wconf 87' lang='lat' dir='ltr'>versus</span> <span class='ocrx_word' id='word_1_163' title='bbox 637 1509 852 1549; x_wconf 80' lang='lat' dir='ltr'>carnem1.</span> <span class='ocrx_word' id='word_1_164' title='bbox 874 1525 894 1546; x_wconf 90' lang='lat'>«</span> <span class='ocrx_word' id='word_1_165' title='bbox 915 1508 1019 1548; x_wconf 82' lang='lat' dir='ltr'>Haec</span> <span class='ocrx_word' id='word_1_166' title='bbox 1033 1506 1165 1560; x_wconf 89' lang='lat' dir='ltr'>enim,</span> <span class='ocrx_word' id='word_1_167' title='bbox 1182 1505 1341 1566; x_wconf 91' lang='lat' dir='ltr'>inquit,</span> <span class='ocrx_word' id='word_1_168' title='bbox 1359 1506 1541 1551; x_wconf 91' lang='lat' dir='ltr'>invicem</span> <span class='ocrx_word' id='word_1_169' title='bbox 1558 1507 1857 1563; x_wconf 82' lang='lat' dir='ltr'>adversantur,</span> 
     </span>
     <span class='ocr_line' id='line_1_20' title="bbox 469 1573 1861 1636; baseline 0.003 -18"><span class='ocrx_word' id='word_1_170' title='bbox 469 1595 491 1618; x_wconf 91' lang='lat'>»</span> <span class='ocrx_word' id='word_1_171' title='bbox 517 1585 568 1620; x_wconf 91' lang='lat' dir='ltr'>ut</span> <span class='ocrx_word' id='word_1_172' title='bbox 586 1591 676 1620; x_wconf 88' lang='lat' dir='ltr'>non</span> <span class='ocrx_word' id='word_1_173' title='bbox 698 1591 746 1620; x_wconf 89' lang='lat' dir='ltr'>ea</span> <span class='ocrx_word' id='word_1_174' title='bbox 765 1590 865 1635; x_wconf 78' lang='lat' dir='ltr'>quae</span> <span class='ocrx_word' id='word_1_175' title='bbox 886 1573 1018 1618; x_wconf 87' lang='lat' dir='ltr'>vultis</span> <span class='ocrx_word' id='word_1_176' title='bbox 1041 1573 1259 1618; x_wconf 79' lang='lat' dir='ltr'>faciatis.»</span> <span class='ocrx_word' id='word_1_177' title='bbox 1281 1575 1389 1619; x_wconf 92' lang='lat' dir='ltr'>Inde</span> <span class='ocrx_word' id='word_1_178' title='bbox 1412 1585 1456 1620; x_wconf 90' lang='lat' dir='ltr'>et</span> <span class='ocrx_word' id='word_1_179' title='bbox 1477 1576 1572 1631; x_wconf 89' lang='lat' dir='ltr'>iste,</span> <span class='ocrx_word' id='word_1_180' title='bbox 1590 1578 1717 1621; x_wconf 91' lang='lat' dir='ltr'>«Non</span> <span class='ocrx_word' id='word_1_181' title='bbox 1739 1576 1861 1636; x_wconf 92' lang='lat' dir='ltr'>quod</span> 
     </span>
     <span class='ocr_line' id='line_1_21' title="bbox 469 1644 1857 1705; baseline 0.003 -18"><span class='ocrx_word' id='word_1_182' title='bbox 469 1665 491 1687; x_wconf 85' lang='lat'>»</span> <span class='ocrx_word' id='word_1_183' title='bbox 527 1644 628 1691; x_wconf 89' lang='lat' dir='ltr'>volo</span> <span class='ocrx_word' id='word_1_184' title='bbox 647 1660 742 1704; x_wconf 85' lang='lat' dir='ltr'>ago.</span> <span class='ocrx_word' id='word_1_185' title='bbox 773 1663 794 1686; x_wconf 89' lang='lat'>»</span> <span class='ocrx_word' id='word_1_186' title='bbox 820 1645 1100 1704; x_wconf 91' lang='lat' dir='ltr'>Concupiscit</span> <span class='ocrx_word' id='word_1_187' title='bbox 1124 1646 1241 1688; x_wconf 87' lang='lat' dir='ltr'>enim</span> <span class='ocrx_word' id='word_1_188' title='bbox 1278 1660 1378 1690; x_wconf 91' lang='lat' dir='ltr'>caro</span> <span class='ocrx_word' id='word_1_189' title='bbox 1401 1645 1605 1690; x_wconf 80' lang='lat' dir='ltr'>adversus</span> <span class='ocrx_word' id='word_1_190' title='bbox 1627 1647 1826 1705; x_wconf 88' lang='lat' dir='ltr'>spiritum</span> <span class='ocrx_word' id='word_1_191' title='bbox 1845 1681 1857 1702; x_wconf 92' lang='lat'>,</span> 
     </span>
     <span class='ocr_line' id='line_1_22' title="bbox 468 1714 1924 1773; baseline 0.002 -13"><span class='ocrx_word' id='word_1_192' title='bbox 468 1726 512 1761; x_wconf 93' lang='lat' dir='ltr'>et</span> <span class='ocrx_word' id='word_1_193' title='bbox 529 1715 632 1760; x_wconf 93' lang='lat' dir='ltr'>nolo</span> <span class='ocrx_word' id='word_1_194' title='bbox 650 1715 928 1772; x_wconf 81' lang='lat' dir='ltr'>concupiscat</span> <span class='ocrx_word' id='word_1_195' title='bbox 948 1733 955 1757; x_wconf 92' lang='lat'>:</span> <span class='ocrx_word' id='word_1_196' title='bbox 973 1729 1052 1772; x_wconf 86' lang='lat' dir='ltr'>pro</span> <span class='ocrx_word' id='word_1_197' title='bbox 1070 1729 1230 1772; x_wconf 81' lang='lat' dir='ltr'>magno</span> <span class='ocrx_word' id='word_1_198' title='bbox 1246 1716 1402 1770; x_wconf 78' lang='lat' dir='ltr'>haheo,</span> <span class='ocrx_word' id='word_1_199' title='bbox 1421 1717 1453 1760; x_wconf 88' lang='lat' dir='ltr'>si</span> <span class='ocrx_word' id='word_1_200' title='bbox 1473 1732 1559 1760; x_wconf 90' lang='lat' dir='ltr'>non</span> <span class='ocrx_word' id='word_1_201' title='bbox 1574 1717 1857 1773; x_wconf 87' lang='lat' dir='ltr'>consentiam,</span> <span class='ocrx_word' id='word_1_202' title='bbox 1922 1714 1924 1763; x_wconf 68' lang='lat' dir='ltr'>J</span> 
     </span>
     <span class='ocr_line' id='line_1_23' title="bbox 469 1785 1860 1845; baseline 0.001 -14"><span class='ocrx_word' id='word_1_203' title='bbox 469 1795 576 1845; x_wconf 91' lang='lat' dir='ltr'>opto</span> <span class='ocrx_word' id='word_1_204' title='bbox 598 1794 745 1829; x_wconf 88' lang='lat' dir='ltr'>tamen</span> <span class='ocrx_word' id='word_1_205' title='bbox 763 1793 812 1828; x_wconf 91' lang='lat' dir='ltr'>ut</span> <span class='ocrx_word' id='word_1_206' title='bbox 829 1798 1013 1827; x_wconf 85' lang='lat' dir='ltr'>caream.</span> <span class='ocrx_word' id='word_1_207' title='bbox 1032 1786 1163 1841; x_wconf 84' lang='lat' dir='ltr'>Ergo,</span> <span class='ocrx_word' id='word_1_208' title='bbox 1187 1787 1321 1829; x_wconf 88' lang='lat' dir='ltr'>«Non</span> <span class='ocrx_word' id='word_1_209' title='bbox 1337 1785 1457 1844; x_wconf 94' lang='lat' dir='ltr'>quod</span> <span class='ocrx_word' id='word_1_210' title='bbox 1472 1785 1571 1831; x_wconf 91' lang='lat' dir='ltr'>volo</span> <span class='ocrx_word' id='word_1_211' title='bbox 1589 1801 1684 1845; x_wconf 83' lang='lat' dir='ltr'>ago.</span> <span class='ocrx_word' id='word_1_212' title='bbox 1707 1805 1727 1828; x_wconf 89' lang='lat'>»</span> <span class='ocrx_word' id='word_1_213' title='bbox 1749 1788 1860 1832; x_wconf 88' lang='lat' dir='ltr'>Volo</span> 
     </span>
     <span class='ocr_line' id='line_1_24' title="bbox 469 1854 1860 1915; baseline 0.001 -14"><span class='ocrx_word' id='word_1_214' title='bbox 469 1857 586 1901; x_wconf 88' lang='lat' dir='ltr'>enim</span> <span class='ocrx_word' id='word_1_215' title='bbox 609 1866 659 1900; x_wconf 92' lang='lat' dir='ltr'>ut</span> <span class='ocrx_word' id='word_1_216' title='bbox 680 1871 769 1899; x_wconf 90' lang='lat' dir='ltr'>non</span> <span class='ocrx_word' id='word_1_217' title='bbox 790 1855 1068 1913; x_wconf 87' lang='lat' dir='ltr'>concupiscat</span> <span class='ocrx_word' id='word_1_218' title='bbox 1091 1870 1191 1898; x_wconf 86' lang='lat' dir='ltr'>caro</span> <span class='ocrx_word' id='word_1_219' title='bbox 1214 1854 1418 1899; x_wconf 89' lang='lat' dir='ltr'>adversus</span> <span class='ocrx_word' id='word_1_220' title='bbox 1448 1857 1647 1915; x_wconf 89' lang='lat' dir='ltr'>spiritum</span> <span class='ocrx_word' id='word_1_221' title='bbox 1663 1892 1674 1912; x_wconf 87' lang='lat'>,</span> <span class='ocrx_word' id='word_1_222' title='bbox 1700 1867 1743 1902; x_wconf 88' lang='lat' dir='ltr'>et</span> <span class='ocrx_word' id='word_1_223' title='bbox 1768 1873 1860 1903; x_wconf 90' lang='lat' dir='ltr'>non</span> 
     </span>
     <span class='ocr_line' id='line_1_25' title="bbox 470 1924 1750 1988; baseline -0.002 -17"><span class='ocrx_word' id='word_1_224' title='bbox 470 1942 644 1988; x_wconf 83' lang='lat' dir='ltr'>possum</span> <span class='ocrx_word' id='word_1_225' title='bbox 667 1946 675 1971; x_wconf 88' lang='lat'>·.</span> <span class='ocrx_word' id='word_1_226' title='bbox 707 1927 790 1970; x_wconf 93' lang='lat' dir='ltr'>hoc</span> <span class='ocrx_word' id='word_1_227' title='bbox 814 1935 878 1969; x_wconf 89' lang='lat' dir='ltr'>est</span> <span class='ocrx_word' id='word_1_228' title='bbox 895 1924 1015 1985; x_wconf 90' lang='lat' dir='ltr'>quod</span> <span class='ocrx_word' id='word_1_229' title='bbox 1033 1924 1146 1979; x_wconf 83' lang='lat' dir='ltr'>dixi,</span> <span class='ocrx_word' id='word_1_230' title='bbox 1175 1943 1194 1966; x_wconf 90' lang='lat'>«</span> <span class='ocrx_word' id='word_1_231' title='bbox 1218 1928 1316 1970; x_wconf 90' lang='lat' dir='ltr'>Non</span> <span class='ocrx_word' id='word_1_232' title='bbox 1341 1927 1461 1985; x_wconf 91' lang='lat' dir='ltr'>quod</span> <span class='ocrx_word' id='word_1_233' title='bbox 1486 1927 1586 1972; x_wconf 88' lang='lat' dir='ltr'>volo</span> <span class='ocrx_word' id='word_1_234' title='bbox 1606 1943 1701 1987; x_wconf 84' lang='lat' dir='ltr'>ago.</span> <span class='ocrx_word' id='word_1_235' title='bbox 1732 1947 1750 1969; x_wconf 90' lang='lat'>»</span> 
     </span>
    </p>

    <p class='ocr_par' dir='ltr' id='par_1_2' title="bbox 468 1993 1861 2556">
     <span class='ocr_line' id='line_1_26' title="bbox 528 1993 1859 2058; baseline 0.001 -16"><span class='ocrx_word' id='word_1_236' title='bbox 528 2000 582 2042; x_wconf 90' lang='lat' dir='ltr'>V.</span> <span class='ocrx_word' id='word_1_237' title='bbox 605 1995 716 2050; x_wconf 84' lang='lat' dir='ltr'>Quid</span> <span class='ocrx_word' id='word_1_238' title='bbox 748 1995 856 2039; x_wconf 87' lang='lat' dir='ltr'>mihi</span> <span class='ocrx_word' id='word_1_239' title='bbox 877 1995 947 2039; x_wconf 88' lang='lat' dir='ltr'>hic</span> <span class='ocrx_word' id='word_1_240' title='bbox 975 1993 1285 2039; x_wconf 79' lang='lat' dir='ltr'>calumniaris?</span> <span class='ocrx_word' id='word_1_241' title='bbox 1309 1998 1400 2053; x_wconf 85' lang='lat' dir='ltr'>Ego</span> <span class='ocrx_word' id='word_1_242' title='bbox 1421 1996 1519 2041; x_wconf 91' lang='lat' dir='ltr'>dico</span> <span class='ocrx_word' id='word_1_243' title='bbox 1535 2032 1545 2051; x_wconf 93' lang='lat'>,</span> <span class='ocrx_word' id='word_1_244' title='bbox 1577 2017 1596 2038; x_wconf 91' lang='lat'>«</span> <span class='ocrx_word' id='word_1_245' title='bbox 1620 2000 1716 2043; x_wconf 90' lang='lat' dir='ltr'>Non</span> <span class='ocrx_word' id='word_1_246' title='bbox 1739 1998 1859 2058; x_wconf 89' lang='lat' dir='ltr'>quod</span> 
     </span>
     <span class='ocr_line' id='line_1_27' title="bbox 472 2065 1861 2127; baseline 0 -15"><span class='ocrx_word' id='word_1_247' title='bbox 472 2089 492 2112; x_wconf 93' lang='lat'>»</span> <span class='ocrx_word' id='word_1_248' title='bbox 528 2069 628 2113; x_wconf 90' lang='lat' dir='ltr'>volo</span> <span class='ocrx_word' id='word_1_249' title='bbox 645 2083 726 2127; x_wconf 78' lang='lat' dir='ltr'>ago</span> <span class='ocrx_word' id='word_1_250' title='bbox 748 2086 756 2111; x_wconf 78' lang='grc' dir='ltr'>ι</span> <span class='ocrx_word' id='word_1_251' title='bbox 777 2085 797 2108; x_wconf 87' lang='lat'>»</span> <span class='ocrx_word' id='word_1_252' title='bbox 824 2075 868 2110; x_wconf 91' lang='lat' dir='ltr'>et</span> <span class='ocrx_word' id='word_1_253' title='bbox 882 2075 931 2110; x_wconf 87' lang='lat' dir='ltr'>tu</span> <span class='ocrx_word' id='word_1_254' title='bbox 949 2065 1070 2120; x_wconf 90' lang='lat' dir='ltr'>dicis,</span> <span class='ocrx_word' id='word_1_255' title='bbox 1092 2066 1218 2118; x_wconf 84' lang='lat' dir='ltr'>Quod</span> <span class='ocrx_word' id='word_1_256' title='bbox 1232 2067 1293 2110; x_wconf 90' lang='lat' dir='ltr'>vis</span> <span class='ocrx_word' id='word_1_257' title='bbox 1313 2067 1415 2125; x_wconf 83' lang='lat' dir='ltr'>agis.</span> <span class='ocrx_word' id='word_1_258' title='bbox 1439 2067 1554 2120; x_wconf 88' lang='lat' dir='ltr'>Quid</span> <span class='ocrx_word' id='word_1_259' title='bbox 1572 2068 1679 2112; x_wconf 88' lang='lat' dir='ltr'>mihi</span> <span class='ocrx_word' id='word_1_260' title='bbox 1694 2067 1861 2112; x_wconf 87' lang='lat' dir='ltr'>calum-</span> 
     </span>
     <span class='ocr_line' id='line_1_28' title="bbox 469 2135 1859 2197; baseline -0.001 -13"><span class='ocrx_word' id='word_1_261' title='bbox 469 2141 631 2186; x_wconf 72' lang='lat' dir='ltr'>niaris?</span> <span class='ocrx_word' id='word_1_262' title='bbox 667 2142 841 2197; x_wconf 83' lang='lat' dir='ltr'>Ingrate</span> <span class='ocrx_word' id='word_1_263' title='bbox 863 2135 1033 2181; x_wconf 81' lang='lat' dir='ltr'>medico</span> <span class='ocrx_word' id='word_1_264' title='bbox 1051 2172 1061 2191; x_wconf 90' lang='lat'>‚</span> <span class='ocrx_word' id='word_1_265' title='bbox 1087 2136 1195 2197; x_wconf 90' lang='lat' dir='ltr'>quid</span> <span class='ocrx_word' id='word_1_266' title='bbox 1217 2137 1492 2181; x_wconf 85' lang='lat' dir='ltr'>calumniaris</span> <span class='ocrx_word' id='word_1_267' title='bbox 1525 2139 1729 2183; x_wconf 73' lang='lat' dir='ltr'>infirmo?</span> <span class='ocrx_word' id='word_1_268' title='bbox 1759 2139 1859 2184; x_wconf 90' lang='lat' dir='ltr'>Sine</span> 
     </span>
     <span class='ocr_line' id='line_1_29' title="bbox 470 2207 1854 2268; baseline -0.002 -11"><span class='ocrx_word' id='word_1_269' title='bbox 470 2222 519 2257; x_wconf 92' lang='lat' dir='ltr'>ut</span> <span class='ocrx_word' id='word_1_270' title='bbox 542 2210 761 2256; x_wconf 83' lang='lat' dir='ltr'>medicum</span> <span class='ocrx_word' id='word_1_271' title='bbox 782 2223 947 2268; x_wconf 83' lang='lat' dir='ltr'>rogem.</span> <span class='ocrx_word' id='word_1_272' title='bbox 978 2227 998 2250; x_wconf 94' lang='lat'>«</span> <span class='ocrx_word' id='word_1_273' title='bbox 1020 2207 1201 2252; x_wconf 86' lang='lat' dir='ltr'>Redime</span> <span class='ocrx_word' id='word_1_274' title='bbox 1220 2223 1287 2252; x_wconf 89' lang='lat' dir='ltr'>me</span> <span class='ocrx_word' id='word_1_275' title='bbox 1304 2224 1327 2252; x_wconf 91' lang='lat' dir='ltr'>a</span> <span class='ocrx_word' id='word_1_276' title='bbox 1350 2209 1578 2253; x_wconf 85' lang='lat' dir='ltr'>calumniis</span> <span class='ocrx_word' id='word_1_277' title='bbox 1599 2210 1825 2254; x_wconf 88' lang='lat' dir='ltr'>hominum</span> <span class='ocrx_word' id='word_1_278' title='bbox 1843 2245 1854 2266; x_wconf 92' lang='lat'>,</span> 
     </span>
     <span class='ocr_line' id='line_1_30' title="bbox 470 2279 1855 2340; baseline -0.001 -14"><span class='ocrx_word' id='word_1_279' title='bbox 470 2303 492 2326; x_wconf 89' lang='lat'>»</span> <span class='ocrx_word' id='word_1_280' title='bbox 527 2293 570 2327; x_wconf 85' lang='lat' dir='ltr'>et</span> <span class='ocrx_word' id='word_1_281' title='bbox 601 2281 832 2326; x_wconf 86' lang='lat' dir='ltr'>custodibo</span> <span class='ocrx_word' id='word_1_282' title='bbox 859 2279 999 2338; x_wconf 88' lang='lat' dir='ltr'>legem</span> <span class='ocrx_word' id='word_1_283' title='bbox 1026 2283 1188 2323; x_wconf 75' lang='lat' dir='ltr'>tuam2.</span> <span class='ocrx_word' id='word_1_284' title='bbox 1218 2298 1237 2320; x_wconf 91' lang='lat'>»</span> <span class='ocrx_word' id='word_1_285' title='bbox 1269 2280 1512 2325; x_wconf 89' lang='lat' dir='ltr'>Custodibo</span> <span class='ocrx_word' id='word_1_286' title='bbox 1539 2296 1616 2340; x_wconf 90' lang='lat' dir='ltr'>per</span> <span class='ocrx_word' id='word_1_287' title='bbox 1651 2281 1855 2340; x_wconf 87' lang='lat' dir='ltr'>redemp—</span> 
     </span>
     <span class='ocr_line' id='line_1_31' title="bbox 471 2350 1856 2409; baseline -0.003 -10"><span class='ocrx_word' id='word_1_288' title='bbox 471 2355 634 2399; x_wconf 88' lang='lat' dir='ltr'>tionem</span> <span class='ocrx_word' id='word_1_289' title='bbox 656 2362 797 2407; x_wconf 88' lang='lat' dir='ltr'>tuam,</span> <span class='ocrx_word' id='word_1_290' title='bbox 822 2366 910 2395; x_wconf 92' lang='lat' dir='ltr'>non</span> <span class='ocrx_word' id='word_1_291' title='bbox 934 2365 1010 2409; x_wconf 90' lang='lat' dir='ltr'>per</span> <span class='ocrx_word' id='word_1_292' title='bbox 1032 2358 1288 2408; x_wconf 85' lang='lat' dir='ltr'>potestatem</span> <span class='ocrx_word' id='word_1_293' title='bbox 1306 2365 1460 2394; x_wconf 83' lang='lat' dir='ltr'>meam.</span> <span class='ocrx_word' id='word_1_294' title='bbox 1489 2350 1593 2395; x_wconf 93' lang='lat' dir='ltr'>Ideo</span> <span class='ocrx_word' id='word_1_295' title='bbox 1615 2351 1721 2395; x_wconf 88' lang='lat' dir='ltr'>mihi</span> <span class='ocrx_word' id='word_1_296' title='bbox 1742 2352 1856 2395; x_wconf 84' lang='lat' dir='ltr'>sani-</span> 
     </span>
     <span class='ocr_line' id='line_1_32' title="bbox 468 2421 1854 2484; baseline -0.003 -14"><span class='ocrx_word' id='word_1_297' title='bbox 468 2435 602 2470; x_wconf 81' lang='lat' dir='ltr'>tatem</span> <span class='ocrx_word' id='word_1_298' title='bbox 619 2459 629 2480; x_wconf 90' lang='lat'>,</span> <span class='ocrx_word' id='word_1_299' title='bbox 656 2439 785 2484; x_wconf 88' lang='lat' dir='ltr'>quam</span> <span class='ocrx_word' id='word_1_300' title='bbox 810 2421 1006 2466; x_wconf 89' lang='lat' dir='ltr'>nondum</span> <span class='ocrx_word' id='word_1_301' title='bbox 1026 2421 1189 2476; x_wconf 87' lang='lat' dir='ltr'>habeo,</span> <span class='ocrx_word' id='word_1_302' title='bbox 1209 2437 1298 2465; x_wconf 90' lang='lat' dir='ltr'>non</span> <span class='ocrx_word' id='word_1_303' title='bbox 1313 2437 1491 2480; x_wconf 81' lang='lat' dir='ltr'>arrogo3</span> <span class='ocrx_word' id='word_1_304' title='bbox 1516 2423 1617 2481; x_wconf 90' lang='lat' dir='ltr'>quia</span> <span class='ocrx_word' id='word_1_305' title='bbox 1637 2422 1854 2467; x_wconf 88' lang='lat' dir='ltr'>medicum</span> 
     </span>
     <span class='ocr_line' id='line_1_33' title="bbox 469 2491 1854 2556; baseline -0.002 -15"><span class='ocrx_word' id='word_1_306' title='bbox 469 2512 592 2556; x_wconf 84' lang='lat' dir='ltr'>rogo.</span> <span class='ocrx_word' id='word_1_307' title='bbox 621 2499 686 2539; x_wconf 87' lang='lat' dir='ltr'>Tu</span> <span class='ocrx_word' id='word_1_308' title='bbox 709 2503 853 2540; x_wconf 80' lang='lat' dir='ltr'>autem</span> <span class='ocrx_word' id='word_1_309' title='bbox 876 2502 1043 2537; x_wconf 83' lang='lat' dir='ltr'>naturae</span> <span class='ocrx_word' id='word_1_310' title='bbox 1057 2491 1280 2549; x_wconf 70' lang='lat' dir='ltr'>defensor,</span> <span class='ocrx_word' id='word_1_311' title='bbox 1301 2492 1419 2552; x_wconf 84' lang='lat' dir='ltr'>quod</span> <span class='ocrx_word' id='word_1_312' title='bbox 1436 2492 1601 2537; x_wconf 88' lang='lat' dir='ltr'>utinam</span> <span class='ocrx_word' id='word_1_313' title='bbox 1620 2507 1744 2549; x_wconf 80' lang='lat' dir='ltr'>esseS,</span> <span class='ocrx_word' id='word_1_314' title='bbox 1766 2508 1854 2538; x_wconf 89' lang='lat' dir='ltr'>non</span> 
     </span>
    </p>
   </div>
   <div class='ocr_carea' id='block_1_2' title="bbox 522 2575 1188 2623">
    <p class='ocr_par' dir='ltr' id='par_1_3' title="bbox 522 2575 1188 2623">
     <span class='ocr_line' id='line_1_34' title="bbox 522 2575 1188 2623; baseline -0.011 -9"><span class='ocrx_word' id='word_1_315' title='bbox 522 2589 529 2604; x_wconf 90' lang='lat'><em>¹</em></span> <span class='ocrx_word' id='word_1_316' title='bbox 551 2582 654 2615; x_wconf 71' lang='lat' dir='ltr'>Galat.</span> <span class='ocrx_word' id='word_1_317' title='bbox 673 2593 705 2622; x_wconf 86' lang='lat' dir='ltr'>v,</span> <span class='ocrx_word' id='word_1_318' title='bbox 732 2592 781 2623; x_wconf 63' lang='grc' dir='ltr'>ις.</span> <span class='ocrx_word' id='word_1_319' title='bbox 807 2597 846 2601; x_wconf 92' lang='lat'>-—-</span> <span class='ocrx_word' id='word_1_320' title='bbox 863 2586 875 2601; x_wconf 86' lang='lat'>²</span> <span class='ocrx_word' id='word_1_321' title='bbox 898 2578 975 2610; x_wconf 71' lang='lat' dir='ltr'>Psai.</span> <span class='ocrx_word' id='word_1_322' title='bbox 995 2588 1096 2618; x_wconf 67' lang='lat' dir='ltr'>cxviii,</span> <span class='ocrx_word' id='word_1_323' title='bbox 1119 2575 1188 2619; x_wconf 56' lang='lat'>1312.</span> 
     </span>
    </p>
   </div>
  </div>
 </body>
</html>
