1924 3309
463 243 515 281 58
892 252 926 283 s.
963 253 1194 284 Aueus‘rml
1228 255 1415 283 muscom

461 329 504 364 et
526 334 675 379 pacem
702 320 865 379 Spiritu
888 329 1034 365 sancto
1056 319 1297 372 intellecto,
1313 320 1449 365 Patris
1471 327 1514 364 et
1535 318 1633 363 Filii
1654 328 1847 363 comme-

461 390 645 435 moratio
677 390 871 435 animum
898 390 953 434 de
989 391 1196 435 Trinitate
1219 399 1510 435 commoneat.
1536 392 1594 434 Et
1622 389 1667 433 in
1689 388 1773 433 alia
1788 390 1848 434 sic

461 461 549 505 ait:
579 479 599 504 «
626 460 771 505 Gratia
807 461 931 505 vobis
965 471 1008 505 et
1034 476 1116 519 pax
1146 461 1462 520 multiplicetur
1484 461 1530 504 in
1552 459 1847 518 recognitione

462 547 483 571 »
518 530 597 574 Dei
618 539 661 574 et
682 530 842 575 Christi
879 533 982 574 Jesu
1014 530 1186 574 Domini
1222 532 1403 575 nostri&
1433 548 1453 572 »
1480 532 1670 573 Joannes
1702 537 1848 574 autem

460 600 605 643 nescio
627 615 759 660 quam
776 601 834 644 ob
858 615 1031 644 causam
1060 600 1174 644 misit
1197 600 1279 644 tale
1300 600 1563 659 principium
1584 619 1595 656 3
1620 597 1696 643 sed
1718 599 1848 657 plane

462 670 680 714 Trinitatis
700 671 1158 716 commemorationem
1187 686 1267 716 nec
1289 672 1378 730 ipse
1403 670 1590 728 neglexit
1612 685 1690 729 pro
1713 669 1848 728 gratia

459 749 503 784 et
532 755 637 799 pace
652 775 662 795 ,
689 740 939 784 societatem
968 740 1250 799 interponens
1274 759 1284 785 :
1309 760 1329 782 «
1353 740 1483 794 Quod
1505 755 1608 799 ergo
1629 739 1818 784 vidimus
1833 774 1844 795 ‚

462 828 481 852 »
517 811 678 871 inquit,
708 811 960 855 nuntiamus
975 820 1018 855 et
1033 812 1173 866 vobis,
1194 820 1244 855 ut
1265 820 1308 856 et
1324 827 1400 856 vos
1417 811 1671 855 societatem
1687 810 1849 855 habea-

462 898 483 922 »
519 883 572 924 tis
598 881 826 925 nobiseum
846 915 857 936 ,
882 890 926 925 et
953 881 1133 925 societas
1157 891 1303 926 nostra
1320 882 1374 925 sit
1394 896 1495 925 cum
1519 884 1643 925 Patre
1672 889 1715 924 et
1738 880 1848 924 Filio

462 968 482 992 »
518 952 608 1009 ejus
631 954 736 995 Jesu
757 951 931 996 Christo
950 953 1029 995 ².-»
1058 955 1108 996 In
1130 951 1319 996 secunda
1342 967 1445 997 vero
1462 950 1544 995 illis
1565 966 1664 1010 quae
1692 949 1749 994 ad
1774 951 1847 994 Ti-

459 1022 686 1066 motheum
704 1031 804 1066 sunt
827 1033 1064 1078 consonat,
1089 1022 1236 1068 dicens
1263 1043 1271 1068 :
1304 1043 1324 1066 «
1352 1024 1413 1068 Sit
1436 1022 1660 1067 vobiscum
1682 1022 1816 1080 gratia
1834 1057 1845 1077 ‚

463 1110 482 1133 »
517 1093 807 1137 misericordia
826 1128 837 1148 ‚
874 1109 979 1152 pax,
1014 1110 1037 1137 a
1072 1097 1160 1138 Deo
1183 1097 1308 1138 Patre
1341 1103 1384 1137 et
1411 1095 1514 1138 Jesu
1538 1093 1711 1138 Christo
1736 1092 1845 1136 Filio

460 1163 596 1206 Patris
612 1166 642 1206 ³.
659 1181 678 1204 »
700 1166 751 1206 In
768 1164 904 1207 tertiae
924 1165 1137 1223 principio
1154 1163 1209 1208 de
1234 1165 1442 1208 Trinitate
1463 1164 1635 1223 penitus
1657 1172 1843 1218 tacetur,

458 1232 617 1286 credo,
653 1234 773 1292 quod
806 1235 860 1278 sit
897 1235 1075 1279 omnino
1109 1235 1374 1279 brevissima.
1404 1236 1471 1279 Sic
1511 1235 1628 1278 enim
1662 1233 1844 1293 incipit:

462 1321 482 1344 «
519 1304 669 1346 Senior
686 1304 793 1348 Gaio
816 1304 1110 1360 dilectissimo,
1127 1320 1259 1364 quem
1282 1320 1360 1362 ego
1382 1304 1516 1362 diligo
1532 1305 1574 1348 in
1593 1304 1845 1348 veritate4.»

458 1372 599 1423 Quam
632 1374 858 1415 veritatem
885 1389 964 1430 pro
992 1375 1083 1431 ipsa
1120 1375 1329 1417 Trinitate
1351 1375 1536 1433 positam
1560 1382 1683 1432 puto.
1711 1372 1847 1417 Judas

458 1441 684 1485 nominato
719 1445 807 1485 Deo
831 1445 956 1485 Patre
984 1452 1027 1486 et
1058 1444 1244 1488 Domino
1269 1446 1372 1487 Jesu
1404 1445 1577 1487 Christo
1601 1443 1657 1487 ad
1682 1442 1847 1486 intelli-

459 1511 647 1568 gendum
675 1510 880 1568 Spiritum
898 1520 1113 1566 sanctum,
1128 1513 1212 1556 hoc
1234 1521 1298 1556 est
1319 1513 1486 1556 donum
1510 1513 1603 1567 Dei,
1619 1514 1700 1557 tria
1715 1512 1846 1557 verba

458 1579 580 1638 ponit
603 1597 612 1623 2
637 1580 696 1623 sic
719 1580 880 1639 quippe
913 1581 1065 1640 incipit
1091 1600 1100 1625 ε
1128 1601 1148 1624 «
1175 1584 1199 1625 J
1206 1581 1309 1626 udas
1331 1585 1435 1627 Jesu
1472 1582 1633 1627 Christi
1670 1598 1843 1638 servus,

459 1667 480 1691 »
515 1649 647 1693 irater
679 1660 824 1694 autem
857 1651 1036 1707 Jacobi,
1073 1652 1116 1695 in
1150 1656 1238 1697 Deo
1277 1657 1402 1697 Patre
1433 1653 1631 1708 dilectis,
1663 1663 1705 1697 et
1739 1657 1845 1698 Jesu

460 1737 480 1760 »
516 1720 687 1764 Christo
713 1722 976 1764 conservatis
1008 1731 1050 1765 et
1080 1723 1268 1777 vocatis,
1301 1723 1595 1767 misericordia
1618 1724 1769 1778 vobis,
1803 1733 1846 1768 et

462 1808 481 1830 »
516 1805 624 1848 pax,
649 1800 692 1834 et
715 1792 898 1835 charitas
916 1791 1276 1851 adimpleatur5.»
1289 1795 1434 1838 Gratia
1457 1795 1574 1839 enim
1592 1803 1635 1838 et
1652 1810 1736 1854 pax
1754 1795 1845 1839 sine

456 1860 747 1905 misericordia
769 1870 812 1905 et
834 1863 1043 1907 charitate
1066 1863 1250 1923 intelligi
1273 1880 1362 1909 non
1381 1874 1536 1924 potest.
1559 1865 1749 1910 Jacobus
1772 1881 1846 1910 au-

457 1939 544 1974 tem
567 1931 891 1976 usitatissimum
914 1934 1141 1978 exordium
1164 1934 1268 1980 fecit
1289 1936 1482 1994 epistolae
1497 1971 1508 1991 ,
1536 1936 1596 1980 ita
1613 1936 1805 1981 scribens
1833 1955 1842 1982 :

459 2017 479 2041 «
513 2001 701 2044 Jacobus
726 2002 803 2045 Dei
826 2011 868 2046 et
892 2003 1062 2047 Domini
1081 2005 1216 2048 nostri
1234 2008 1337 2049 Jesu
1359 2006 1519 2048 Christi
1539 2019 1712 2059 servus,
1733 2005 1846 2050 duo-

456 2088 476 2111 »
512 2070 652 2114 decim
688 2072 890 2116 tribubus
919 2090 1019 2133 quae
1053 2084 1155 2118 sunt
1188 2076 1232 2117 in
1254 2074 1519 2133 dispersione
1552 2074 1737 2119 salutem
1753 2077 1785 2120 ⁰.
1820 2095 1839 2118 »

451 2141 620 2196 Credo,
655 2142 932 2188 considerans
961 2144 1145 2188 salutem
1184 2160 1274 2189 non
1296 2160 1386 2189 esse
1413 2146 1494 2189 nisi
1517 2146 1563 2189 in
1586 2145 1703 2190 dono
1734 2147 1839 2200 Dei,

454 2210 531 2252 ubi
555 2211 690 2268 gratia
713 2221 755 2255 et
779 2227 876 2270 pax.
910 2215 966 2256 Et
989 2229 1240 2273 quanquam
1263 2224 1363 2259 ante
1387 2216 1469 2260 hoc
1487 2216 1673 2260 verbum
1695 2217 1841 2260 nomi-

454 2281 621 2323 naverit
641 2284 779 2324 Deum
806 2291 848 2326 et
865 2284 1099 2327 Dominum
1122 2294 1320 2328 nostrum
1343 2288 1491 2329 Jesum
1510 2285 1729 2330 Christum
1751 2295 1843 2330 :ta-

453 2363 554 2391 men
576 2350 677 2408 quia
706 2351 826 2395 nulla
846 2353 979 2409 gratia
1005 2362 1048 2397 et
1077 2354 1195 2398 nulla
1226 2369 1330 2413 pace
1352 2354 1457 2399 salvi
1482 2356 1593 2399 fiunt
1611 2356 1810 2399 homines
1827 2390 1838 2410 ‚

513 2462 523 2478 ¹
543 2465 561 2488 2
581 2459 666 2490 Pctr.
694 2469 731 2498 11,
746 2466 776 2489 2.
800 2476 840 2480 —
869 2466 880 2481 ²
905 2472 915 2491 1
933 2463 1026 2493 Joan.
1047 2473 1070 2501 r,
1092 2462 1122 2494 3.
1144 2479 1184 2485 -—
1213 2461 1225 2485 3
1244 2472 1262 2495 ‘2
1281 2465 1415 2500 Joan.1‚
1442 2463 1472 2495 3.
1496 2479 1536 2486 ——
1555 2461 1570 2492 4
1591 2463 1608 2494 3
1628 2465 1720 2495 Joan.
1750 2475 1771 2495 1.
1804 2480 1840 2486 -

457 2509 470 2532 5
485 2511 586 2543 Judae.
606 2523 628 2552 i,
649 2524 676 2544 1.
699 2529 739 2534 ——
759 2510 899 2546 fiJacob.
921 2527 945 2554 i,
971 2527 996 2547 1.
