1867 3320
410 274 549 305 sunno
580 277 672 315 vn,
708 275 763 304 uz
796 275 1003 304 annonn
1036 276 1182 305 Exom.
1402 270 1487 308 219

105 344 286 403 exigitur
306 357 440 403 quare
462 341 602 388 dictus
631 343 685 387 sit
715 341 938 387 Dominus„
971 341 1055 386 Sed
1082 341 1145 386 illi
1166 344 1244 403 qui
1264 344 1485 390 Christum

103 414 256 460 dicunt
276 412 428 469 fuisse,
444 415 535 475 jam
552 413 889 459 commemoravi
905 447 916 467 ‚
935 412 1160 473 quomodo
1181 414 1283 457 inde
1305 426 1457 461 exeant
1473 452 1483 472 ‚

104 499 238 546 quare
258 483 398 529 dictus
418 486 471 529 sit
495 485 716 544 Angelus,
742 484 844 545 quia
863 483 1078 543 Propheta
1095 493 1243 543 aperte
1266 484 1374 530 dixit
1397 489 1487 531 Do-

102 555 268 600 minum
289 555 511 600 Christum
532 555 681 615 magni
713 553 881 599 consilii
906 552 1123 612 Angelum
1140 555 1171 597 ¹.
1197 553 1266 597 Illi
1288 569 1391 614 ergo
1413 559 1487 616 qui

101 625 256 671 dicunt
275 625 492 685 Angelum
510 662 520 682 ,
550 624 813 686 respondere
835 624 998 670 debent
1019 640 1154 685 quare
1176 624 1419 684 appellatus
1436 628 1489 672 sit

100 696 324 742 Dominus.
342 696 626 757 Respondent
643 706 686 742 et
706 697 807 756 ipsi:
822 696 942 741 Sicut
957 696 1004 740 in
1019 696 1249 756 Scripturis
1271 697 1488 756 Propheta

99 765 309 828 loquitur,
327 776 371 811 et
391 767 552 811 dicitur
568 768 670 828 quia
693 767 903 812 Dominus
924 766 1148 827 loquitur3
1172 782 1263 811 non
1284 767 1387 827 quia
1406 770 1490 812 Do-

98 838 244 882 minus
264 846 326 882 est
347 840 561 898 Propheta
578 873 588 893 ‚
620 836 696 882 sed
726 838 829 898 quia
858 837 1068 882 Dominus
1088 846 1152 882 est
1171 838 1217 882 in
1239 839 1457 898 Propheta
1476 860 1486 896 3

96 910 155 954 sic
176 919 219 954 et
254 925 354 955 cum
376 925 454 970 per
475 909 693 969 Angelum
726 908 930 967 dignatur
953 909 1162 953 Dominus
1188 908 1337 969 loqui,
1363 925 1480 970 quo-

99 980 231 1024 modo
253 995 330 1039 per
345 979 620 1039 Apostolum,
639 980 862 1039 quomodo
883 994 960 1038 per
982 980 1268 1038 Prophetam‚
1290 989 1406 1024 recte
1424 979 1491 1025 di-

98 1049 210 1094 citur
244 1058 287 1093 et
315 1049 505 1107 Angelus
538 1059 717 1110 propter
749 1064 793 1093 se
824 1049 990 1109 ipsum,
1015 1058 1059 1093 et
1078 1050 1287 1093 Dominus
1311 1059 1490 1109 propter

97 1119 366 1164 habitantem
383 1123 537 1165 Deum.
550 1122 678 1165 Certe
698 1121 813 1164 enim
828 1119 986 1164 Paulus
1005 1120 1139 1165 homo
1161 1129 1268 1174 erat,
1286 1130 1329 1165 et
1343 1121 1490 1166 Chris-

97 1198 167 1234 tus
190 1192 332 1247 Deus3
354 1199 397 1234 et
417 1190 476 1234 ait
497 1199 644 1234 tamen
677 1191 768 1250 ipse
798 1190 958 1235 Paulus
982 1211 991 1236 :
1020 1210 1041 1233 «
1067 1194 1135 1236 An
1157 1190 1289 1236 vultis
1317 1192 1487 1251 experi-

100 1278 121 1301 »
155 1270 354 1304 mentum
376 1262 466 1320 ejus
490 1261 699 1320 accipere,
729 1261 804 1321 qui
822 1260 867 1304 in
888 1276 958 1305 me
975 1261 1172 1321 loquitur
1193 1262 1416 1307 Christus²
1431 1264 1449 1307 P
1463 1281 1483 1304 η

98 1329 209 1375 dixit
229 1340 272 1375 et
296 1331 509 1390 Propheta
530 1351 537 1375 :
560 1350 580 1373 «
606 1332 794 1376 Audiam
817 1331 925 1391 quid
946 1331 1153 1392 loquetur
1173 1333 1219 1376 in
1235 1347 1306 1377 me
1335 1334 1487 1378 Domi-

100 1419 122 1442 »
157 1417 238 1445 nus
259 1404 418 1446 Deusss.
446 1420 466 1443 ι)
491 1403 574 1455 Qui
594 1402 791 1462 loquitur
809 1404 853 1446 in
876 1403 1054 1447 homine
1070 1438 1080 1458 ‚
1105 1403 1301 1463 loquitur
1323 1404 1370 1448 in
1392 1407 1487 1449 An-

97 1471 208 1531 gelo.
227 1471 331 1516 Ideo
353 1473 553 1532 apparuit
567 1474 708 1529 Moysi
726 1472 919 1531 Angelus
934 1474 1122 1528 Domini,
1138 1483 1181 1518 et
1203 1473 1310 1518 dixit
1327 1493 1335 1519 :
1356 1477 1485 1534 «Ego

100 1560 121 1584 »
156 1557 251 1586 sum
274 1544 350 1602 qui
372 1558 467 1587 sum
483 1544 515 1587 4.
539 1561 559 1584 »
588 1543 852 1588 Habitatoris
878 1560 960 1589 vox
979 1553 1043 1589 est
1060 1580 1070 1600 ‚
1096 1560 1186 1589 non
1206 1544 1372 1605 templi.

157 1615 233 1657 vt.
251 1615 361 1658 Nam
383 1614 416 1657 si
438 1622 667 1672 propterea
689 1615 886 1659 Christus
909 1624 1028 1670 erat,
1057 1631 1158 1660 cum
1186 1616 1380 1674 Angelus
1397 1616 1485 1661 dic-

100 1694 168 1729 tus
205 1684 285 1738 sit,
310 1684 412 1744 quia
441 1700 555 1728 unus
576 1693 697 1741 erat3
722 1686 831 1745 quid
854 1684 1061 1740 facimus,
1095 1687 1274 1746 quando
1296 1687 1485 1732 Abrahae

98 1764 181 1799 tres
208 1757 535 1814 apparuerunt?
557 1754 666 1815 quid
695 1755 766 1799 hic
788 1754 1004 1799 dicimus?
1030 1759 1132 1801 Tres
1154 1767 1451 1816 apparuerunt
1471 1794 1481 1814 ‚

96 1833 139 1869 et
161 1825 381 1869 Abraham
412 1834 621 1885 tanquam
647 1825 703 1869 ad
725 1841 864 1870 unum
888 1825 1073 1886 loquens
1096 1826 1230 1882 dixit,
1253 1830 1435 1873 Domine
1452 1832 1482 1873 ξ’.

96 1895 213 1949 Quid
234 1894 446 1939 dicimus?
473 1911 608 1955 quare
640 1898 756 1940 tres?
779 1900 846 1940 An
871 1897 961 1955 ipsa
985 1898 1169 1942 Trinitas
1192 1900 1316 1943 erat?
1344 1903 1484 1953 Quare

96 1980 198 2024 ergo
217 1965 449 2009 Dominus?
462 1965 571 2018 Quia
590 1965 772 2009 Trinitas
792 1981 903 2009 unus
924 1968 1150 2023 Dominus,
1172 1984 1261 2013 non
1278 1982 1382 2014 sunt
1399 1980 1483 2014 tres

95 2035 268 2080 Domini
294 2054 303 2080 ε
328 2044 371 2080 et
401 2036 585 2080 Trinitas
613 2051 728 2080 unus
753 2038 893 2090 Deus,
920 2052 1008 2080 non
1039 2046 1152 2094 tres3
1178 2054 1263 2083 una
1280 2040 1482 2084 substan-

94 2109 151 2152 tia
170 2143 180 2163 ‚
206 2117 290 2152 tres
309 2123 517 2167 personae.
544 2110 696 2168 Neque
718 2109 832 2152 enim
858 2111 983 2152 Pater
1001 2109 1135 2152 Filius
1151 2118 1230 2162 est,
1251 2120 1326 2154 aut
1344 2111 1477 2157 Filius

96 2181 222 2224 Pater
247 2188 337 2235 cst,
368 2189 444 2224 aut
467 2180 648 2239 Spiritus
686 2189 859 2224 sanctus
892 2180 959 2224 vel
990 2184 1116 2225 Pater
1143 2181 1211 2225 vel
1242 2182 1375 2226 Filius
1397 2193 1474 2228 est.

97 2250 180 2295 Sed
215 2253 341 2294 Pater
366 2265 454 2294 non
479 2259 542 2294 est
575 2251 653 2294 nisi
689 2250 786 2294 Filii
807 2272 817 2307 3
854 2250 988 2294 Filius
1010 2267 1098 2295 non
1121 2261 1184 2296 est
1205 2252 1286 2296 nisi
1311 2253 1447 2298 Patris
1464 2289 1474 2307 ‚

96 2320 279 2380 Spiritus
301 2331 344 2365 et
370 2322 504 2366 Patris
526 2331 569 2366 et
594 2322 705 2367 Filii.
743 2324 946 2375 Quamvis
984 2324 1025 2367 in
1063 2323 1145 2368 illis
1182 2325 1321 2369 tribus
1343 2326 1475 2386 aliqui

94 2390 247 2436 dicunt
265 2427 275 2447 ,
296 2393 415 2453 quod
435 2409 546 2439 unus
568 2394 625 2438 ibi
643 2394 900 2448 excellebat,
922 2409 1053 2453 quem
1077 2396 1308 2440 Dominum
1327 2396 1477 2456 appel-

143 2506 151 2523 ¹
174 2501 302 2541 batn,
322 2505 353 2532 6.
378 2517 414 2524 -
434 2508 446 2524 ²
471 2513 479 2534 ι
502 2504 573 2535 Cor.
592 2514 660 2544 xm,
686 2503 714 2535 3.
740 2520 780 2526 ——
803 2502 814 2525 ³
840 2503 916 2535 [¹⁵:21.
939 2514 1063 2544 mxxiv,
1085 2516 1117 2546 9.
1138 2522 1179 2527 —
1198 2504 1212 2533 s·
1237 2505 1333 2537 Enni.
1356 2505 1476 2546 m,14'.⁴

97 2571 137 2579 -—
161 2553 176 2579 5
192 2558 271 2589 Gen.
292 2567 381 2598 xviii,
396 2564 427 2588 2.
