1867 3320
369 310 508 340 sunno
541 312 602 340 1v.
638 312 693 339 ms
723 309 845 340 neon
878 312 930 340 ET
963 311 1082 341 EsAu.
1339 307 1417 344 191

0 390 2 411 ³
43 390 223 428 mortem
245 380 304 425 eis
324 395 414 425 non
435 381 597 426 valeret
618 382 761 438 bonus
775 382 884 427 odor
898 382 1073 428 Christi.
1086 385 1202 442 Ergo
1215 385 1422 445 supplan-

0 455 4 507 ἰ
43 462 154 500 tatus
175 461 238 496 est
259 452 373 496 Esaii
393 453 440 497 in
460 452 766 498 benedictione
788 454 920 514 patris
935 456 966 498 ¹.

0 512 5 585 Ι
98 525 261 568 XXIX.
289 524 530 582 Respondit
551 534 696 569 autem
716 528 849 580 Isaac,
864 534 907 569 et
926 523 1034 568 dixit
1051 523 1106 567 ad
1129 523 1255 568 illum
1273 543 1283 569 ι
1305 542 1325 566 «
1340 527 1425 570 Do-

1 595 5 646 ξ
45 613 66 638 »
98 595 263 639 minum
286 592 411 637 illum
431 603 559 638 tuum
582 593 690 639 feci2
711 614 720 639 ε
745 613 765 637 »
789 610 879 640 non
901 595 1017 639 enim
1041 593 1162 639 aliud
1181 596 1328 654 potuit
1348 611 1423 640 ac—

1 654 6 727 i
41 664 179 725 cipere
215 665 328 709 Esaii
359 664 481 724 quod
516 664 684 709 dictum
715 675 780 710 est
804 684 813 710 :
834 683 854 705 (ι
884 667 943 709 Et
972 680 1122 709 omnes
1157 663 1310 709 fratres
1332 667 1426 725 ejus

2 734 6 798 1
44 753 64 778 »
95 735 282 780 servient
298 735 384 780 illi:
409 735 491 779 tibi
513 744 655 780 autem
676 735 785 796 quid
805 734 979 791 faciam,
995 735 1056 779 fili
1073 737 1090 778 ‘2
1110 737 1168 780 Et
1184 734 1291 780 dixit
1308 736 1425 780 Esaii

3 799 7 857 ξ
42 822 66 848 »·
93 804 151 850 -ad
170 815 338 865 patrem
359 819 486 850 suum
509 825 518 850 :
540 806 785 850 Benenedic
806 815 955 850 tamen
975 815 1018 850 et
1044 821 1129 850 me.
1150 807 1264 851 Cum
1281 816 1423 851 stran-

2 865 8 920 ἔ
41 894 62 919 »
95 877 268 936 gulatus
287 887 396 922 esset
413 881 556 923 Isaac:
577 895 598 918 »
622 876 669 921 id
689 887 753 922 est
770 912 781 933 ‚
806 892 907 922 cum
925 887 1101 922 coactus
1123 887 1247 923 esset.
1264 881 1425 937 Magna

4 939 7 949 ⁵
36 963 123 1002 res,
154 963 360 1008 magnum
391 957 733 1003 sacramentum,
764 949 931 992 utinam
966 948 1191 1007 capiamus
1218 958 1423 993 :coactus

4 960 10 1094 ἒ
36 1018 253 1063 benedicit
268 1054 279 1075 ,
301 1029 345 1064 et
365 1029 510 1064 tamen
542 1018 790 1076 benedicit3
817 1028 861 1064 et
889 1019 1008 1079 quod
1032 1018 1250 1063 benedicit
1269 1034 1423 1064 verum

5 1106 11 1141 ς
37 1098 113 1144 est,
137 1090 211 1133 sed
232 1098 378 1133 tamen
399 1098 574 1134 coactus
596 1089 828 1134 benedicit.
853 1089 972 1143 Quid
994 1090 1048 1134 sit
1067 1090 1166 1144 hoc,
1191 1090 1419 1134 attendite.

5 1155 12 1235 Ἰ
36 1159 269 1204 Videamus
290 1160 427 1220 ipsam
449 1160 823 1217 benedictionem,
854 1170 897 1206 et
923 1159 1217 1220 intelligamus
1238 1160 1348 1222 quid
1369 1161 1424 1205 sit

7 1237 12 1287 Α
36 1240 234 1276 coactum
257 1231 530 1276 benedicere.

7 1292 13 1343 Ι
112 1304 253 1346 XXX.
280 1301 522 1361 Respondit
546 1310 691 1345 autem
716 1304 834 1346 Isaac
852 1336 864 1357 ‚
898 1303 1048 1356 (Pater
1070 1315 1172 1345 sane
1194 1302 1309 1346 Esaii
1332 1317 1423 1346 non

34 1379 97 1416 est
117 1370 335 1416 osculatus
355 1390 363 1415 ε
385 1374 402 1428 )
423 1380 466 1414 et
490 1371 549 1415 ait
570 1370 633 1414 illi
660 1389 669 1415 :
700 1388 720 1412 «
741 1374 854 1415 Ecce
877 1386 900 1414 a
933 1370 1157 1415 fertilitate
1180 1379 1306 1415 terrae
1341 1372 1424 1416 erit

35 1459 56 1483 »
89 1440 301 1485 habitatio
330 1449 405 1484 tua
426 1475 437 1495 ‚
463 1449 506 1484 et
526 1455 549 1483 a
571 1455 667 1484 rore
689 1439 787 1484 coeli
814 1439 1045 1499 desuperss.
1073 1458 1094 1481 »
1127 1440 1241 1485 Dixit
1262 1441 1347 1486 hoc
1379 1449 1423 1485 et

32 1509 94 1554 ilii
110 1545 121 1564 ‚
145 1529 166 1553 «
191 1511 247 1554 'ab
269 1511 467 1554 ubertate
480 1519 608 1554 terrae
622 1544 632 1564 ‚
653 1518 699 1553 et
715 1525 737 1554 a
760 1525 857 1554 rore
879 1508 979 1554 coeli
1001 1529 1011 1555 ε
1030 1527 1050 1551 »
1074 1511 1159 1554 hoc
1178 1526 1284 1570 ergo
1302 1526 1423 1556 com—

33 1594 164 1625 mune
179 1588 243 1624 est
264 1581 399 1623 Jacob
417 1590 460 1623 et
482 1581 612 1625 Esaii.
637 1580 755 1633 Quid
778 1590 841 1626 est
857 1581 1082 1640 proprium
1107 1582 1274 1626 Jacob?
1293 1600 1312 1623 «
1326 1585 1424 1627 Ser-

36 1667 57 1692 »
88 1650 209 1694 vient
224 1649 305 1694 tibi
331 1657 492 1707 gentes.
524 1666 545 1689 n
570 1650 687 1701 Quid
709 1659 773 1693 est
793 1651 1021 1708 proprium
1040 1652 1209 1695 Jacob?
1228 1670 1246 1692 «ι
1261 1653 1422 1696 Omnes

37 1738 58 1762 »
91 1719 243 1764 fratres
258 1720 324 1763 tui
346 1719 425 1763 tibi
447 1719 634 1763 servient
652 1740 662 1776 3
677 1727 720 1762 et
736 1719 812 1778 qui
834 1729 876 1763 te
898 1719 1186 1774 benedixerit,
1212 1721 1423 1766 benedic—

37 1807 58 1832 »
91 1798 161 1834 tus
176 1791 277 1844 erit,
298 1790 431 1849 etqui
453 1798 496 1833 te
515 1788 810 1844 maledixerit,
836 1789 1091 1834 maledictus
1115 1791 1211 1835 erit.
1234 1810 1253 1833 »
1279 1793 1423 1838 Habet

14 1869 77 2337 ὶ(εἴ
98 1860 178 1904 iste
199 1860 340 1904 nescio
358 1857 464 1919 quid
480 1859 722 1918 proprium,
743 1859 864 1918 quod
885 1875 973 1904 non
993 1861 1161 1905 dictum
1177 1871 1241 1906 est
1258 1864 1419 1908 Jacob:

38 1949 59 1974 «
91 1933 148 1976 Et
168 1932 213 1975 in
231 1930 375 1989 gladio
396 1931 512 1974 vives
527 1965 537 1984 ,
565 1940 608 1974 et
627 1931 750 1974 fratri
770 1939 846 1974 tuo
868 1931 1040 1974 servies.
1065 1950 1084 1972 η
1115 1931 1199 1976 Sed
1223 1948 1277 1976 ne
1300 1933 1421 1978 tolle—

36 2010 101 2046 ret
132 2001 317 2045 liberum
351 2001 577 2045 arbitrium
594 2035 604 2054 ,
629 2001 742 2059 (jam
766 2001 868 2044 hinc
888 2010 930 2044 et
950 2001 1153 2045 hesterno
1173 2003 1359 2047 diximus
1377 2039 1387 2059 ‚
1406 2009 1421 2061 )

37 2070 190 2132 adjecit
214 2090 223 2116 :
252 2089 272 2113 «
300 2072 391 2115 Erit
412 2079 557 2114 autem
580 2105 589 2121 ‚
612 2085 712 2114 cum
730 2071 981 2128 deposueris
1002 2080 1044 2114 et
1060 2071 1237 2116 solveris
1261 2075 1420 2132 jugum

41 2158 61 2187 »
87 2142 148 2186 ·de
164 2141 277 2186 collo
294 2142 410 2184 tuo⁴.
437 2159 455 2182 n
477 2141 592 2193 Quid
614 2149 702 2194 est,
733 2158 751 2181 «
774 2141 868 2184 Erit
885 2150 1028 2184 autem
1046 2175 1056 2195 ‚
1081 2157 1181 2185 cum
1205 2142 1420 2201 deposue-

41 2228 61 2254 »
91 2212 148 2256 ris
169 2221 212 2256 et
227 2211 403 2256 solveris
419 2212 574 2270 jugum
597 2209 654 2254 dc
675 2209 788 2254 collo
811 2214 922 2255 tuo?
948 2229 967 2252 »
996 2212 1201 2256 Liberum
1222 2213 1302 2257 tibi
1325 2223 1416 2269 cst,

39 2281 73 2326 si
88 2281 299 2337 volucris,
321 2281 514 2325 converti
535 2297 546 2324 .·
566 2295 654 2324 non
679 2281 801 2340 quasi
824 2280 914 2325 duo
935 2282 1075 2335 erim,
1103 2282 1181 2326 sed
1204 2299 1317 2327 unus
1340 2287 1418 2328 Ja—

40 2352 135 2398 cob.
172 2354 334 2398 Omnes
360 2353 474 2395 enim
511 2353 586 2412 qui
622 2360 939 2396 convertuntur
961 2352 1015 2395 ab
1041 2353 1178 2407 Esaii,
1204 2353 1257 2397 ad
1279 2356 1417 2398 Jacob

39 2424 267 2483 pertinent.
295 2422 541 2468 Similitudo
563 2437 699 2466 unum
722 2422 825 2466 facit
845 2456 855 2476 ‚
885 2422 1193 2468 dissimilitudo
1218 2424 1324 2469 facit
1346 2426 1416 2469 di-

39 2494 296 2540 versitatem.
322 2492 435 2547 Quid
457 2494 593 2552 ergo?
620 2510 640 2534 ι(
664 2496 701 2537 Α
723 2507 817 2536 rore
835 2490 935 2535 coeli
955 2527 965 2546 ,
986 2502 1029 2536 et
1047 2508 1070 2537 a
1088 2493 1307 2539 fertilitate
1327 2505 1416 2539 ter-

44 2580 64 2608 »
96 2579 153 2610 1·ae
173 2599 184 2621 ‚
210 2582 230 2607 n
255 2565 385 2610 ambo
407 2564 586 2609 habent.
624 2582 642 2605 «
671 2564 867 2610 Serviunt
894 2563 973 2607 tibi
993 2565 1155 2610 Gentes
1185 2575 1228 2611 et
1263 2566 1415 2611 tratres

89 2653 98 2673 ¹
117 2650 221 2685 Forte
233 2650 353 2686 fratris.
375 2666 416 2676 -
437 2657 449 2674 ²
468 2652 548 2685 Gen.
570 2659 670 2691 xxvii,
686 2649 739 2691 37.
763 2664 805 2672 -—
826 2646 936 2682 ⁸1bid.
957 2647 1010 2690 39.
1026 2646 1098 2679 -4
1114 2647 1198 2683 abi-1.
1217 2648 1272 2690 40.
