1867 3320
346 205 484 231 sEnMO
516 205 631 231 xxxii
652 222 662 242 ,
699 209 741 234 ω’
775 209 974 238 PSALMUM
1005 216 1148 242 chiu.
1347 210 1426 248 435

61 267 144 311 lus.
169 268 289 312 Sicut
308 282 409 324 ergo
432 268 578 311 littera
599 283 677 326 pro
698 270 794 314 loco
816 272 928 316 valet
949 294 956 317 :
977 287 1089 321 errat
1111 291 1251 324 autem
1266 316 1276 334 ‚
1296 292 1338 326 ct
1360 286 1427 327 ni-

61 338 141 381 mis
158 336 370 380 absurdus
392 345 481 390 est,
507 345 549 380 et
570 338 681 382 intra
701 342 712 364 ¹
736 341 902 399 puerile
923 359 1019 398 cor,
1045 349 1118 405 qui
1141 363 1235 392 cum
1259 351 1426 410 legerit,

59 406 182 452 verbi
205 406 367 465 gratia,
392 404 440 450 D
462 405 651 450 litteram
671 409 716 452 in
736 412 911 455 nomine
936 414 1038 468 Dei,
1063 416 1183 461 timet
1203 418 1317 463 illam
1349 437 1429 480 po-

59 491 163 521 nere
184 476 229 520 in
246 478 423 535 nomine
447 474 634 531 diaboli,
659 493 714 521 ne
735 482 857 538 quasi
879 484 970 526 Deo
987 481 1114 528 faciat
1134 486 1347 546 injuriam.
1368 492 1434 536 Sic

0 588 17 603 ,⁷
59 546 190 591 etiam
202 546 279 606 qui
300 546 499 606 imperite
515 545 637 590 audit
653 547 818 592 divinas
836 552 1090 609 ScripturaS,
1107 563 1156 597 ut
1178 557 1230 599 de
1252 558 1332 602 isto
1345 559 1436 618 ipso

59 616 258 675 exemplo
290 632 380 661 non
407 615 686 672 recedamUS,
723 634 824 662 cum
856 619 1004 675 audit,
1038 622 1158 666 verbi
1192 628 1353 682 gratia,
1388 630 1434 672 in

60 684 266 744 allegoria
286 686 477 745 positum
500 686 706 742 fluvium,
732 703 783 732 eo
798 688 894 733 loco
915 691 991 734 ubi
1012 690 1178 737 dictum
1198 704 1281 739 est:
1299 714 1319 736 «
1334 696 1435 740 Flu-

62 774 84 798 »
118 756 247 801 minis
274 757 461 816 impetus
493 756 686 801 laetificat
712 758 930 804 civitatem
961 762 1098 808 Dei²2
1135 781 1154 804 »
1182 764 1348 809 dictum
1370 776 1433 811 est

60 835 205 870 autem
227 825 283 871 de
297 826 583 871 inundatione
604 828 786 886 Spiritus
802 832 952 885 sancti,
978 832 1032 875 de
1058 849 1144 892 qua
1162 834 1243 880 alio
1260 835 1355 880 loco
1377 838 1436 881 ait

60 897 277 955 Propheta
309 915 318 942 ε
352 916 372 939 «
399 897 740 942 Inebriabuntur
769 900 824 942 ab
847 902 1043 945 ubertate
1074 902 1228 949 domus
1259 916 1367 961 tuae,
1392 916 1434 950 et

62 983 84 1007 »
119 975 311 1010 torrente
343 966 580 1026 voluptatis
608 976 693 1011 tuae
722 971 891 1027 potabis
913 974 1013 1014 eos3
1042 991 1051 1016 z
1080 991 1100 1013 η
1129 989 1228 1017 cum
1252 991 1353 1033 ergo
1376 977 1434 1020 sic

59 1037 273 1096 acceperit
308 1037 493 1081 fluvium
525 1038 571 1080 in
601 1038 746 1092 bono,
786 1047 830 1082 et
848 1039 1113 1095 laudaverit,
1136 1053 1179 1086 et
1199 1044 1436 1089 delectatus

58 1107 192 1152 fuerit
208 1128 220 1165 3
239 1109 418 1168 quando
435 1124 514 1168 pro
531 1108 628 1153 loco
649 1108 808 1153 dicitur
827 1110 881 1164 ei,
906 1112 1024 1171 quod
1049 1113 1206 1157 fluvius
1227 1115 1436 1173 significet

6 1207 12 1213 Δ
59 1178 257 1222 homines
278 1179 482 1233 fluentes,
494 1187 538 1222 et
559 1178 871 1237 temporalibus
888 1180 1071 1235 deditos,
1091 1198 1190 1226 cum
1213 1193 1439 1229 transeun-

59 1249 170 1293 tium
202 1264 349 1293 amore
381 1259 681 1303 transeuntes,
722 1245 990 1308 expa'vescit3
1025 1254 1124 1311 quia
1156 1254 1200 1297 in
1223 1255 1304 1299 alio
1339 1255 1437 1299 loco

63 1329 289 1378 acceperat
318 1320 502 1363 fluvium
530 1320 575 1363 in
594 1322 711 1368 bono
734 1320 976 1378 significare
995 1322 1157 1381 aliquid
1172 1358 1183 1377 ,
1207 1334 1248 1368 et
1270 1336 1437 1383 pertur-

61 1389 190 1434 batur
206 1408 216 1434 ι
232 1390 292 1434 ita
308 1390 358 1433 fit
374 1391 420 1433 in
440 1389 670 1448 Scripturis
692 1398 856 1444 mutus,
874 1393 1093 1450 quomodo
1114 1393 1158 1435 in
1176 1393 1325 1437 litteris
1346 1411 1438 1438 mu-

60 1468 129 1504 tus
149 1459 365 1513 efficitur,
400 1460 434 1502 si
457 1458 648 1502 noluerit
680 1458 912 1503 transferre
946 1461 1055 1518 ipsas
1087 1461 1247 1505 litteras
1282 1464 1335 1507 ad
1357 1464 1437 1508 alia

7 1590 9 1595 y
59 1528 191 1573 verba
207 1563 219 1584 ‚
248 1527 324 1572 sed
344 1528 390 1571 in
419 1529 486 1572 his
507 1527 607 1573 solis
628 1529 771 1573 verbis
793 1544 863 1573 eas
880 1530 1096 1584 tenuerit,
1120 1532 1164 1574 in
1186 1532 1343 1592 quibus
1368 1548 1436 1578 eas

3 1596 6 1598 ’
59 1600 199 1659 primo
217 1598 432 1643 didicerit.

119 1671 219 1713 VII.
234 1669 277 1713 Si
291 1669 484 1728 percepit
499 1670 582 1713 hoc
599 1670 809 1714 Sanctitas
826 1671 992 1723 Vestra,
1009 1685 1072 1713 res
1089 1671 1209 1714 vobis
1226 1671 1339 1715 dicta
1356 1685 1435 1728 est,

61 1749 277 1799 quantum
293 1740 567 1794 arbitramur,
591 1739 817 1783 utilissima
842 1759 854 1796 3
879 1748 922 1782 et
938 1754 1036 1798 quae
1057 1755 1131 1783 vos
1159 1740 1344 1784 multum
1367 1743 1440 1786 ad·
1504 1773 1510 1779 -

56 1811 195 1870 juvet,
219 1826 309 1854 non
337 1811 477 1855 solum
515 1809 570 1854 ad
606 1809 846 1854 audiendos
883 1813 1107 1854 Tractatus
1134 1819 1320 1866 nostros,
1364 1812 1438 1856 sed

0 1896 19 1903 ·’
62 1881 190 1925 etiam
215 1880 268 1924 ad
288 1879 592 1937 intelligendas
625 1880 735 1938 ipsas
759 1880 1022 1938 Scriptura5‚
1048 1880 1102 1924 de
1133 1881 1291 1939 quibus
1321 1884 1440 1927 vobis

7 1950 11 1957 ’
62 1952 141 1996 ista
155 1961 404 1996 tractamus.
426 1950 607 1994 Fluvius
629 1964 748 2008 ergo,
775 1949 894 1993 unde
912 1950 1011 1994 tulit
1033 1961 1133 1995 tunc
1153 1952 1283 1995 David
1307 1954 1437 2012 quin-

62 2037 148 2082 que
159 2021 341 2081 lapides,
366 2036 455 2064 non
478 2020 645 2064 bonum
668 2019 835 2080 aliquid
856 2021 1109 2078 significavit
1131 2021 1204 2065 illo
1227 2031 1433 2080 tempore.

61 2091 356 2151 Noviquidem
367 2104 487 2149 posse
498 2088 760 2148 quibusdam
784 2105 1024 2143 occurrere,
1046 2099 1087 2133 et
1106 2091 1148 2133 in
1171 2092 1285 2134 bono
1307 2093 1438 2150 signi-

23 2184 25 2187 ·
65 2161 192 2205 ficare
213 2161 337 2204 illum
367 2160 550 2204 fluvium
585 2178 593 2203 :
626 2159 750 2202 sicuti
771 2159 804 2203 si
825 2160 1033 2218 quispiam
1057 2160 1159 2204 velit
1182 2161 1437 2219 baptismum

13 2244 21 2267 λ
65 2230 322 2289 intelligere,
347 2238 398 2273 ut
415 2229 579 2287 lapides
596 2227 650 2272 de
665 2228 880 2287 baptismo
902 2229 1052 2281 levati,
1078 2229 1119 2272 id
1143 2238 1224 2283 est,
1247 2231 1439 2274 homines

18 2343 19 2346 ,
67 2300 289 2360 baptizati,
315 2299 536 2344 fortissimi
554 2299 638 2343 sint
661 2298 862 2342 adversus
880 2298 1116 2351 diabolum,
1143 2301 1215 2358 qui
1238 2301 1442 2358 signitica-

67 2372 196 2416 batur
221 2387 294 2431 per
317 2370 504 2415 Goliam.
549 2373 708 2413 Tamen
738 2379 912 2428 propter
939 2370 1184 2427 quinarium
1214 2386 1440 2414 nunu-rum

12 2453 25 2478 -“
68 2441 372 2486 constatnobis
388 2441 514 2494 ratio,
533 2440 632 2498 quia
658 2439 897 2482 dixeramus
921 2442 1074 2495 Legem
1097 2440 1321 2495 significari
1345 2441 1443 2498 qni-

117 2532 124 2548 ¹
149 2526 257 2560 Forte
275 2529 389 2566 gestat.
410 2540 451 2546 —
471 2529 483 2545 ²
503 2523 585 2554 psal.
608 2533 680 2562 ην,
700 2522 729 2554 5.
757 2539 796 2544 —
817 2521 828 2543 ³
849 2522 891 2552 ld.
919 2532 1014 2561 xxxv,
1032 2533 1063 2561 ῃ.

1166 2577 1229 2612 28.
