1924 3309
482 295 566 332 320
907 303 939 331 S·
976 301 1207 331 AUGUsnM
1240 305 1420 332 Episcopi

480 367 686 416 Nondum
708 369 829 413 finita
851 377 915 413 est
931 370 1020 424 via,
1038 367 1236 412 nondum
1258 368 1430 414 clausus
1447 378 1512 413 est
1532 369 1644 425 dies,
1669 370 1867 415 nondum

481 439 723 498 expiratum
745 447 809 483 est
827 459 838 495 3
860 453 949 483 non
967 438 1241 496 desperetur,
1262 438 1383 498 quod
1406 447 1470 483 est
1485 439 1607 498 pejus
1630 457 1638 484 :
1661 440 1868 499 quoniam

481 519 660 570 propter
681 511 772 569 ipsa
794 518 969 569 peccata
993 509 1184 553 humana
1207 518 1250 552 et
1271 509 1536 564 tolerabilia,
1562 519 1605 555 et
1633 519 1754 555 tanto
1776 526 1870 555 cre-

482 580 627 625 briora
642 615 653 635 ,
689 589 855 639 quanto
886 580 1073 634 minora,
1100 579 1323 623 constituit
1345 583 1459 623 Deus
1479 579 1526 623 in
1548 579 1739 625 Ecclesia
1759 589 1872 625 tem·
1904 607 1907 611 ι

1909 382 1924 420 τ’]

1915 426 1921 445 5

483 666 587 710 pore
609 649 913 694 misericordiae
935 649 1234 709 praerogandae
1255 649 1556 710 quotidianam
1582 649 1841 695 medicinam
1857 685 1868 706 ,
1892 679 1897 730 Ι

483 730 534 766 ut
555 721 748 766 dicamus
771 741 780 766 :
810 740 830 763 «
855 720 1033 765 Dimitte
1063 720 1189 764 nobis
1209 719 1355 764 debita
1390 729 1552 776 nostra,
1588 721 1700 764 sicut
1721 730 1764 765 et
1794 736 1873 766 nos
1892 727 1907 772 5?

486 810 506 833 η
543 792 801 837 dimittimus
837 791 1107 835 debitoribus
1146 790 1331 835 nostris¹
1357 811 1365 836 :
1395 809 1414 832 »
1440 801 1491 836 ut
1523 791 1588 835 his
1622 791 1764 836 verbis
1785 791 1873 837 lota

485 861 593 906 facie
611 861 666 906 ad
683 861 816 906 altare
838 861 1094 906 accedamus
1110 895 1121 916 ,
1143 870 1186 905 et
1204 861 1270 905 his
1287 861 1429 906 verbis
1451 860 1540 906 lota
1563 860 1671 906 facie
1694 877 1874 922 corpore

485 932 646 977 Christi
663 942 705 977 et
727 932 936 990 sanguine
952 931 1339 976 communicemus.
1893 925 1897 973 Ι

546 1005 623 1046 VI.
648 1002 732 1048 Sed
753 1002 874 1063 quod
891 1011 954 1046 est
969 1002 1155 1061 gravius,
1170 1002 1306 1061 ipsam
1328 1001 1588 1046 medicinam
1606 1001 1664 1046 sic
1682 1001 1876 1046 homines
1893 995 1899 1039 l

487 1081 779 1118 contemnunt
793 1108 804 1128 ,
838 1081 887 1116 ut
909 1088 999 1117 non
1021 1072 1162 1117 solum
1183 1088 1273 1117 non
1311 1072 1417 1116 dent
1438 1072 1610 1117 veniam
1633 1072 1811 1132 quando
1832 1072 1877 1116 in

488 1142 584 1186 illos
602 1153 829 1202 peccatur,
851 1141 925 1186 sed
958 1158 1038 1186 nec
1055 1141 1357 1201 velint‘petere
1374 1141 1554 1203 quando
1576 1143 1654 1201 ipsi
1677 1150 1873 1201 peccant.
1900 1142 1906 1194 J

488 1213 676 1257 Intravit
712 1214 917 1268 tentatio,
970 1213 1186 1272 subrepsit
1221 1213 1306 1270 ira,
1352 1222 1522 1257 tantum
1556 1212 1778 1257 dominata
1816 1222 1878 1258 est
1893 1227 1913 1266 ς’,

489 1283 711 1327 iracundia
731 1318 741 1338 ,
767 1292 981 1342 quantum
1001 1284 1166 1342 potuit,
1188 1292 1237 1327 ut
1260 1298 1349 1327 non
1370 1282 1512 1327 solum
1536 1270 1899 1374 tumultuareturi

489 1370 584 1409 cor,
611 1355 687 1398 sed
706 1363 749 1398 ct
770 1354 962 1398 convicia
982 1364 1025 1398 et
1046 1353 1225 1399 crimina
1243 1363 1439 1399 vomeret
1461 1354 1625 1413 lingua.
1648 1356 1746 1400 Non
1761 1353 1878 1398 vides
1894 1353 1922 1400 nl

488 1440 576 1484 quo
600 1434 641 1468 te
658 1424 863 1484 impulit?
886 1427 982 1469 Non
1013 1424 1132 1469 vides
1155 1440 1243 1483 quo
1275 1433 1317 1468 te
1348 1424 1662 1483 praecipitavit?
1687 1424 1879 1468 Tandem
1895 1400 1921 1486 {n

489 1497 678 1554 corrige,
703 1495 773 1539 dic
789 1530 799 1550 ,
825 1495 939 1540 Male
973 1495 1078 1549 feci,
1105 1495 1294 1554 peccavi.
1321 1497 1418 1539 Non
1456 1496 1572 1538 enim
1595 1495 1790 1539 morieris
1811 1529 1821 1549 ,
1846 1487 1899 1549 si}

489 1566 645 1610 dixeris
669 1586 678 1610 2
698 1566 846 1621 crede,
870 1582 958 1610 non
975 1566 1098 1620 mihi,
1120 1566 1196 1610 sed
1211 1568 1313 1610 Deo.
1339 1565 1456 1618 Quid
1488 1581 1584 1610 sum
1608 1568 1720 1625 ego?
1739 1569 1877 1610 Homo
1895 1551 1919 1662 i

489 1653 584 1681 sum
605 1671 615 1692 ,
640 1653 718 1696 par
735 1647 873 1681 vester
891 1652 986 1681 sum
1004 1671 1014 1691 ,
1041 1651 1214 1680 carnem
1238 1644 1365 1694 porto
1383 1670 1393 1689 ,
1413 1636 1612 1679 infirmus
1633 1651 1729 1679 sum
1756 1655 1765 1680 ε
1791 1651 1878 1680 om·
1898 1655 1910 1701 3*

490 1722 565 1750 nes
600 1706 827 1750 credamus
849 1710 954 1749 Deo.
979 1704 1204 1749 Attendite
1226 1704 1365 1748 vobis.
1393 1707 1490 1761 Ipse
1514 1705 1722 1749 Dominus
1739 1706 1899 1750 Chris-³

494 1787 560 1821 tus
578 1777 637 1820 ait
653 1811 663 1831 ,
690 1774 902 1820 attendite
924 1775 1047 1819 vobis
1071 1793 1079 1818 :
1109 1793 1128 1815 «
1157 1774 1198 1819 Si
1217 1773 1459 1832 peccaverit
1474 1772 1606 1818 frater
1629 1784 1729 1819 tuus
1745 1810 1756 1830 ‚
1781 1791 1876 1820 cor·
1896 1748 1900 1799 l

495 1865 514 1888 »
550 1847 641 1905 ripe
655 1861 755 1889 eum
767 1846 880 1889 inter
896 1853 937 1888 te
952 1853 995 1888 et
1008 1845 1150 1903 ipsum
1175 1843 1329 1887 solum.
1347 1843 1389 1887 Si
1410 1851 1453 1886 te
1471 1843 1672 1898 audierit,
1687 1844 1876 1890 lucratus
1896 1831 1901 1868 ἦ·

496 1935 516 1958 »
552 1932 596 1960 es
613 1915 793 1960 fratrem
812 1924 940 1959 tuum
962 1914 1080 1958 :site
1102 1928 1191 1957 non
1211 1911 1414 1968 audierit,
1432 1912 1590 1957 adhibe
1608 1923 1753 1959 tecum
1771 1915 1877 1960 duos
1895 1882 1900 1991 i

494 2006 516 2029 »
552 1997 627 2032 aut
646 1997 745 2032 tres.
773 1990 825 2031 In
847 2001 920 2031 ore
942 1985 1131 2029 duorum
1153 1993 1229 2028 aut
1250 1983 1382 2027 trium
1404 1984 1578 2028 testium
1601 1985 1730 2030 stabit
1752 1999 1876 2030 omne
1897 1998 1899 2017 ¹

495 2077 516 2100 »
551 2058 747 2102 verbum.
779 2057 822 2102 Si
848 2071 928 2100 nec
953 2056 1067 2114 ipsos
1089 2054 1274 2099 audierit
1291 2088 1302 2107 ,
1327 2053 1440 2097 refer
1471 2053 1526 2098 ad
1556 2054 1807 2099 Ecclesiam.
1835 2033 1900 2127 Si}

495 2147 515 2170 »
551 2145 631 2173 nec
645 2128 783 2188 ipsam
800 2126 1006 2181 audierit,
1028 2126 1082 2170 sit
1101 2125 1178 2169 tibi
1198 2135 1404 2184 tanquam
1427 2124 1638 2170 Ethnicus
1661 2136 1703 2171 et
1727 2125 1875 2171 Publi·
1896 2128 1900 2212 ἰ

495 2218 516 2241 »
551 2203 727 2244 canus‘2.
757 2216 777 2239 »
802 2197 1015 2242 Ethnicus
1038 2195 1221 2240 Gentilis
1239 2204 1302 2239 est
1323 2215 1335 2253 ς
1357 2193 1428 2238 ille
1451 2204 1515 2239 est
1529 2230 1540 2250 ,
1567 2196 1642 2256 qui
1664 2197 1709 2240 in
1729 2197 1872 2242 Chris·
1896 2214 1900 2258 ῃ

494 2279 589 2314 tum
610 2285 700 2314 non
721 2268 874 2313 credit.
895 2268 937 2313 Si
953 2281 1032 2311 nec
1048 2265 1285 2310 Ecclesiam
1300 2264 1502 2320 audierit,
1519 2275 1742 2311 mortuum
1756 2281 1873 2312 com·
1896 2266 1900 2303 ἶ

494 2350 616 2400 puta.
646 2341 730 2385 Sed
749 2353 849 2384 ecce
870 2338 992 2393 vivit,
1015 2353 1114 2381 ecce
1143 2337 1275 2381 intrat
1290 2371 1301 2392 ,
1326 2351 1425 2381 ecce
1446 2336 1612 2395 signat,
1639 2353 1739 2383 ecce
1766 2353 1872 2397 genu
1895 2311 1900 2420 ξ

495 2412 590 2471 figit
606 2447 616 2467 ,
641 2426 740 2456 ecce
758 2419 879 2465 orat,
911 2424 1010 2454 ecce
1039 2409 1093 2452 ad
1116 2407 1248 2452 altare
1282 2407 1461 2452 accedit.
1491 2407 1575 2452 Sed
1597 2409 1650 2453 sit
1671 2409 1748 2453 tibi
1781 2419 1872 2453 tan-
1896 2429 1900 2480 i

495 2498 628 2543 quam
650 2483 862 2526 Ethnicus
889 2489 932 2524 et
954 2479 1232 2524 Publicanus.
1258 2477 1357 2523 Noli
1378 2478 1423 2523 in
1445 2477 1520 2523 illo
1537 2480 1760 2524 attendere
1773 2479 1872 2524 falsa
1896 2485 1900 2540 J

495 2554 613 2611 signa
640 2572 649 2597 ε
677 2553 824 2598 vivens
856 2559 1053 2596 mortuus
1074 2558 1151 2594 est.
1180 2549 1303 2593 Unde
1324 2548 1464 2593 vivit?
1489 2549 1713 2609 quomodo
1744 2548 1873 2595 vivit?
1898 2547 1899 2550 ’

546 2644 553 2660 ¹
576 2636 689 2669 Matth.
709 2648 754 2677 w,
777 2645 827 2669 12.
844 2645 885 2660 -⁶
905 2641 917 2658 ²
939 2634 985 2667 Id.
1007 2645 1098 2677 xviii,
1122 2633 1173 2675 15,
1194 2637 1258 2665 cte.
