1924 3309
455 280 509 319 56
882 291 915 317 s.
952 288 1177 317 Aueusnm
1208 289 1389 317 EPISCOPI

454 357 613 402 Paulus
636 354 691 400 ad
709 354 1104 399 Thessalonicenses
1122 354 1225 398 dicit
1245 373 1254 399 ε
1282 372 1302 396 «
1328 356 1394 398 Ita
1416 362 1465 396 ut
1482 367 1560 397 nos
1582 353 1661 412 ipsi
1685 350 1739 395 do
1757 367 1836 397 vo-

457 447 477 471 »
512 428 578 472 bis
616 426 850 485 gloriemur
881 425 926 469 in
948 424 1150 469 Ecclesiis
1171 424 1270 479 Dei,
1292 440 1371 484 pro
1390 433 1530 469 vestra
1553 422 1762 482 patientia
1795 432 1839 468 et

457 517 476 541 »
512 497 599 542 fide
626 498 671 541 in
700 497 903 542 omnibus
939 495 1312 555 persecutionibus
1347 495 1520 548 vestris,
1551 503 1595 537 et
1629 493 1838 553 pressuris

458 588 474 609 »
510 583 617 628 quas
639 567 857 612 sustinetis
875 567 921 610 in
944 565 1192 624 exemplum
1209 565 1315 624 justi
1330 563 1483 623 judicii
1505 563 1629 606 Dei1.
1658 581 1677 604 »
1709 563 1839 616 Quod

454 640 634 684 omnino
657 638 713 683 ad
733 638 843 682 illud
866 637 1053 696 respicit,
1080 635 1201 696 quod
1218 636 1277 680 ait
1295 639 1447 679 Petrus
1471 643 1642 693 tempus
1660 648 1750 677 esse
1772 635 1841 677 in-

454 710 694 755 choationis
711 709 864 769 judicii
887 724 909 751 a
924 707 1055 752 domo
1079 707 1157 751 Dei
1184 726 1191 751 ε
1218 715 1260 750 et
1276 705 1387 750 itlud
1405 703 1525 765 quod
1547 704 1601 748 de
1625 705 1843 763 Propheta

454 781 714 840 interposuit
734 800 742 824 ε
775 799 793 821 «
819 784 875 825 Et
898 779 931 822 si
943 779 1086 838 justus
1101 778 1174 823 vix
1191 776 1334 821 salvus
1355 777 1457 831 erit,
1477 784 1679 834 peccator
1696 784 1740 819 et
1759 775 1843 819 im-

457 868 478 892 »
513 851 610 910 pius
635 850 714 894 ubi
735 849 1009 909 parebunt2?
1034 867 1054 890 »
1079 847 1205 892 Unde
1238 847 1345 891 mihi
1377 845 1551 890 videtur
1568 881 1578 900 ,
1617 845 1748 889 etiam
1770 843 1843 889 illa

455 936 554 981 quae
587 936 664 980 per
698 920 871 966 Nathan
902 919 1161 978 prophetam
1191 917 1282 976 regi
1303 916 1441 960 David
1471 915 1759 960 comminatus
1781 923 1844 958 est

457 995 597 1046 Deus,
633 1005 887 1051 quanquam
909 990 1053 1033 statim
1081 988 1296 1046 ignoverit
1331 987 1590 1046 poenitenti,
1616 995 1845 1045 propterea

456 1070 601 1105 tamen
626 1060 830 1104 accidisse
853 1059 998 1103 omnia
1017 1094 1027 1113 ,
1053 1067 1103 1102 ut
1131 1057 1502 1102 demonstraretur
1524 1055 1643 1099 illam
1673 1055 1845 1099 veniam

459 1131 707 1191 spiritaliter
737 1131 882 1174 datam
915 1139 1093 1189 propter
1129 1128 1328 1173 futurum
1345 1128 1561 1187 judicium
1584 1142 1814 1185 poenarum
1832 1162 1842 1181 ‚

460 1201 581 1262 quod
603 1210 801 1261 expectat
822 1215 894 1244 eos
916 1201 991 1259 qui
1014 1201 1096 1244 hoc
1119 1208 1316 1258 tempore
1338 1198 1495 1256 corrigi
1513 1196 1713 1241 nolunt³.
1734 1196 1848 1240 Dicit

460 1273 575 1315 enim
592 1281 634 1315 et
657 1271 760 1315 alibi
782 1275 960 1314 Petrus:
978 1273 1191 1328 «Propter
1213 1270 1296 1312 hoc
1319 1268 1434 1311 enim
1457 1276 1500 1310 et
1520 1267 1702 1311 mortuis
1723 1281 1848 1310 evan-

464 1361 483 1383 »
521 1342 752 1398 gelizatum
774 1350 858 1395 est,
891 1349 941 1384 ut
961 1340 1215 1399 judicentur
1245 1338 1423 1398 quidem
1446 1337 1689 1381 secundum
1707 1337 1849 1381 homi-

464 1429 483 1452 »
520 1425 621 1454 nem
649 1410 695 1453 in
728 1424 878 1461 carne,
906 1408 1052 1452 vivant
1081 1416 1228 1450 autem
1255 1405 1497 1450 secundum
1526 1409 1667 1449 Deum
1689 1406 1733 1449 in
1758 1406 1848 1465 spi-

465 1498 485 1522 »
522 1480 610 1524 ritu
625 1481 654 1523 ⁴.
684 1498 703 1520 »
725 1481 819 1523 Hoc
841 1478 956 1532 dixi,
981 1486 1031 1521 ut
1053 1476 1325 1521 ostenderem
1349 1484 1564 1534 quantum
1587 1489 1757 1533 possem
1775 1510 1787 1530 ‚
1808 1484 1851 1520 et

463 1559 677 1611 quantum
694 1548 995 1607 opportunitas
1017 1547 1239 1605 praesentis
1265 1546 1350 1590 loci
1375 1546 1693 1604 Scripturarum
1719 1546 1847 1602 sinit,

464 1635 553 1664 non
575 1620 634 1663 sie
657 1616 951 1676 accipiendam
975 1617 1155 1673 gratiam
1177 1625 1220 1659 et
1236 1630 1386 1675 pacem
1410 1615 1513 1669 Dei,
1540 1630 1641 1658 cum
1663 1615 1847 1671 dicitur,

465 1700 516 1734 ut
544 1690 791 1733 existiment
819 1687 1017 1731 homines
1045 1703 1067 1730 a
1099 1687 1263 1745 justitia
1286 1689 1425 1729 Deum
1449 1701 1573 1744 posse
1610 1685 1845 1731 discedere.

465 1764 574 1806 Nam
610 1768 652 1803 et
685 1760 821 1817 ipsam
855 1772 1005 1817 pacem
1044 1772 1143 1800 curn
1183 1757 1455 1816 promitteret
1487 1756 1726 1811 Dominus,
1751 1758 1847 1803 ait:

469 1851 489 1873 «
525 1832 628 1874 Haec
657 1828 744 1871 dixi
763 1863 773 1882 ‚
803 1836 853 1870 ut
873 1827 918 1870 in
941 1842 1008 1870 me
1026 1842 1177 1885 pacem
1198 1827 1392 1870 habeatis
1408 1861 1418 1880 ‚
1447 1827 1492 1869 in
1515 1825 1682 1871 mundo
1705 1836 1848 1871 autem

467 1921 485 1943 »
522 1914 765 1960 pressuram
781 1900 812 1942 ⁵.
844 1916 863 1939 υ
889 1896 971 1942 Sed
1010 1897 1312 1941 tribulationes
1345 1906 1388 1940 et
1407 1895 1615 1941 molestiae
1638 1912 1735 1941 cum
1772 1913 1849 1956 per

457 1970 670 2031 justitiam
693 1968 769 2012 Dei
791 1966 1037 2011 redduntur
1052 1967 1260 2026 peccatis,
1282 1966 1419 2010 bonos
1441 1976 1483 2010 et
1501 1967 1639 2025 justos
1654 2001 1665 2019 ‚
1686 1975 1729 2010 et
1751 1967 1850 2026 qui-

467 2043 545 2084 hus
568 2041 657 2098 jam
680 2037 777 2097 plus
799 2046 975 2096 peccata
998 2037 1087 2096 ipsa
1123 2036 1356 2096 displicent
1378 2050 1509 2094 quam
1539 2034 1628 2079 ulla
1658 2037 1848 2095 corporis

464 2126 593 2172 poena
610 2145 620 2164 ‚
650 2124 739 2153 non
761 2108 991 2152 reflectunt
1014 2107 1068 2151 ad
1090 2105 1362 2165 peccandum
1379 2141 1390 2161 ‚
1423 2106 1499 2150 sed
1531 2105 1584 2149 ab
1608 2107 1726 2150 omni
1748 2107 1848 2151 labe

464 2182 632 2239 penitus
653 2187 855 2239 purgant.
898 2181 983 2221 Pax
1007 2177 1121 2220 enim
1155 2175 1342 2236 perfecta
1372 2176 1502 2219 etiam
1541 2177 1731 2235 eorporis
1769 2191 1846 2222 suo

462 2262 657 2309 tempore
675 2249 865 2303 dabitur,
882 2248 915 2291 si
937 2262 1054 2290 nunc
1072 2262 1221 2306 pacem
1245 2261 1374 2306 quam
1390 2246 1599 2290 Dominus
1621 2262 1698 2305 per
1715 2245 1846 2291 fidem

462 2322 564 2365 dare
582 2320 783 2378 dignatus
807 2327 886 2373 cst,
904 2318 1158 2361 inconcusse
1175 2317 1348 2376 spiritus
1367 2326 1512 2361 noster
1529 2326 1660 2377 atque
1682 2318 1848 2362 incom-

464 2389 731 2435 mutabiliter
754 2397 917 2432 teneat.

518 2463 595 2503 XI.
612 2458 742 2511 Quod
763 2467 907 2502 autem
930 2456 1160 2517 Apostolus
1183 2458 1363 2515 gratiam
1381 2466 1423 2501 et
1444 2472 1594 2516 pacem
1617 2473 1640 2502 a
1657 2461 1747 2502 Deo
1767 2461 1845 2503 Pa-

528 2562 535 2577 ¹
558 2563 576 2586 2
606 2554 715 2585 Thess.
732 2564 754 2593 ι,
771 2552 801 2593 4.
824 2570 863 2575 —
882 2560 892 2575 ²
918 2555 1005 2584 prov.
1027 2563 1073 2591 xr,
1098 2550 1506 2594 31.—-32neg.x11,2,
1528 2556 1590 2584 etc,
1610 2568 1650 2575 -
1666 2550 1681 2580 4
1719 2564 1729 2583 1
1752 2555 1837 2585 Petr.

463 2608 552 2649 1v‚(3.
575 2626 610 2630 ——
635 2607 646 2628 ⁸·
666 2611 741 2638 Jonn
779 2619 842 2641 ἵν’,
868 2609 904 2636 '3⁶³
