1924 3309
364 274 449 315 204
790 283 824 314 s.
860 281 1091 315 Auens-nm
1124 285 1306 315 Emscom

364 351 485 413 quod
501 350 591 397 duo
608 352 760 412 populi
778 353 823 397 in
840 362 965 398 utero
983 355 1072 413 ejus
1088 354 1386 412 confligerent,
1405 361 1446 396 et
1464 351 1564 397 duae
1582 361 1746 411 gentes,

365 433 408 468 et
429 424 531 484 quia
553 425 689 484 maJ'or
718 425 873 469 serviet
899 424 1070 468 minori.
1112 424 1242 478 Quod
1271 423 1439 469 dictum
1469 433 1533 468 est
1567 438 1670 467 cum
1705 422 1751 467 in

365 503 490 538 utero
510 503 667 549 essent,
684 495 768 539 hoc
786 495 952 539 dictum
971 503 1034 538 est
1049 494 1206 538 iterum
1221 495 1266 538 in
1285 494 1592 538 benedictione
1614 496 1748 548 Isaac,

364 580 462 609 cum
487 564 764 610 benediceret
788 566 998 609 minorem
1017 587 1028 623 3
1054 565 1237 625 putabat
1259 575 1405 609 autem
1428 580 1471 609 se
1493 564 1753 609 benedicere

364 637 587 696 majorem.
606 639 837 681 Personam
860 637 983 694 Legis
1005 635 1173 680 ferebat
1196 639 1328 680 Isaac.
1342 635 1526 679 Videtur
1548 638 1635 679 Lex
1653 635 1753 679 data

365 706 529 751 Judaeis
550 727 558 752 ε
590 718 634 751 et
663 708 807 766 ipsum
829 722 1013 766 regnum
1036 707 1187 751 datum
1210 715 1274 750 est
1293 706 1564 751 Christianis.
1591 709 1752 750 Atten-

365 778 454 822 dite
470 779 571 839 quia
588 783 677 823 Lex
695 779 867 823 videtur
885 794 1067 837 regnum
1089 779 1357 839 promittere.
1385 780 1406 822 J
1416 777 1549 822 udoeis
1568 775 1750 821 dicitur:

369 868 388 890 ι(
424 852 658 909 Propterea
690 848 912 894 auferetur
934 866 957 894 a
979 849 1100 895 vobis
1122 865 1306 907 regnum
1324 884 1334 904 ‚
1361 858 1404 893 et
1427 847 1603 892 dabitur
1634 848 1754 907 genti

366 937 385 960 »
422 919 596 964 facienti
627 920 838 980 justitiam
859 923 889 964 ¹.
919 939 938 961 »
965 919 1201 964 Auferetur
1234 921 1289 964 ab
1325 920 1440 964 Esaii
1461 954 1472 974 ,
1511 928 1554 963 et
1576 918 1755 963 dabitur

365 992 516 1035 Jacob.
547 992 749 1036 Hirsutus
766 1001 892 1037 natus
911 1002 1001 1036 erat
1024 1002 1066 1037 et
1086 992 1250 1052 pilosus
1274 993 1404 1047 Esaii,
1425 991 1471 1035 id
1493 1001 1573 1046 cst,
1598 989 1754 1050 plenus

366 1063 551 1121 peccatis
571 1084 581 1120 3
605 1063 831 1108 haerebant
853 1064 898 1107 in
922 1063 998 1108 illo
1015 1074 1192 1124 peccata
1221 1084 1229 1108 ;
1250 1063 1323 1107 ille
1341 1072 1487 1107 autem
1510 1071 1560 1107 ut
1582 1062 1755 1121 accipe-

365 1141 430 1177 ret
453 1133 688 1192 primatum
709 1169 719 1188 ‚
746 1134 912 1193 accepit
928 1134 1060 1193 pelles
1082 1134 1310 1178 haedorum
1333 1135 1377 1177 in
1402 1133 1585 1178 brachiis
1605 1155 1616 1191 3
1640 1142 1682 1177 et
1698 1133 1756 1176 sic

365 1203 488 1247 illum
515 1203 740 1247 benedixit
776 1213 918 1263 pater,
946 1204 1126 1264 palpans
1159 1205 1335 1249 brachia
1358 1205 1491 1264 ipsius
1511 1239 1521 1259 3
1556 1213 1600 1248 et
1629 1204 1754 1247 inve—

366 1274 489 1317 niens
506 1274 740 1318 hirsutum.
770 1275 855 1319 Sed
878 1274 967 1318 illi²
989 1275 1133 1335 capilli
1160 1285 1203 1319 et
1224 1284 1401 1334 peccata
1423 1275 1712 1334 portabantur
1733 1290 1757 1318 a

366 1344 525 1400 Jacob,
552 1361 641 1389 non
670 1345 896 1390 haerebant
921 1345 966 1389 in
989 1346 1141 1390 Jacob.
1173 1347 1239 1391 Sic
1263 1361 1364 1404 ergo
1391 1355 1434 1390 et
1464 1345 1657 1390 Ecclesia
1682 1345 1758 1390 Dei

365 1415 504 1460 aliena
528 1425 702 1475 peccata
726 1425 886 1476 portat,
912 1432 1001 1460 non
1023 1433 1115 1472 sua,
1139 1416 1344 1472 tolerans,
1367 1432 1503 1476 usque
1526 1417 1571 1460 in
1596 1417 1755 1473 finem3

366 1487 477 1530 sicut
494 1496 537 1531 et
560 1488 770 1531 Dominus
793 1490 916 1532 Jesus
934 1488 1130 1533 Christus
1153 1488 1292 1532 aliena
1317 1489 1521 1547 portavit.
1543 1490 1601 1531 Et
1621 1488 1757 1531 bene-

366 1557 473 1602 dixit
494 1558 709 1602 minorem
730 1568 866 1618 pater.
894 1562 950 1604 Et
972 1559 1196 1620 quomodo
1222 1559 1476 1603 benedixit?
1498 1558 1758 1616 Mysterium

367 1638 564 1673 sanctum
579 1664 589 1684 ,
611 1629 761 1689 quales
784 1629 924 1674 futuri
946 1640 1084 1674 crant.
1106 1629 1274 1673 Volunt
1294 1631 1408 1672 enim
1436 1628 1587 1674 oculos
1609 1639 1758 1674 acutos

370 1701 619 1760 Scripturae.
646 1700 871 1744 Benedixit
906 1700 1043 1744 filium
1079 1716 1205 1744 suum
1240 1701 1452 1745 minorem
1481 1721 1488 1746 :
1522 1711 1565 1746 et
1585 1701 1759 1746 videtur

367 1771 575 1831 deceptus
593 1772 715 1831 quasi
745 1770 1013 1814 benedixisse
1042 1770 1174 1814 alium
1203 1787 1281 1830 pro
1304 1771 1403 1815 alio.
1433 1772 1564 1816 Venit
1585 1771 1658 1816 ille
1680 1773 1757 1832 qui

367 1851 457 1886 erat
480 1841 534 1885 ad
554 1842 845 1896 venationem,
863 1851 1096 1901 apportans
1119 1842 1239 1901 quod
1262 1851 1384 1900 pater
1397 1844 1600 1902 jusserat,
1623 1852 1666 1887 et
1688 1843 1757 1887 di-

367 1914 426 1957 cit
447 1933 454 1956 z
487 1932 506 1954 «
534 1915 660 1956 Pater
676 1948 686 1966 ,
726 1911 963 1966 manduca,
988 1913 1098 1956 sicut
1120 1911 1309 1957 voluisti.
1339 1913 1452 1957 Dixit
1476 1916 1594 1958 Isaac
1611 1949 1622 1968 ‚
1649 1915 1755 1967 Quis

372 2003 390 2025 »
427 1999 469 2027 es
493 1985 572 2027 tu?
594 1986 650 2026 Et
671 1981 764 2036 ille,
789 1985 883 2041 Ego
914 1998 1008 2026 sum
1032 1984 1147 2027 Esaii
1175 1983 1289 2027 filius
1310 1993 1410 2028 tuus
1430 1986 1584 2044 major.
1606 1987 1664 2029 Et
1688 1984 1758 2028 di-

369 2072 389 2094 »
425 2055 508 2108 cit,
549 2056 665 2112 Ergo
689 2063 737 2097 tu
771 2069 814 2096 es
837 2054 983 2097 Esaii?
1005 2054 1107 2106 Quis
1129 2063 1192 2098 est
1223 2064 1370 2098 autem
1394 2056 1484 2115 jam
1509 2055 1585 2115 qui
1608 2055 1758 2100 attulit

373 2145 390 2167 ι)
427 2125 530 2169 mihi
548 2140 710 2179 escam,
736 2133 779 2168 et
797 2124 1077 2179 manducavi,
1104 2134 1146 2168 et
1169 2124 1369 2169 benedixi
1392 2125 1541 2181 illum,
1564 2135 1607 2170 et
1624 2127 1759 2170 bene-

372 2216 389 2237 »
427 2195 568 2239 dictus
592 2197 720 2239 est3?
745 2213 764 2236 »
792 2197 828 2239 Ο
845 2195 969 2239 irasci
991 2195 1212 2254 deceptori
1232 2195 1240 2238 Ξ
1267 2211 1292 2239 o
1314 2195 1439 2240 irasci
1463 2195 1606 2241 fallaci
1627 2197 1634 2240 1
1663 2200 1757 2241 Imo

368 2267 438 2311 dic
455 2303 465 2322 ,
504 2270 647 2320 Quare
676 2283 746 2310 me
772 2266 975 2326 decepit?
997 2282 1131 2327 quare
1154 2282 1222 2310 me
1256 2266 1442 2312 fefellit?
1474 2267 1598 2312 tollat
1620 2268 1756 2313 bene-

368 2338 603 2383 dictionem
628 2337 748 2381 illam
772 2337 903 2382 frater
927 2338 1081 2398 ipsius,
1108 2347 1152 2382 et
1172 2338 1224 2381 sit
1245 2339 1289 2380 in
1316 2338 1455 2383 malis.
1483 2342 1637 2384 Nonne
1665 2340 1756 2384 cla-

369 2418 457 2453 mat
481 2409 575 2452 haec
598 2423 663 2452 res
692 2409 737 2451 in
761 2409 966 2466 mysterio
988 2408 1124 2463 facta,
1162 2417 1210 2452 ut
1232 2410 1370 2468 major
1391 2409 1548 2454 serviat
1570 2411 1758 2455 minori?

370 2479 540 2538 Accipit
561 2493 661 2537 ergo
682 2478 810 2522 talem
835 2489 877 2523 et
898 2480 988 2539 ipse
1007 2479 1371 2523 benedictionem.
1400 2479 1483 2524 Sed
1505 2481 1725 2540 subjunxit
1743 2500 1752 2526 :

373 2569 394 2593 «
427 2550 523 2594 Eris
545 2565 691 2595 servus
709 2549 850 2594 fratris
875 2552 951 2595 tui.
978 2552 1088 2596 Cum
1111 2549 1183 2594 ille
1203 2549 1381 2605 diceret‚
1405 2552 1629 2612 Numquid
1654 2552 1756 2597 fini-

421 2642 427 2658 ¹
456 2635 574 2668 Matth.
596 2646 659 2675 xxi,
673 2634 728 2678 43.
750 2653 790 2659 -
810 2643 823 2659 ²
846 2638 949 2670 Forte
970 2635 1049 2679 pilli.
1065 2653 1106 2659 —-
1128 2634 1140 2661 3
1158 2638 1237 2670 Gen.
1253 2647 1356 2674 xxvn,
1374 2637 1427 2678 31,
1444 2641 1507 2669 etc.
