1924 3309
438 226 522 264 200
874 231 908 263 s.
945 232 1176 264 Auousnm
1208 234 1389 264 imscom

438 301 559 363 quod
582 302 642 345 ibi
663 302 924 346 seminatum
946 312 1009 347 est
1030 322 1038 347 z
1065 303 1122 346 sic
1140 311 1312 362 oportet
1334 312 1378 348 et
1399 317 1642 348 sermonem
1666 304 1741 347 Dei
1758 318 1827 349 vo·
1870 288 1874 341 Ῐ

437 373 502 418 bis
516 387 685 432 semper
706 373 869 432 repeti,
896 388 950 417 ne
972 372 1096 418 obliti
1114 373 1265 418 dicatis
1286 389 1363 419 vos
1383 389 1473 420 non
1491 373 1659 419 audisse
1675 409 1686 430 ‚
1707 374 1828 435 quod

439 444 623 490 dicimus
646 460 736 489 non
759 444 930 490 dixisse.

497 519 552 560 ΙΙ.
579 515 808 561 Accedunt
831 515 975 570 multi,
1004 524 1046 559 et
1067 514 1201 560 modo
1218 525 1393 576 tempus
1413 525 1493 571 est,
1518 526 1568 561 ut
1589 517 1634 560 in
1651 518 1828 562 nomine

438 587 514 631 Dei
536 585 743 630 festinent
760 587 953 646 accipere
975 585 1155 643 gratiam
1173 586 1394 646 baptismi,
1421 585 1647 631 credentes
1669 586 1829 632 dimitti

436 658 519 702 sibi
542 658 686 702 omnia
704 666 896 717 peccata,
922 673 1022 716 quae
1043 665 1169 700 antea
1186 658 1516 713 commiserunt,
1541 673 1717 717 prorsus
1739 673 1830 703 om-

437 730 530 787 nia3
545 738 589 773 et
605 729 719 772 exire
738 728 842 772 inde
864 727 974 771 nihil
990 726 1200 772 debentes
1224 728 1411 773 Domino
1429 748 1437 773 :
1457 728 1830 789 quemadmodum

1862 0 1867 67 ¹.

1865 80 1868 117 Ε

1866 146 1871 226 ¹·

1869 233 1872 266 ι

1871 305 1875 362 ἱ

435 815 583 845 servus
605 799 700 855 ille,
722 800 798 859 qui
816 798 1030 844 rationem
1053 798 1267 843 reddebat
1284 798 1463 844 domino
1481 814 1575 854 suo,
1597 808 1641 844 et
1662 799 1831 844 invenit
1883 821 1886 841 ι

436 870 560 914 illum
578 870 738 914 debere
761 868 911 913 decem
935 868 1071 914 millia
1089 869 1355 915 talentorum
1372 872 1385 895 ¹
1405 891 1416 928 3
1437 870 1495 914 sic
1517 879 1665 914 tamen
1687 885 1830 914 reces-

433 943 487 986 sit
508 940 617 985 nihil
654 940 841 995 debens,
877 956 967 986 non
995 942 1096 1001 quia
1120 941 1228 985 nihil
1250 942 1341 1001 ipse
1379 940 1571 986 debebat
1587 977 1597 995 ‚
1628 940 1704 985 sed
1726 942 1829 1002 quia

436 1012 509 1056 ille
527 1011 768 1056 misericors
787 1020 902 1066 erat,
928 1011 1092 1056 dimisit
1113 1012 1273 1067 omnia,
1295 1021 1338 1056 et
1361 1012 1606 1056 debitorem
1627 1010 1826 1056 absolvit.

437 1087 493 1129 Et
512 1092 659 1128 tamen
675 1118 686 1138 ,
707 1081 878 1137 fratres,
898 1083 1123 1143 quomodo
1140 1099 1219 1128 nos
1239 1084 1395 1127 terruit
1410 1083 1693 1128 vehementer
1714 1083 1830 1127 idem

436 1155 526 1213 ipse
544 1156 722 1198 servus?
744 1154 855 1207 Quia
886 1153 1029 1198 noluit
1052 1153 1270 1198 dimittere
1293 1169 1502 1199 conservo
1524 1169 1602 1197 suo
1618 1188 1629 1208 ,
1654 1152 1725 1198 vel
1742 1151 1831 1196 dif-

434 1223 548 1268 ferre
567 1224 833 1268 solutionem
851 1233 1028 1267 centum
1048 1223 1345 1279 denariorum,
1368 1223 1594 1283 replicavit
1609 1222 1673 1267 illi
1696 1223 1832 1267 domi-

437 1310 516 1339 nus
545 1295 697 1339 decem
720 1294 854 1338 millia
876 1294 1144 1338 talentorum
1159 1330 1170 1350 ,
1186 1311 1286 1355 quae
1308 1293 1372 1338 illi
1391 1293 1627 1338 dimiserat.
1650 1294 1706 1337 Hi
1728 1309 1832 1353 ergo

435 1366 512 1426 qui
542 1366 700 1410 exituri
736 1374 839 1409 sunt
862 1365 915 1410 de
940 1365 1156 1425 baptismo
1184 1365 1293 1409 nihil
1318 1364 1555 1420 debentes,
1581 1373 1625 1409 et
1643 1364 1831 1409 absoluti

436 1437 638 1481 omnibus
660 1437 847 1497 peccatis
866 1472 876 1491 ‚
904 1445 1087 1481 caveant
1118 1452 1173 1480 ne
1195 1437 1229 1480 si
1251 1437 1348 1496 quis
1370 1436 1415 1481 in
1437 1436 1533 1481 illos
1555 1436 1828 1496 peccaverit,

435 1518 478 1552 et
514 1508 737 1552 noluerint
759 1508 838 1567 ipsi
871 1506 1090 1551 dimittere
1104 1543 1115 1560 ,
1136 1522 1226 1551 non
1248 1506 1390 1551 solum
1409 1507 1614 1566 deinceps
1637 1522 1728 1550 non
1748 1505 1833 1550 illis

434 1578 728 1633 dimittantur,
750 1579 826 1622 sed
843 1578 974 1622 etiam
996 1578 1140 1622 omnia
1163 1593 1263 1637 quae
1280 1577 1453 1620 dimissa
1474 1575 1671 1631 fuerant,
1698 1575 1831 1635 repli-

434 1660 604 1695 centur.
617 1653 755 1695 Nemo
769 1665 873 1708 ergo
887 1649 1020 1702 dicat,
1036 1649 1141 1702 Quis
1158 1647 1278 1692 istud
1294 1647 1412 1701 facit,
1430 1656 1506 1692 aut
1519 1648 1615 1708 quis
1635 1647 1751 1692 istud
1765 1645 1831 1692 fe-

435 1724 520 1767 cit?
530 1722 725 1766 Dicendo
740 1721 820 1764 sibi
834 1720 952 1764 istud
964 1721 1163 1763 homines
1177 1720 1441 1763 moriuntur.
1456 1719 1593 1777 Dilige
1605 1719 1832 1764 inimicum

439 1803 586 1847 tuum,
607 1791 713 1836 dicit
735 1791 945 1835 Dominus
969 1810 977 1834 z
1005 1799 1048 1833 et
1070 1799 1118 1834 tu
1134 1827 1144 1844 ‚
1166 1790 1272 1843 Quis
1295 1788 1412 1834 istud
1435 1788 1570 1833 facit?
1602 1790 1709 1843 Quia
1741 1790 1831 1848 ipse

436 1879 526 1908 non
548 1863 653 1907 fecit
670 1897 681 1917 ‚
719 1870 845 1921 putat
865 1861 967 1920 quia
1001 1875 1130 1903 nemo
1163 1861 1309 1919 potuit
1342 1858 1499 1903 facere.
1527 1862 1611 1903 Res
1632 1859 1679 1902 in
1700 1860 1831 1905 corde

435 1945 500 1979 est
526 1954 536 1979 2
559 1933 674 1978 unde
697 1933 816 1977 vides
834 1932 931 1992 quis
949 1930 1060 1975 illud
1082 1930 1216 1975 facit?
1240 1934 1369 1975 Putas
1392 1931 1507 1974 enim
1526 1931 1629 1990 quia
1648 1946 1738 1975 non
1761 1930 1830 1975 di-

436 2007 551 2050 misit
574 2005 647 2049 ille
666 2005 743 2065 qui
772 2004 963 2048 clamat?
993 2006 1123 2047 Forte
1148 2003 1263 2046 enim
1296 2001 1534 2062 aliquando
1561 2002 1720 2047 clamat
1749 2003 1831 2047 ali-

433 2078 530 2138 quis
547 2112 558 2132 ,
580 2086 623 2120 et
634 2076 764 2136 jubet
780 2075 891 2119 caedi
912 2074 1137 2119 hominem
1153 2109 1164 2128 ‚
1195 2080 1238 2118 et
1261 2083 1387 2134 putas
1408 2074 1512 2134 quia
1535 2089 1625 2118 non
1647 2074 1825 2118 dimisit.

436 2150 615 2203 Quare?
657 2151 723 2191 Tu
758 2145 937 2207 quando
970 2146 1100 2190 caedis
1122 2145 1260 2189 filium
1284 2155 1409 2189 tuum
1426 2181 1436 2200 ‚
1471 2154 1591 2190 tenes
1613 2144 1762 2190 odium
1786 2147 1829 2189 in

437 2220 568 2264 corde
592 2221 704 2263 tuo?
726 2221 844 2277 Ergo
868 2233 933 2262 res
956 2218 1001 2261 in
1018 2216 1150 2262 corde
1172 2226 1235 2261 est
1261 2236 1269 2262 :
1295 2217 1411 2261 solus
1435 2220 1547 2262 Deus
1567 2217 1688 2262 videt
1709 2218 1742 2261 si
1764 2216 1830 2261 di-

438 2292 614 2335 missum
643 2299 722 2335 est.
755 2289 1004 2351 Aliquando
1026 2289 1141 2332 enim
1165 2304 1254 2332 non
1290 2287 1420 2332 caedit
1451 2288 1631 2349 aliquis,
1657 2288 1830 2333 videtur

440 2378 614 2423 parcere
636 2377 769 2405 manu
789 2397 800 2415 ‚
826 2371 869 2406 et
905 2361 1026 2406 saevit
1053 2361 1098 2404 in
1128 2359 1280 2415 corde,
1312 2369 1354 2404 et
1376 2369 1498 2419 optat
1530 2359 1640 2404 male
1661 2359 1827 2404 homini

439 2437 555 2478 intus
569 2469 580 2485 ,
606 2442 649 2482 et
666 2433 762 2478 vult
784 2448 882 2488 eum
908 2432 1053 2477 necari
1075 2452 1083 2476 :
1106 2440 1225 2476 tenet
1246 2440 1398 2475 contra
1419 2430 1546 2475 illum
1565 2430 1724 2476 malam
1748 2446 1828 2475 vo-

438 2505 676 2559 luntatem,
701 2505 898 2564 quamvis
926 2502 1034 2548 nihil
1063 2502 1126 2547 illi
1155 2501 1435 2562 corporaliter
1462 2501 1645 2547 reddere
1677 2501 1828 2547 videa-

491 2598 496 2612 ¹
519 2590 634 2621 ΜηΗΙι,
658 2600 745 2630 xviii,
762 2588 817 2630 ν’,
