1867 3320
392 321 532 351 samio
562 325 634 365 lx,
670 329 723 356 nr:
755 332 897 362 DECEM
926 337 1118 370 cuonms.
1363 346 1445 385 243

71 386 135 424 est
160 394 261 425 cum
294 385 435 430 Patre.
461 390 518 434 Et
538 390 637 437 ideo
670 410 760 441 non
781 399 914 446 debet
941 419 966 449 a
986 406 1112 452 nobis
1139 413 1274 472 accipi
1301 418 1347 462 in
1371 436 1446 467 va-

67 463 197 506 num,
220 461 272 497 ut
297 464 503 514 putemus
530 476 630 508 eum
671 466 838 514 factum
857 506 869 528 ‚
905 471 951 518 id
978 485 1065 533 est,
1099 490 1340 530 creaturam
1366 490 1444 534 ali-

65 534 197 580 quam
215 556 228 579 ,
252 538 330 583 per
345 531 608 587 quemfacta
630 547 732 583 sunt
746 542 892 588 omnia
919 562 928 590 :
947 547 1051 606 quia
1070 548 1161 609 ipse
1177 567 1290 599 unus
1311 559 1440 613 Deus,

63 591 189 637 Pater
206 603 270 640 est
290 605 334 641 et
361 599 498 647 Filius
516 613 559 649 et
582 607 767 665 Spiritus
788 622 977 660 sanctuS.
1005 620 1057 663 In
1088 622 1252 680 Spiritu
1273 639 1439 686 saneto,

61 658 144 707 hoc
160 672 246 721 est,
268 666 314 711 in
343 668 461 716 dono
477 674 580 730 Dei,
605 680 777 738 requies
798 684 925 730 nobis
945 690 1207 749 sempiterna
1223 699 1442 754 promitti-

59 739 145 777 tur.
170 734 280 781 Inde
313 739 446 786 modo
473 744 631 804 pignus
659 753 919 812 accepimus.
945 759 1013 804 Sic
1039 762 1156 808 enim
1176 765 1282 812 dicit
1301 771 1442 829 Apos-

58 801 170 848 tolus
194 823 203 850 :
231 825 251 849 «
277 810 363 861 Qui
393 810 518 859 dedit
549 818 674 863 nobis
705 822 862 882 pignus
886 828 1133 886 Spiritum1.
1160 851 1182 876 »
1210 837 1253 881 Si
1281 839 1439 899 pignus

53 874 320 934 accepimus,
359 890 410 926 ut
441 883 700 945 incipiamus
720 891 766 936 in
808 896 994 943 Domino
1018 910 1061 945 et
1091 903 1137 947 in
1165 907 1255 952 Deo
1289 921 1438 958 nostro

51 946 276 1004 tranquilli
297 963 387 995 esse
402 986 413 1007 ,
449 964 500 998 ut
519 956 651 1002 simus
673 960 719 1004 in
741 964 830 1008 Deo
846 960 995 1012 nostro
1030 971 1156 1018 mites
1171 1008 1184 1029 ‚
1225 978 1358 1024 simus
1389 983 1436 1026 in

49 1013 139 1058 -Deo
160 1016 399 1078 patientes3
420 1023 580 1070 erimus
613 1029 745 1074 etiam
774 1032 820 1077 in
848 1034 926 1080 illo
946 1039 1066 1084 unde
1085 1042 1243 1102 pignus
1265 1052 1436 1110 accepi-

47 1097 165 1140 mus,
189 1086 234 1131 in
256 1097 471 1137 aeternum
503 1097 666 1156 quieti3
700 1102 821 1161 quod
858 1107 940 1152 erit
967 1110 1200 1160 sabbatum
1228 1118 1434 1168 sabbato-

44 1167 143 1199 rum
157 1189 170 1211 ‚
189 1168 368 1218 propter
380 1163 517 1222 ipsam
538 1170 734 1228 requiem
755 1177 1046 1232 pertinentem
1068 1183 1123 1228 ad
1141 1186 1307 1233 donum
1330 1194 1430 1252 Spi-

44 1223 150 1269 ritus
165 1229 320 1273 sancti.
342 1234 535 1279 Tertium
557 1237 707 1299 itaque
727 1256 995 1306 praeceptum
1016 1252 1070 1297 de
1092 1255 1289 1315 sabbato,
1307 1264 1428 1322 quod

39 1292 252 1353 diximus,
277 1300 398 1359 quod
419 1306 650 1352 carnaliter
681 1313 707 1354 J
712 1313 824 1358 udaei
844 1317 1088 1378 celebrant,
1119 1341 1198 1371 nos
1225 1331 1429 1388 spiritali-

40 1370 104 1410 ter
123 1380 422 1425 agnoscamus.
448 1377 558 1421 Nam
579 1379 681 1438 quia
700 1383 882 1441 Spiritus
899 1400 1072 1436 sanctus
1094 1394 1267 1454 dicitur,
1289 1416 1425 1462 prop-

39 1441 152 1481 terea
182 1441 415 1497 septimum
447 1445 563 1492 diem
594 1452 878 1501 sanctificavit
913 1461 1028 1506 Deus
1047 1497 1058 1518 ‚
1103 1470 1282 1524 quando
1317 1473 1424 1520 fecit

32 1506 176 1552 omnia
194 1523 322 1568 opera
340 1528 439 1569 sua,
465 1517 575 1562 sicut
603 1519 648 1563 in
671 1522 826 1568 Genesi
847 1528 1056 1587 scriptum
1083 1533 1283 1594 legimus.
1321 1544 1419 1589 Non

31 1572 92 1620 ibi
119 1577 251 1625 habes
273 1585 543 1632 nominatam
581 1592 966 1643 sanctificationem
985 1635 996 1655 ,
1021 1604 1102 1647 nisi
1140 1606 1216 1652 illo
1237 1610 1308 1655 die
1338 1614 1415 1660 ubi

31 1643 186 1707 dicitur
202 1685 213 1705 ‚
241 1655 472 1714 Requievit
495 1661 608 1704 Deus
633 1663 688 1706 ab
707 1667 912 1723 operibus
925 1672 1028 1716 suis.
1054 1676 1152 1720 Non
1173 1681 1291 1725 enim
1309 1682 1412 1729 fati-

28 1725 149 1775 gatus
169 1732 260 1766 erat
287 1726 427 1782 Deus,
453 1737 504 1773 ut
524 1728 758 1789 diceretur,
788 1754 808 1778 «
834 1740 1064 1799 Requievit
1087 1747 1200 1792 Deus
1222 1751 1278 1794 ab
1306 1769 1412 1813 ope-

28 1801 50 1827 n
79 1787 199 1834 ribus
219 1792 357 1851 suis²;
380 1813 401 1837 »
435 1798 514 1842 sed
536 1800 581 1844 in
603 1801 678 1847 illo
697 1805 833 1851 verbo
860 1809 940 1853 tibi
972 1810 1190 1862 laboranti
1214 1825 1408 1881 requiem

22 1859 215 1915 promisit
253 1871 304 1906 ut
327 1865 430 1922 quia
451 1864 554 1912 fecit
578 1871 722 1916 omnia
745 1873 861 1920 bona
883 1878 1011 1924 valde
1033 1917 1044 1936 ‚
1076 1894 1120 1929 et
1149 1888 1207 1933 sic
1229 1889 1403 1951 dicitur,

24 1925 246 1987 Requievit
269 1934 383 1976 Deus
399 1968 410 1989 ,
449 1935 663 1996 intelligas
690 1942 817 1987 etiam
842 1953 884 1988 te
905 1959 1001 2005 post
1025 1951 1139 1998 bona
1175 1973 1306 2017 opera
1335 1980 1405 2009 re-

80 1995 268 2043 'eturum
286 2035 297 2054 ‚
322 2011 366 2046 et
383 2003 475 2048 sine
497 2006 585 2050 fine
622 2011 935 2069 requieturum.
962 2021 1069 2065 Nam
1099 2028 1245 2073 omnia
1272 2047 1404 2093 supe—

19 2063 126 2111 riora
147 2084 248 2128 quae
271 2070 388 2117 dicta
411 2084 535 2129 sunt,
560 2077 606 2121 id
623 2088 708 2136 est,
741 2081 832 2127 dies
854 2089 1094 2146 superiores
1116 2094 1279 2144 habent
1306 2118 1402 2150 ves-

93 2151 162 2182 am
196 2158 206 2184 :
240 2142 448 2200 septimus
480 2146 558 2191 iste
593 2149 684 2194 dies
720 2167 810 2197 non
847 2156 979 2204 habet
1012 2172 1280 2226 vesperam³,
1319 2177 1397 2220 ubi

40 2200 42 2202 ’
143 2211 424 2258 sanctificavit
446 2218 657 2276 requiem.
676 2221 843 2268 Dicitur
860 2225 934 2282 ibi,
955 2232 1139 2278 Factum
1162 2248 1225 2283 est
1245 2256 1389 2301 mane,

80 2275 288 2338 inciperet
309 2282 400 2342 ipse
431 2283 537 2331 dies.
562 2289 660 2334 Non
682 2289 848 2338 dictum
876 2307 967 2354 est,
998 2303 1182 2351 Factum
1209 2320 1273 2355 est
1292 2327 1392 2361 ves-

38 2409 72 2447 (1
89 2414 109 2439 2
127 2410 198 2441 Cor·
215 2421 238 2452 Ι,
257 2420 310 2445 22·
334 2430 375 2436 ,-,
395 2421 407 2436 2
425 2418 505 2448 Gen·
524 2428 558 2458 n,
581 2430 608 2452 1.
629 2436 670 2443 -
691 2418 704 2443 3
721 2423 798 2455 Cod.
820 2426 904 2456 uass.
926 2438 958 2468 n,
978 2429 1033 2461 sol.
1065 2433 1148 2466 118:
1172 2449 1187 2465 «
1206 2440 1276 2473 Nou
1288 2442 1385 2478 habet

36 2467 173 2505 “Pomm
186 2489 194 2505 ,
215 2477 286 2500 nam
307 2473 339 2500 ct
358 2470 387 2501 in
407 2472 506 2514 mima
527 2474 578 2506 die
595 2475 711 2508 dicitur
727 2489 733 2508 z
756 2480 886 2511 Fachlffl
906 2486 955 2514 ⁰⁵2
971 2495 1124 2528 ‘'min-'wi
1140 2496 1173 2524 et
1189 2494 1219 2525 ’.Π
1235 2501 1386 2540 S‘*¹⁰¹¹¹¹d⁰·

47 2503 88 2549 qn
104 2520 214 2561 tenio,
234 2527 267 2554 et
288 2524 319 2556 1„
338 2531 466 2569 quarto,
487 2533 520 2560 et
534 2530 564 2561 in
583 2533 705 2574 quinto,
728 2538 761 2565 ct
780 2534 809 2566 in
828 2541 917 2569 sexto
943 2539 1011 2573 div.
1031 2543 1148 2578 dicitur
1164 2560 1171 2578 :
1197 2551 1326 2586 Factum
1342 2563 1386 2588 cst

31 2580 150 2616 uper-e.
189 2579 322 2614 Venitur
354 2584 394 2615 ad
429 2585 627 2629 septimum,
661 2588 715 2621 ubi
758 2593 840 2624 Deus
873 2598 1084 2631 sanctificavit
1116 2605 1270 2646 requiem.
1307 2614 1389 2645 hicn

56 2649 68 2670 ,
82 2633 144 2664 etc.
166 2644 182 2662 υ

1152 2715 1214 2753 lo.
