1924 3309
373 237 454 276 332
809 247 841 273 s.
878 243 1108 273 AUGUSTINI
1142 244 1321 271 EPISCOPI

373 320 514 357 rectus
536 308 682 365 eorde,
701 318 744 354 et
761 309 1017 369 displicebat
1038 309 1076 352 ei
1099 312 1211 352 Deus
1233 328 1241 352 :
1268 316 1415 368 postea
1437 322 1539 353 vero
1561 309 1755 369 resipuit,

372 392 415 426 et
432 379 541 426 vidit
557 395 644 425 non
666 395 755 424 esse
777 382 914 424 Deum
937 393 1187 439 perversum
1203 413 1214 433 ‚
1241 377 1316 422 sed
1337 393 1382 422 se
1402 377 1534 423 fuisse
1554 394 1643 424 non
1662 394 1758 423 rec·

372 465 497 500 tum:
542 462 585 497 et
604 450 854 496 recordatus
887 460 1082 509 tempora
1104 449 1326 510 pravitatis
1358 464 1462 505 suae,
1502 457 1546 493 et
1571 464 1759 509 praesens

372 524 649 570 correctionis
670 538 775 578 suae,
801 523 860 567 ait
886 541 894 567 :
933 541 952 562 «
988 525 1126 574 Quam
1147 520 1289 564 bonus
1310 522 1424 564 Deus
1447 518 1601 564 Israel!
1639 537 1660 561 »
1685 519 1761 564 sed

372 596 563 656 quibus?
599 613 619 636 «
643 594 768 638 rectis
797 593 941 638 corde.
969 610 988 633 »
1014 591 1132 644 Quid
1153 591 1269 634 enim
1287 592 1365 635 tu?
1393 609 1413 632 «
1436 591 1524 635 Mei
1545 599 1713 646 autem,
1736 609 1756 632 »

374 667 535 727 inquit,
564 685 583 707 «
609 681 719 725 pene
751 663 957 709 commoti
994 671 1096 706 sunt
1116 663 1249 723 pedes
1266 697 1277 717 ,
1314 661 1446 722 paulo
1469 662 1613 706 minus
1634 661 1761 706 effusi

377 757 397 779 »
433 747 536 781 sunt
554 751 720 795 gressus
740 735 847 779 mei¹
880 754 888 779 :
920 751 939 774 »
968 732 1013 777 id
1041 742 1128 788 est,
1169 748 1280 793 pene
1312 732 1458 793 lapsus
1490 747 1600 777 sum.
1639 733 1763 777 Unde

373 809 487 853 hoc?
513 827 532 849 «
559 807 669 860 Quia
684 805 817 850 zelavi
839 805 884 848 in
900 804 1220 864 peccatoribus,
1238 818 1389 864 pacem
1404 803 1764 864 peccatorumin-

378 897 398 920 >›
435 880 602 922 tuens².
627 876 751 922 Unde
769 891 872 935 ergo
884 876 1091 920 commoti
1113 875 1278 920 fuerint
1290 874 1421 934 pedes
1442 875 1573 935 hujus
1590 882 1634 918 et
1654 888 1765 933 pene

375 949 484 1008 lapsi
505 949 590 993 sint
603 963 786 1006 gressus,
809 947 1016 1007 quoniam
1032 962 1120 991 non
1136 946 1291 1000 tacuit,
1309 944 1554 990 cavendum
1574 943 1762 989 monuit.

376 1019 645 1079 Expectabat
665 1034 688 1062 a
711 1020 815 1072 Deo,
847 1016 1087 1060 secundum
1111 1025 1234 1060 vetus
1265 1018 1614 1070 Testamentum,
1641 1016 1768 1073 igno-

375 1104 474 1133 rans
504 1089 566 1131 ibi
603 1103 693 1131 esse
725 1088 845 1146 signa
879 1087 1128 1131 futurorum
1156 1108 1169 1145 3
1199 1086 1453 1146 expectabat
1497 1101 1599 1144 ergo
1633 1101 1655 1129 a
1678 1087 1768 1129 Deo

378 1159 600 1219 praesentis
622 1158 721 1201 vitae
744 1157 1015 1211 felicitatem,
1042 1167 1085 1201 et
1104 1158 1149 1201 in
1165 1158 1247 1201 1136
1271 1166 1383 1201 terra
1405 1156 1631 1216 quaerebat
1649 1154 1766 1215 quod

377 1230 463 1274 suis
479 1232 593 1272 Deus
615 1228 660 1271 in
675 1227 790 1271 coelo
807 1227 1019 1271 servabat.
1038 1226 1159 1270 Felix
1182 1226 1357 1271 volebat
1373 1242 1462 1270 esse
1483 1227 1569 1281 hie,
1591 1240 1692 1270 cum
1706 1224 1769 1268 fe-

378 1300 514 1344 licitas
541 1313 630 1343 non
652 1299 706 1342 sit
727 1298 812 1342 hic.
838 1300 923 1341 Res
946 1298 1062 1341 enim
1079 1297 1194 1341 bona
1219 1306 1261 1340 et
1283 1312 1440 1356 magna
1471 1305 1534 1342 est
1555 1296 1735 1340 felicitas
1756 1316 1769 1354 3

379 1369 453 1414 sed
474 1369 608 1413 habet
630 1369 852 1428 regionem
876 1383 1014 1413 suam.
1052 1371 1114 1412 De
1142 1368 1315 1425 regione
1338 1367 1552 1412 felicitatis
1574 1367 1770 1412 Christus

379 1442 519 1497 venit,
541 1451 584 1484 et
602 1441 670 1484 hic
689 1455 783 1484 eam
803 1455 882 1484 nec
902 1441 991 1499 ipse
1008 1440 1186 1483 invenit.
1210 1440 1363 1483 Irrisus
1378 1448 1463 1494 est,
1485 1439 1771 1498 exprobratus

381 1521 465 1567 est,
493 1512 787 1571 apprehensus
810 1520 894 1565 est,
932 1510 1174 1568 flagellatus
1196 1519 1281 1564 est,
1307 1509 1478 1553 vinctus
1500 1518 1584 1563 est,
1618 1508 1772 1568 palmis

381 1598 516 1627 caesus
538 1591 623 1637 est,
650 1582 831 1625 affectus
855 1580 1118 1625 contumelia
1145 1588 1395 1639 sputorum,
1434 1579 1566 1637 spinis
1588 1594 1772 1622 corona-

385 1663 451 1697 tus
474 1663 557 1707 est,
597 1653 716 1711 ligno
739 1668 973 1711 suspensus
1001 1671 1009 1696 :
1038 1650 1092 1695 ad
1118 1661 1360 1696 extremum
1378 1686 1388 1705 ,
1429 1651 1602 1694 Domini
1638 1650 1774 1693 exitus

383 1724 546 1768 mortis.
590 1726 642 1766 In
667 1721 837 1766 Psalmo
858 1721 1068 1779 scriptum
1091 1730 1177 1775 est,
1203 1721 1284 1778 (Hi
1311 1719 1661 1764 acclamaverunt
1699 1720 1772 1780 qui

383 1795 733 1852 cognoverunt),
767 1810 788 1833 «
819 1794 875 1834 Et
903 1790 1073 1834 Domini
1102 1790 1239 1835 exitus
1271 1790 1468 1835 111011133.
1505 1807 1525 1830 »
1558 1789 1675 1844 Quid
1704 1790 1774 1834 hie

385 1881 504 1924 ergo,
540 1878 675 1918 serve,
714 1861 966 1906 felicitatem
1006 1861 1207 1920 requiris,
1248 1861 1325 1904 ubi
1356 1870 1399 1904 et
1432 1860 1607 1904 Domini
1636 1860 1774 1904 exitus

385 1935 560 1980 mortis?
596 1936 706 1978 Cum
732 1946 832 1989 ergo
857 1932 902 1975 in
922 1931 1099 1990 regione
1127 1946 1216 1975 non
1234 1946 1310 1975 sua
1332 1929 1605 1985 felicitatem,
1630 1931 1776 1990 requi-

386 2014 498 2049 reret
516 2003 603 2058 ille,
629 2002 683 2046 de
707 2018 795 2063 quo
807 2001 928 2062 loqui
950 2016 1165 2060 coeperam
1179 2036 1189 2055 ,
1221 2009 1263 2044 et
1285 2009 1463 2060 propter
1484 1999 1603 2044 illam
1626 2000 1670 2043 111
1692 2000 1774 2043 1136

385 2077 471 2121 vita
489 2073 811 2134 adipiscendam
834 2071 1082 2116 cohiberet²
1105 2074 1211 2126 Deo,
1245 2072 1371 2131 eique
1393 2071 1592 2125 serviret,
1618 2079 1661 2114 et
1684 2071 1775 2130 ejus

390 2155 603 2207 praecepta
625 2154 674 2189 ut
696 2154 866 2205 poterat
900 2143 1059 2188 faceret
1085 2164 1096 2200 3
1121 2142 1228 2187 vidit
1245 2144 1328 2187 hoc
1349 2157 1557 2201 magnum
1574 2177 1584 2196 ,
1605 2141 1675 2187 vel
1697 2156 1775 2201 pro

389 2233 564 2277 magnO,
605 2216 725 2276 quod
748 2214 972 2275 quaerebat
996 2230 1017 2258 3
1050 2217 1156 2268 Β60,
1179 2222 1222 2256 et
1240 2221 1415 2272 propter
1438 2212 1557 2272 quod
1580 2216 1666 2256 Deo
1688 2227 1776 2255 ser-

389 2290 533 2333 viebat
547 2323 557 2342 ,
583 2302 672 2331 esse
691 2288 807 2346 apud
831 2301 902 2330 eos
924 2286 997 2345 qui
1015 2288 1103 2328 Deo
1116 2300 1205 2328 non
1227 2284 1492 2339 serviebant,
1516 2283 1590 2327 sed
1608 2282 1774 2327 daemo-

391 2362 459 2405 nia
485 2360 711 2415 colebant,
751 2368 794 2403 et
821 2373 973 2402 verum
992 2360 1131 2401 Deum
1156 2355 1530 2415 blasphemabant.
1561 2354 1707 2409 Vidit,
1733 2363 1776 2399 et

391 2439 633 2475 commotus
650 2439 710 2473 est
725 2465 735 2484 ,
767 2429 890 2489 quasi
910 2426 1164 2488 perdidisset
1186 2426 1377 2470 lructum
1396 2425 1556 2469 laboris
1573 2427 1654 2468 sui.
1681 2426 1775 2468 Hoc

441 2533 447 2549 ¹
472 2526 550 2558 Psal.
570 2536 666 2564 Lxxn,
684 2534 714 2557 2.
741 2542 780 2548 -
800 2532 812 2548 ²
833 2524 912 2557 lbid.
936 2524 965 2556 3.
986 2539 1027 2546 -
1045 2521 1057 2545 3
1073 2522 1151 2555 Psal.
1172 2533 1267 2563 van,
1282 2529 1336 2554 21⁴
1358 2537 1398 2543 -
1417 2519 1432 2551 4
1454 2521 1555 2553 Forte
1573 2519 1768 2559 cohaercrct,

399 2581 455 2612 wel
470 2581 627 2613 obediret.
