1867 3320
315 263 636 294 neposvrronns
667 266 724 295 nx
755 264 954 295 ems-rou
987 265 1041 295 An
1073 268 1286 299 ROMANOS.
1461 263 1488 301 7

109 329 261 374 ratoris
282 329 377 384 sui,
416 328 527 373 nihil
553 329 592 373 ei
616 328 794 389 prodest
813 329 892 374 ista
914 332 1195 390 praesumptio
1218 351 1226 376 :
1250 334 1339 378 imo
1360 336 1490 381 etiam

107 409 279 446 tantum
298 407 453 454 nocet,
474 408 524 443 ut
540 409 583 443 et
599 400 914 445 vehementiori
931 401 1096 459 peccati
1117 402 1332 446 desiderio
1355 408 1492 464 rapia-

107 480 199 525 tur,
222 470 329 514 etin
357 470 545 528 peccatis
576 469 706 513 etiam
735 470 1040 528 praevaricator
1072 471 1335 515 inveniatur.
1361 491 1382 514 «
1408 476 1491 519 Ubi

110 559 132 582 »
165 541 282 584 enim
303 555 394 584 non
410 547 473 582 est
490 541 579 583 Lex
593 573 605 594 ,
625 553 705 583 nec
725 539 1065 599 praevaricati01.
1094 559 1113 580 »
1141 539 1209 584 Sic
1231 555 1334 599 ergo
1346 543 1494 602 jacens

106 625 207 656 cum
228 625 272 654 se
293 610 478 670 quisque
500 610 773 667 cognoverit,
794 625 871 669 per
885 625 929 654 se
950 610 1093 670 ipsum
1109 626 1285 670 surgere
1306 627 1397 656 non
1417 629 1495 659 va—

106 682 210 736 lere,
224 681 428 740 imploret
443 681 704 726 Liberatoris
726 681 950 725 auxilium.
969 681 1101 725 Venit
1117 697 1218 740 ergo
1241 683 1375 741 gratia
1394 700 1494 744 quae

106 751 240 795 donet
260 759 435 809 peccata
457 751 690 809 praeterita,
707 760 750 795 et
771 760 1003 795 conantem
1025 751 1230 810 adjuvet,
1263 762 1306 796 et
1328 754 1493 799 tribuat

105 821 357 866 charitatem
375 821 554 880 justitiae
570 856 581 875 ‚
602 829 645 866 et
662 820 831 867 auferat
847 830 1029 867 metum.
1057 822 1187 875 Quod
1208 838 1310 867 curn
1331 825 1408 878 fit,
1428 834 1494 870 ta-

106 891 230 936 metsi
249 890 459 935 desideria
482 891 686 950 quaedam
708 892 848 936 carnis
863 926 875 947 ‚
901 891 1008 936 dum
1029 892 1075 935 in
1096 892 1178 936 hac
1199 893 1287 937 vita
1310 908 1460 938 sumus
1477 929 1489 950 ‚

106 961 310 1008 adversus
345 961 545 1020 spiritum
581 971 778 1007 nostrum
800 971 1027 1022 pugnant,
1065 972 1116 1007 ut
1139 978 1240 1007 eum
1263 964 1427 1009 ducant
1447 966 1495 1009 in

104 1041 333 1092 peccatum
349 1065 361 1087 ,
386 1047 475 1075 non
493 1041 639 1076 tamen
660 1033 727 1078 his
749 1031 971 1077 desideriis
991 1034 1264 1078 consentiens
1284 1035 1458 1093 spiritus
1478 1067 1488 1087 ,

103 1101 312 1161 quoniam
332 1110 398 1146 est
427 1101 537 1145 fixus
559 1102 606 1145 in
627 1103 761 1160 gratia
783 1112 827 1147 et
849 1103 1058 1148 charitate
1079 1104 1186 1159 Dei,
1211 1103 1369 1148 desinit
1387 1115 1490 1159 pec-

103 1186 215 1216 care.
240 1173 337 1216 Non
360 1170 476 1214 enim
494 1172 540 1214 in
557 1171 651 1231 ipso
669 1171 883 1217 desiderio
901 1188 1052 1232 pravo,
1069 1173 1207 1217 sedin
1227 1183 1369 1218 nostra
1389 1185 1490 1215 con·

102 1241 298 1285 sensione
314 1255 559 1300 peccamus
586 1240 656 1286 Ad
676 1242 762 1286 hoc
778 1241 894 1287 valet
915 1242 1035 1302 quod
1054 1243 1159 1287 dicit
1178 1242 1288 1287 idem
1306 1241 1489 1297 Aposto-

100 1311 169 1355 lus
186 1329 195 1356 :
211 1312 338 1356 «Non
360 1324 461 1368 ergo
484 1320 635 1369 regnet
651 1320 881 1368 peccatum
899 1312 945 1356 in
956 1320 1100 1355 vestro
1115 1304 1282 1354 mortali
1304 1321 1488 1367 corpore

105 1399 125 1423 »
160 1380 215 1425 ad
247 1379 544 1425 obediendum
572 1379 793 1424 desideriis
815 1381 906 1440 ejus
921 1383 954 1424 ².
983 1398 1004 1422 »
1030 1380 1135 1424 Hinc
1152 1375 1270 1418 enim
1292 1379 1488 1425 ostendit

101 1465 191 1495 esse
213 1448 421 1494 desideria
437 1484 448 1505 ,
472 1449 633 1509 quibus
656 1464 747 1494 non
768 1448 1016 1494 obediende
1034 1451 1265 1500 peccatum
1282 1445 1329 1489 in
1357 1447 1486 1493 nobis

100 1534 278 1578 regnare
298 1534 388 1564 non
403 1519 596 1563 sinimus.
618 1518 702 1564 Sed
719 1519 924 1579 quoniam
938 1519 1019 1556 {Sta
1034 1509 1248 1558 desideria
1270 1515 1326 1559 de
1345 1519 1483 1562 carnis

98 1590 360 1636 mortalitate
399 1598 640 1634 nascuntur
655 1624 667 1644 ‚
705 1605 804 1649 quae
825 1585 1032 1631 trahimus
1060 1597 1111 1626 ex
1134 1585 1276 1643 primo
1298 1597 1479 1645 peccato

51 1694 56 1699 .
100 1661 227 1720 primi
249 1660 437 1703 hominis
453 1692 464 1711 ‚
491 1659 609 1701 unde
631 1658 859 1703 carnaliter
891 1651 1103 1700 naSJimur
1123 1673 1135 1710 3
1159 1669 1249 1698 non
1270 1656 1481 1702 finientur

99 1730 194 1773 haec
210 1728 291 1773 nisi
313 1727 625 1773 resurrectione
646 1725 838 1785 corporis
859 1721 1198 1768 immutationem
1216 1723 1352 1779 illam,
1377 1741 1479 1786 quae

100 1798 225 1844 nobis
258 1797 552 1857 promittitur,
589 1795 903 1849 meruerimus,
922 1788 994 1833 «lbi
1024 1788 1219 1850 perfecta
1257 1808 1340 1853 pax
1360 1795 1442 1840 erit
1461 1831 1473 1851 ‚

99 1883 199 1914 cum
222 1868 267 1912 in
289 1876 446 1927 quarto
475 1865 614 1926 gradu
640 1866 961 1911 constituemur·
990 1859 1096 1905 Ideo
1117 1871 1262 1907 autem
1284 1863 1477 1923 perlecta

98 1953 202 2000 pax,
224 1937 327 1997 quia
344 1936 454 1981 nihil
471 1936 596 1981 nobis
620 1937 801 1984 resistet,
826 1945 914 1976 non
940 1930 1240 1978 resistentibus
1255 1936 1361 1980 Deo.
1384 1937 1477 1981 Hoc

99 2017 162 2052 est
183 2007 303 2068 quod
320 2006 426 2052 dicit
446 2004 679 2065 Apostolus
706 2025 714 2050 :
744 2025 755 2044 ι
777 2000 946 2059 Corpus
962 2000 1142 2061 quidem
1163 2012 1389 2049 mortuum
1411 2014 1475 2050 est

102 2095 122 2120 »
157 2086 334 2137 propter
362 2084 587 2136 peccatum
605 2110 616 2130 ,
641 2075 801 2135 spirtus
823 2078 970 2115 autem
994 2069 1082 2114 Vita
1102 2079 1166 2115 est
1183 2082 1362 2131 propter
1376 2074 1474 2132 jus-

102 2164 123 2189 »
159 2147 310 2193 titiam.
327 2146 369 2191 Si
392 2160 494 2204 ergo
518 2140 799 2205 Spiritusejus
821 2140 897 2200 qui
915 2140 1138 2185 suscitavit
1150 2142 1299 2186 Jesum
1316 2158 1339 2187 a
1361 2157 1474 2187 mor-

102 2234 123 2259 »
158 2217 263 2270 tuis,
298 2215 467 2260 habitat
500 2215 544 2259 in
574 2215 711 2268 vobi3
734 2210 809 2270 qui
831 2210 1056 2256 suscitavit
1078 2211 1302 2256 Christum
1323 2214 1471 2257 Jesum

103 2303 122 2327 »
158 2302 181 2330 a
203 2285 383 2328 mortuis
398 2319 409 2338 ,
430 2284 716 2327 vivificabi¹et
736 2280 936 2324 mortalia
952 2296 1132 2340 corpora
1155 2290 1295 2327 vestra
1315 2296 1393 2342 per
1409 2282 1470 2327 in·

102 2372 123 2396 »
158 2354 426 2399 habitantem
451 2353 641 2412 Spiritun
665 2350 758 2409 ejus
776 2349 821 2393 in
844 2350 965 2394 vobis
980 2352 1040 2392 ³.»
1060 2350 1266 2395 Liberum
1289 2366 1390 2409 ergo
1408 2366 1469 2395 ar-

101 2423 278 2468 bitrium
311 2421 499 2483 perfecte
531 2421 612 2466 fuit
631 2418 677 2463 in
704 2419 845 2478 primo
866 2419 1045 2465 homine
1063 2454 1074 2475 ,
1109 2420 1152 2465 in
1174 2422 1300 2466 nobis
1322 2431 1465 2466 autem

100 2503 198 2538 ante
216 2492 396 2552 gratiam
419 2507 506 2536 non
526 2501 588 2535 est
602 2488 781 2533 *iberum
805 2489 1032 2534 arbitrium
1047 2499 1097 2535 ut
1112 2506 1201 2537 non
1219 2505 1463 2551 peccemus,

149 2583 156 2600 ¹
182 2577 463 2618 ltom.1v,15.-
485 2576 559 2609 ²1d.
581 2585 606 2614 v,
627 2581 676 2606 12.
700 2589 739 2597 —·
761 2571 835 2607 ³1d.
857 2584 922 2614 vm,
950 2584 1003 2614 ιο,
1025 2585 1075 2607 ιι.
