1867 3320
368 297 574 329 amsa-omi:
604 296 660 328 An
689 295 878 328 cna-ras
907 297 1141 329 zxrosrrm.
1366 294 1451 334 119

77 369 267 423 dixerat,
291 384 312 410 «
335 374 640 424 cognoscentes
655 367 811 421 Deum,
832 364 979 409 »nihil
999 379 1078 410 nos
1095 379 1267 411 movere
1289 369 1446 417 debet:

77 437 353 484 manifestum
369 446 433 482 est
453 437 570 481 enim
590 435 787 497 quandiu
807 450 884 496 per
903 435 1036 480 fidem
1059 436 1347 493 ambulamu8‚
1364 456 1453 486 non

75 525 153 571 per
184 509 368 569 speciem
387 543 398 564 ‚
433 507 631 553 nondum
658 522 737 552 nos
773 506 1042 565 cognovisset
1077 509 1217 551 Deum
1235 509 1249 533 ¹
1270 528 1282 566 3
1305 509 1382 554 sed
1402 526 1452 556 ea

77 579 162 625 fide
182 580 374 640 purgari,
389 588 439 623 ut
460 587 709 638 opportuno
732 587 925 637 tempore
941 592 1200 637 cognoscere
1217 577 1451 625 valeamus,

80 650 164 697 Sed
185 651 305 711 quod
329 651 374 694 in
399 650 490 710 ipsa
511 649 779 694 correctione
797 648 883 702 ait,
909 666 929 691 «
953 648 1041 693 imo
1064 648 1228 707 cogniti
1249 665 1273 694 a
1295 651 1408 706 Deo,
1432 670 1453 693 n

78 723 111 767 si
129 722 303 782 proprie
324 721 548 781 accipitur,
566 721 795 781 putabitur
810 723 921 764 Deus
943 720 1062 780 quasi
1086 735 1138 764 ex
1158 729 1355 781 tempore
1375 721 1458 766 ali-

76 792 185 852 quid
204 807 463 852 cognoscere
480 827 491 844 ,
517 791 637 852 quod
659 800 760 836 ante
776 805 865 835 non
879 799 1082 835 noverat.
1110 791 1333 837 Translate
1353 808 1457 853 ergo

77 861 242 907 dictum
265 871 357 915 est,
385 871 434 905 ut
454 861 602 905 oculos
629 861 705 906 Dei
726 860 984 919 accipiamus
1009 862 1146 921 ipsam
1178 862 1456 908 dilectionem

77 933 194 991 ejus,
225 947 355 991 quam
386 930 708 976 commendavit
739 930 956 975 mittendo
986 947 1064 990 pro
1086 932 1226 991 impiis
1254 932 1459 978 occiden-

77 1001 183 1046 dum
206 1003 382 1046 unicum
408 1001 568 1045 Filium
589 1019 598 1046 :
618 1001 675 1045 sic
692 1001 808 1045 enim
825 999 881 1045 de
897 1001 946 1045 iis
963 1001 1041 1061 qui
1058 1001 1302 1061 diliguntur
1318 1003 1460 1048 dicere

77 1071 263 1117 solemus
284 1071 402 1132 quod
421 1081 521 1116 ante
542 1071 690 1116 oculos
708 1073 969 1117 habeantur.
993 1075 1086 1117 Hoc
1106 1083 1170 1118 est
1187 1088 1291 1132 ergo
1311 1093 1332 1117 α
1357 1090 1462 1134 cog-

81 1161 101 1184 »
136 1153 362 1188 noscentes
380 1146 516 1187 Deum
529 1178 540 1197 ‚
565 1143 654 1187 imo
674 1143 837 1202 cogniti
855 1159 878 1187 a
898 1146 1010 1198 Deo,
1029 1142 1188 1203 »quod
1209 1153 1253 1190 et
1273 1146 1462 1190 Joannes

76 1213 185 1258 dixit
211 1233 219 1258 :
249 1233 268 1256 «
292 1217 388 1259 Non
410 1214 531 1274 quod
565 1230 643 1260 nos
673 1214 950 1259 dilexerimus
974 1218 1136 1270 Deum,
1159 1216 1235 1260 sed
1253 1216 1461 1276 quoniam

80 1303 99 1325 »
135 1285 226 1343 ipse
249 1284 400 1329 dilexit
423 1300 500 1328 nos
514 1288 548 1328 ².
573 1302 593 1325 ι»

134 1357 363 1399 XXXVII.
391 1355 504 1399 Dicit
525 1364 670 1398 autem
693 1373 702 1399 ε
733 1357 924 1399 «Estote
959 1355 1066 1399 sicut
1101 1363 1145 1399 et
1174 1356 1314 1415 ego³2
1342 1359 1461 1417 »qui

75 1426 229 1485 utique
258 1441 359 1470 cum
393 1429 416 1469 J
422 1425 574 1470 udaeus
592 1434 716 1469 natus
738 1425 815 1470 sim
830 1460 840 1479 ‚
861 1426 949 1485 jam
969 1426 1048 1469 ista
1069 1425 1259 1471 carnalia
1278 1426 1461 1486 spiritali

76 1495 386 1555 dijudicatione
403 1505 638 1540 contemno
657 1530 667 1549 ,
695 1513 715 1536 «
736 1495 949 1547 Quoniam
966 1504 1010 1539 et
1026 1510 1108 1554 ego
1127 1496 1237 1541 sicut
1258 1512 1334 1541 vos
1353 1516 1363 1543 z
1382 1497 1462 1544 »id

76 1576 154 1620 est,
175 1568 306 1611 homo
320 1583 430 1610 sum.
446 1566 609 1610 Deinde
627 1576 871 1625 opportune
888 1582 937 1609 ac
954 1565 1159 1610 decenter
1173 1565 1277 1612 facit
1298 1583 1369 1613 eos
1391 1583 1461 1613 re-

76 1637 218 1682 colere
241 1638 496 1682 charitatem
517 1653 636 1681 suam
656 1672 667 1691 ,
694 1652 749 1680 ne
767 1645 974 1697 tanquam
994 1637 1115 1681 illum
1134 1637 1363 1697 deputent.
1394 1640 1463 1684 Di-

4 1740 7 1742 ·
76 1707 134 1751 cit
151 1708 267 1751 enim
285 1727 294 1752 z
323 1727 342 1749 «
364 1710 532 1751 Fratres
549 1742 560 1761 ‚
584 1722 734 1766 precor
754 1722 830 1750 vos
847 1741 858 1760 ‚
881 1707 991 1750 nihil
1012 1722 1080 1751 me
1099 1707 1267 1753 laesistis
1289 1728 1298 1754 z
1326 1727 1346 1751 »ι
1365 1718 1462 1755 tan-

75 1792 208 1836 quam
236 1777 269 1821 si
292 1776 476 1831 diceret,
500 1780 563 1821 Ne
584 1792 687 1835 ergo
710 1777 892 1835 putetis,
925 1777 1045 1837 quod
1078 1793 1159 1836 ego
1193 1778 1352 1825 laedere
1383 1796 1459 1826 vos

76 1847 263 1905 cupiam.
299 1866 317 1887 «
345 1847 466 1890 Scitis
489 1847 589 1906 quia
617 1862 694 1905 per
716 1847 1012 1892 infirmitatem
1041 1838 1180 1892 carnis
1196 1850 1457 1909 jampridem

79 1934 100 1958 ι»
135 1916 425 1975 evangelizavi
444 1917 619 1960 vobis⁴z
650 1935 668 1957 »
695 1917 739 1960 id
761 1925 848 1969 est,
881 1932 982 1961 cum
1011 1920 1354 1976 persecutionem
1376 1937 1454 1981 pa·

79 1996 204 2030 terer.
235 2005 254 2028 α
279 1989 334 2030 Et
357 1986 639 2030 tentationem
663 1996 847 2030 vestram
876 1987 920 2030 in
942 2002 1071 2031 carne
1100 2004 1194 2035 mea
1224 2005 1311 2036 non
1332 2007 1455 2051 spre-

81 2076 100 2099 υ
135 2058 281 2111 vistis,
317 2072 458 2118 neque
490 2057 754 2115 respuistis⁵.
783 2076 801 2098 »
841 2059 1011 2102 Tentati
1039 2068 1142 2103 sunt
1174 2061 1315 2116 enim,
1353 2078 1455 2109 cum

76 2130 419 2188 persecutionem
442 2138 661 2188 pateretur
685 2129 916 2188 Apostolus
934 2164 944 2183 ‚
974 2139 1121 2174 utrum
1155 2132 1308 2176 timore
1329 2132 1455 2180 dese·

78 2210 219 2246 rerent
237 2216 354 2254 eum,
371 2216 425 2244 an
447 2201 656 2244 charitate
679 2200 1057 2260 amplecterentur.
1072 2205 1125 2246 Et
1144 2223 1163 2244 ιι
1180 2218 1323 2263 neque
1338 2219 1454 2264 spre-

79 2289 101 2314 ι»
134 2271 279 2325 vistis,
316 2271 480 2329 inquit,
515 2288 535 2312 n
562 2280 768 2329 tanquam
794 2271 944 2317 utilem
984 2272 1106 2316 istam
1132 2274 1415 2322 tentationem
1440 2297 1449 2324 ;

80 2362 98 2383 α
135 2358 277 2401 neque
304 2342 544 2400 respuistis,
571 2360 589 2384 »
617 2351 664 2386 ut
686 2358 774 2386 non
797 2343 1067 2402 susciperetis
1099 2347 1450 2395 communionem

29 2431 33 2439 -
77 2412 254 2473 periculi
280 2413 377 2455 mci.
408 2431 427 2453 «
454 2411 537 2456 Sed
558 2413 668 2457 sicut
695 2413 911 2471 Angelum
943 2414 1016 2458 Dei
1035 2415 1258 2474 excepistis
1281 2432 1371 2473 me,
1396 2421 1453 2464 si-

78 2500 99 2525 »
133 2492 208 2526 cut
229 2483 447 2527 Christum
470 2484 633 2528 Jesum.
673 2501 692 2525 n
722 2484 884 2528 Deinde
907 2484 1143 2540 admirans,
1162 2501 1272 2546 opus
1299 2504 1450 2539 eorum

126 2586 169 2610 ἀ
190 2581 262 2610 Cor.
281 2591 313 2618 v,
332 2590 362 2620 7.
382 2595 421 2601 --
441 2586 452 2602 ²
478 2589 485 2608 ι
509 2581 598 2610 Joan.
623 2590 667 2617 iv,
691 2591 736 2612 ιο.
761 2593 795 2602 -
822 2579 951 2612 3t1‘alat.
973 2591 1017 2618 ιν,
1051 2590 1099 2614 ιἰ.
1123 2583 1193 2611 -4
1220 2584 1299 2616 ibid.
1331 2586 1379 2617 13.
1403 2602 1442 2609 -

78 2633 92 2656 ⁵
111 2634 190 2665 lbid.
216 2634 251 2675 14
