1867 3320
242 314 379 340 senno
415 315 502 350 xit,
542 315 582 339 m
619 314 688 339 Jon
725 314 752 350 1,
791 301 832 349 G,
870 314 921 340 ET
954 313 1116 342 ΜΛῚΊΗ.
1157 318 1196 353 v,
1234 308 1271 343 8.
1359 309 1440 346 285

65 378 141 422 nisi
163 378 267 423 loeis
289 388 332 422 et
354 378 623 437 temporibus
646 393 734 421 esse
761 377 1017 421 mutabilem
1037 413 1047 432 ,
1074 380 1215 422 miseri
1247 382 1442 427 credide-

65 456 181 492 runt‘
207 451 302 492 Non
330 448 444 491 enirn
473 448 615 506 legere
637 447 791 492 volunt
808 482 818 502 ‚
840 456 915 492 aut
932 447 1173 506 intelligere
1203 449 1327 494 facile
1344 468 1445 511 pos-

65 528 167 562 sunt
183 518 303 579 quod
323 534 400 578 per
423 520 684 578 Prophetam
711 518 868 563 dicitur
891 538 900 565 ε
929 537 946 560 (ι
972 519 1162 564 Mutabis
1186 536 1231 563 ea
1251 555 1261 575 ‚
1284 531 1327 565 et
1347 538 1447 567 mu-

67 606 88 629 »
124 588 364 645 tabuntur3
404 598 453 633 tu
483 598 627 634 autem
660 589 774 633 idern
813 590 903 648 ipse
937 605 1004 645 es,
1045 600 1088 634 et
1128 591 1229 634 anni
1265 591 1329 635 tui
1359 608 1449 636 non

66 676 86 699 »
121 657 365 703 deficient1.
385 678 404 700 »
422 662 477 703 Et
499 658 617 719 quod
641 660 685 703 in
703 659 860 704 divinae
879 660 1098 719 sapientiae
1114 659 1266 704 litteris
1288 661 1343 704 de
1361 661 1451 720 ipsa

65 729 281 788 Sapientia
318 730 526 789 scriptum
561 739 624 775 est
657 749 664 774 :
693 750 711 771 «
741 733 792 774 In
825 746 868 774 se
900 731 988 790 ipsa
1026 746 1232 786 manens,
1272 731 1453 776 innovat

64 818 85 841 »
121 800 266 844 omnia
281 803 313 844 ².
339 819 358 841 »

122 872 198 914 XI.
238 870 490 915 Secundum
522 871 696 916 illorum
732 871 877 916 autern
901 887 1099 927 sensum,
1127 873 1161 916 si
1183 873 1279 933 quis
1299 873 1358 917 eis
1381 872 1451 917 di-

61 949 131 985 cat
153 960 161 985 :
183 941 299 994 Quid
316 957 419 1001 ergo
439 942 654 986 miramini
672 977 682 998 ‚
709 942 743 985 si
765 952 808 986 et
831 945 944 986 Deus
966 944 1153 987 mutavit
1179 944 1370 1003 speciem
1388 943 1452 987 di-

63 1012 252 1055 vinitatis
274 1027 363 1056 suae
382 1047 393 1066 ‚
419 1021 469 1057 ut
501 1021 643 1072 posset
675 1027 775 1056 eum
809 1013 883 1071 qui
905 1013 1036 1057 corde
1074 1014 1367 1058 sordidissimo
1390 1024 1455 1058 est

61 1082 278 1137 diabolus,
295 1083 470 1138 intueri,
492 1084 602 1127 sicut
619 1081 673 1126 de
688 1083 860 1127 Christo
878 1087 966 1128 Deo
983 1083 1106 1128 vobis
1127 1084 1330 1129 videtur?
1345 1084 1454 1145 quid

64 1154 309 1213 responsuri
329 1154 413 1197 sint
435 1154 719 1207 nesci0.Quia
742 1163 785 1198 et
807 1170 1034 1214 nunquam
1057 1155 1201 1199 dicere
1220 1156 1310 1200 ausi
1332 1165 1450 1210 sunt,

66 1228 235 1268 Patrem
259 1233 302 1268 et
325 1224 483 1268 Filium
517 1224 599 1268 nisi
634 1225 763 1268 unius
793 1225 1161 1269 esse‘substantiae
1184 1245 1194 1271 ε
1225 1235 1267 1270 et
1289 1225 1321 1269 si
1346 1225 1453 1270 alte-

64 1295 151 1339 rius
174 1311 262 1339 esse
295 1295 548 1339 substantiae
580 1294 739 1338 Filium
768 1295 988 1350 dicerent,
1016 1305 1157 1354 posset
1180 1296 1239 1340 eis
1275 1312 1452 1356 respon-

61 1364 152 1409 deri
177 1385 184 1409 ;
210 1365 333 1409 Unde
355 1365 487 1424 igitur
507 1365 621 1410 scitis
638 1399 649 1419 ‚
678 1374 824 1409 utrum
854 1381 953 1409 cum
984 1369 1112 1410 Patre
1135 1382 1190 1410 an
1214 1382 1313 1411 cum
1341 1367 1452 1410 Filio

60 1435 257 1481 locutum
281 1452 369 1480 esse
398 1435 621 1480 diabolum
639 1470 650 1490 ,
676 1445 798 1480 vetus
822 1435 893 1480 illa
932 1438 1152 1495 Scriptura
1181 1453 1451 1482 commemo-

60 1509 160 1551 rat?
182 1507 345 1551 Deinde
367 1508 624 1567 quaerimus,
663 1506 805 1551 Solem
829 1507 957 1551 istum
985 1508 1104 1552 videt
1138 1508 1338 1553 diabolus
1356 1544 1366 1562 ,
1393 1524 1451 1552 an

59 1593 150 1622 non
181 1577 332 1622 videt?
357 1577 399 1622 Si
421 1576 539 1622 videt
559 1612 569 1631 ,
599 1576 823 1636 quomodo
849 1594 951 1637 ergo
972 1578 1037 1622 sol
1070 1582 1182 1623 Deus
1205 1588 1296 1634 est,
1318 1594 1450 1638 quem

56 1638 259 1694 'diabolus
280 1648 428 1692 videt?
455 1649 497 1693 Si
527 1664 614 1692 non
639 1648 786 1703 videt,
822 1649 924 1693 mali
960 1659 1105 1694 tamen
1129 1665 1230 1694 eum
1252 1651 1452 1694 homines

59 1721 244 1778 vident3
273 1718 496 1779 quomodo
529 1734 630 1778 ergo
662 1722 775 1763 Deus
799 1729 887 1775 est,
913 1736 1043 1780 quem
1080 1721 1233 1766 vident
1255 1721 1332 1780 qui
1362 1735 1452 1765 non

61 1806 170 1849 puro
192 1799 293 1834 sunt
323 1790 484 1835 corde?
504 1792 593 1834 Aut
615 1790 649 1832 si
669 1799 716 1833 ut
733 1790 869 1834 videri
892 1800 1057 1850 posset,
1083 1792 1214 1836 etiam
1237 1792 1328 1851 ipse
1350 1807 1450 1835 mu-

60 1868 174 1904 tatus
196 1866 281 1912 est,
307 1866 351 1900 et
370 1871 460 1900 non
485 1860 566 1900 hoc
588 1865 653 1898 est
680 1862 800 1914 quod
825 1861 1029 1912 videtur3
1055 1857 1164 1916 quid
1193 1857 1227 1900 si
1250 1872 1351 1915 ergo
1377 1874 1452 1903 vos

60 1929 177 1974 aliud
207 1926 462 1980 ostenditis,
501 1934 543 1968 et
573 1923 692 1968 aliud
721 1925 820 1968 estis
841 1959 851 1979 ‚
888 1935 937 1969 ut
967 1926 1123 1970 imitari
1146 1928 1276 1971 etiam
1298 1929 1449 1983 solem,

58 2016 147 2046 non
171 2008 339 2043 tantum
358 1996 537 2041 adorare
561 1996 757 2055 possitis?
781 1997 834 2038 Et
862 2004 1005 2039 tamen
1026 1996 1059 2039 si
1081 2011 1152 2040 eos
1178 1997 1448 2058 interroges,

60 2081 205 2117 utrum
238 2067 558 2115 commutabilis
583 2083 637 2111 an
663 2067 1032 2112 incommutabilis
1061 2069 1114 2112 sit
1151 2068 1296 2113 divina
1324 2071 1451 2114 subs-

16 2181 19 2187 .
60 2142 226 2196 tantia,
263 2156 351 2185 non
378 2147 560 2200 possunt
599 2138 679 2182 nisi
713 2138 1114 2183 incommutabilem
1150 2138 1320 2194 dicere,
1363 2157 1451 2186 uon

59 2214 181 2259 ducti
216 2213 407 2266 ratione,
438 2212 513 2255 sed
550 2210 716 2270 pudore
752 2209 938 2255 confusi.
978 2214 1123 2255 Restat
1145 2227 1248 2270 ergo
1266 2247 1276 2264 ‚
1304 2221 1351 2256 ut
1373 2229 1451 2257 co—

61 2293 219 2344 gantur
242 2283 383 2337 fateri,
402 2282 633 2326 Dominum
652 2290 848 2325 nostrum
868 2284 1012 2324 Jesum
1033 2282 1255 2326 Christum
1274 2283 1451 2328 aliunde

19 2366 22 2395 Ι
61 2355 337 2414 assumpsisse
355 2369 528 2412 eorpus,
546 2361 594 2397 ut
617 2353 822 2397 humanis
845 2352 980 2396 oculis
1004 2362 1244 2411 appareret.
1266 2354 1395 2406 Quod
1418 2355 1451 2398 si

20 2445 24 2484 4
61 2428 276 2479 fatentur,
298 2439 448 2484 quatro
478 2424 595 2468 unde
619 2424 926 2483 assumpserit?
951 2424 992 2467 Si
1016 2423 1070 2467 de
1090 2425 1171 2468 hoc
1198 2424 1361 2468 mundo
1380 2424 1451 2468 ‹ti-

22 2490 26 2549 i
61 2508 346 2557 cunt‚quoero
365 2497 492 2556 ipsius
512 2495 662 2539 mundi
685 2495 799 2539 niul(-
819 2496 870 2538 sit
886 2498 1073 2553 corpus?
1087 2496 1307 2539 Continuo
1325 2496 1447 2548 mihi,

23 2554 28 2615 Ιι
66 2573 123 2613 De
144 2570 419 2613 tenebrarum
442 2577 592 2626 gente,
614 2567 943 2626 respondent.0
968 2566 1071 2610 mira
1095 2566 1313 2612 dementia
1333 2566 1340 2609 1
1359 2570 1449 2611 Cur

25 2653 31 2820 ‘i

28 2822 37 3099 i

33 3105 40 3208 ι

109 2661 118 2677 ¹
148 2653 222 2687 Psal.
244 2664 288 2696 ci,
307 2664 360 2695 27.
376 2670 416 2677 -
438 2660 448 2676 ²
470 2657 545 2695 Sap.
565 2664 620 2693 vn,
637 2663 692 2694 27.
