1867 3320
308 276 446 303 semro
478 275 648 315 xxxvii,
683 279 736 305 nr:
768 280 1012 308 movemus
1041 282 1286 312 SALOMONIS.
1393 274 1474 314 493

102 338 255 384 florem
278 339 543 398 pertinentes
557 375 568 395 ,
584 356 673 386 non
699 341 756 386 ad
766 342 973 388 fructum.
1003 364 1024 388 «
1046 347 1088 391 Si
1103 347 1360 394 distribuero
1380 365 1477 394 om-

101 426 124 450 »
143 408 214 455 nia
227 423 321 452 mea
329 411 609 469 pauperibus,
619 421 664 456 et
673 412 893 458 tradidero
903 429 1059 473 corpus
1071 431 1215 461 meum
1226 428 1274 462 ut
1285 418 1456 463 ardeam
1465 454 1475 474 ,

103 498 123 520 »
145 479 401 524 charitatem
420 490 566 525 autem
583 497 674 527 non
700 484 914 540 habuero,
942 485 1052 530 nihil
1090 488 1194 531 mihi
1214 489 1427 548 prodest¹.
1456 509 1475 530 »

100 552 224 596 Hanc
259 551 394 596 habet
420 552 501 597 ista
538 553 932 612 supereminentem
949 556 1084 611 viam,
1117 557 1232 602 unde
1265 558 1328 602 illi
1348 559 1474 614 dixit,

103 639 126 663 α
158 620 313 666 Multae
339 621 443 666 filiae
474 621 673 668 fecerunt
704 626 932 684 potentias.
962 645 982 668 »
1006 625 1159 672 Multae
1194 627 1350 672 locutae
1379 638 1480 673 sunt

99 690 283 750 linguis,
323 692 516 737 scierunt
552 695 698 739 omnia
731 698 1024 751 sacramenta,
1066 696 1264 743 fecerunt
1303 699 1480 742 virtutes

99 760 283 816 multas,
319 760 533 807 daemonia
555 762 854 820 excluserunt,
890 781 954 810 res
974 781 1070 810 suas
1101 766 1362 826 pauperibus
1391 767 1478 811 dis·

100 831 369 888 tribuerunt,
386 849 569 894 corpora
585 850 661 879 sua
673 836 848 895 ignibus
865 836 1151 881 tradiderunt.
1169 837 1288 882 Infra
1303 846 1345 881 te
1361 847 1475 891 sunt,

100 902 204 962 quia
220 903 476 948 charitatem
500 920 589 949 non
610 905 874 950 habuerunt.
906 926 926 948 «
948 910 1014 951 Tu
1035 916 1180 952 autem
1209 909 1416 967 superasti
1436 917 1479 951 et

102 991 122 1015 »
158 975 470 1034 superposuisti
492 991 642 1020 omnes
667 996 677 1022 ε
708 996 727 1018 »
749 993 838 1021 non
861 977 1000 1021 solum
1021 978 1127 1022 ssore
1145 1013 1156 1032 ,
1183 978 1257 1022 sed
1275 988 1316 1022 et
1334 978 1479 1022 fructu

100 1044 300 1103 gravida,
326 1044 475 1091 fructu
497 1046 741 1091 abundans.
760 1038 871 1092 Vide
891 1049 1033 1106 ipsum
1054 1049 1250 1101 botrum,
1272 1048 1389 1091 unde
1411 1049 1478 1090 in-

99 1116 244 1177 cipiat.
280 1119 391 1162 Cum
424 1128 697 1163 enumeraret
719 1134 849 1178 opera
881 1120 1019 1163 earnis
1045 1138 1052 1163 :
1085 1138 1103 1160 «
1133 1119 1475 1173 Fornicationes,

103 1205 124 1228 »
160 1186 321 1247 inquit,
336 1187 642 1243 immunditiae,
660 1188 866 1244 luxuriae,
891 1188 1107 1233 idolorum
1120 1190 1323 1243 servitus,
1350 1205 1478 1233 venc-

102 1275 123 1299 »
158 1258 283 1312 ficia,
316 1257 581 1314 inimicitiae,
606 1260 930 1314 contentiones,
961 1260 1279 1315 aemulationes,
1311 1260 1477 1304 animo-

101 1346 122 1370 »
157 1329 332 1385 sitates,
366 1329 677 1386 dissensiones,
715 1331 923 1385 haereses,
962 1329 1162 1384 irrvidjae,
1203 1330 1477 1374 comessatio-

103 1418 124 1441 »
158 1415 234 1444 nes
247 1435 259 1456 ,
284 1400 539 1458 ebrietates,
559 1401 682 1445 ethis
699 1401 868 1456 similia,
885 1416 982 1461 quae
998 1402 1185 1460 praedico
1206 1401 1344 1455 vobis,
1369 1401 1478 1445 sieut

103 1489 124 1512 »
159 1470 362 1531 praedixi,
398 1472 607 1532 quoniam
643 1472 719 1531 qui
752 1471 851 1516 talia
882 1481 1043 1529 agunt,
1067 1487 1248 1530 regnum
1282 1472 1357 1515 Dei
1391 1487 1477 1515 non

103 1559 124 1583 »
160 1541 446 1602 possidebunt
458 1546 490 1586 ².
522 1562 541 1584 υ
573 1543 846 1587 Enumeratis
878 1542 1079 1586 omnibus
1106 1542 1238 1601 spinis
1263 1542 1306 1584 in
1337 1541 1476 1598 ignem

100 1613 336 1658 mittentis:
358 1633 377 1655 «
395 1616 581 1658 Fructus
600 1623 745 1657 autem
765 1613 938 1672 spiritus
956 1622 1033 1666 est,
1050 1613 1214 1672 inquit,
1239 1611 1437 1656 charitas.
1454 1630 1474 1652 »

101 1685 159 1727 Et
173 1683 228 1727 ab
250 1684 333 1728 hoc
355 1684 494 1743 capite
511 1719 521 1738 ,
553 1684 607 1728 ab
639 1684 718 1727 hac
745 1693 953 1742 tanquam
981 1683 1122 1727 radice
1152 1691 1305 1726 caetera
1331 1690 1479 1725 eonte-

101 1762 264 1798 xuntur
285 1773 295 1799 2
320 1773 340 1796 «
364 1754 611 1809 Gaudium,
637 1769 740 1813 paiz,
765 1753 1086 1812 longanimitas,
1114 1752 1372 1809 benignitas,
1401 1751 1479 1794 bo-

100 1826 235 1882 nitas,
259 1825 383 1880 fides,
403 1824 709 1879 mansuetudo,
726 1824 1033 1868 continentia³.
1054 1841 1073 1863 »
1096 1822 1216 1867 Unde
1232 1823 1309 1866 iste
1333 1824 1479 1866 botrus

104 1895 315 1956 pulcher?
336 1896 443 1948 Quia
461 1894 623 1955 pendet
645 1910 669 1938 a
684 1895 906 1939 charitate.
936 1913 956 1935 «
981 1894 1133 1938 Multae
1155 1894 1254 1937 filiae
1288 1892 1481 1937 fecerunt

104 1985 125 2009 »
163 1966 400 2026 potentiam
418 1985 426 2010 z
447 1975 495 2009 tu
510 1974 656 2010 autem
671 1965 879 2025 superasti
893 1963 1257 2023 etsuperposuisti
1274 1979 1435 2007 omnes.
1459 1983 1476 2003 »

161 2038 326 2081 XXIX.
354 2038 405 2079 In
427 2034 510 2080 illis
532 2035 639 2095 quid
660 2034 896 2079 remansit?
922 2054 941 2075 «
966 2033 1100 2078 Falsae
1119 2033 1263 2092 gratiae
1279 2067 1290 2086 ,
1313 2042 1355 2076 et
1373 2048 1479 2076 vana

108 2126 128 2149 »
163 2106 325 2167 species
356 2105 594 2150 mulieris⁴.
620 2105 731 2158 Quia
761 2105 795 2149 si
822 2104 1072 2149 charitatem
1105 2119 1191 2147 non
1210 2103 1347 2146 habeo
1364 2137 1376 2155 ‚
1397 2102 1480 2146 fac-

108 2197 129 2219 »
166 2187 235 2222 tus
249 2193 345 2222 sum
358 2185 643 2221 aeramentum
657 2191 828 2230 sonans,
840 2173 1140 2232 eteymbalum
1159 2173 1341 2216 tinniens
1355 2192 1362 2216 :
1376 2172 1479 2216 nihil

109 2266 131 2291 κ
166 2263 290 2304 sum,
321 2247 430 2292 nihil
450 2247 555 2291 mihi
579 2245 767 2306 prodest.
818 2249 847 2290 F
854 2244 951 2289 alsse
983 2253 1082 2288 sunt
1111 2259 1214 2301 ergo
1247 2243 1416 2301 gratiae,
1441 2252 1482 2285 et

111 2334 257 2363 »vana
278 2318 439 2378 species
457 2316 662 2361 mulieris.
680 2316 837 2362 Mulier
853 2315 966 2358 enim
985 2314 1150 2372 sapiens
1168 2313 1479 2356 benedicitur.»

113 2392 197 2433 lsta
215 2404 313 2449 quae
334 2387 533 2448 quaesivit
555 2387 661 2447 quid
684 2385 957 2443 intelligeret,
978 2399 1075 2442 quoe
1098 2381 1363 2426 intellectum
1385 2398 1483 2425 eus·

112 2459 285 2515 todivit‚
301 2459 380 2504 ista
402 2459 585 2518 sapiens,
604 2458 680 2502 ista
706 2456 973 2500 benedicitur
998 2473 1004 2497 :
1032 2469 1118 2496 non
1143 2452 1226 2496 illu·
1250 2452 1363 2495 titisse
1385 2467 1481 2510 spe-

178 2564 186 2580 ¹
211 2560 311 2590 icor.
343 2568 411 2596 xm,
446 2565 477 2595 α,
508 2558 538 2587 3.
568 2570 607 2578 —-
636 2555 765 2586 ’uam
800 2565 829 2589 v,
860 2563 969 2593 igi-an.
1004 2567 1032 2572 -
1060 2552 1065 2571 ³
1101 2551 1167 2581 lbul
1209 2561 1260 2581 'u-
1295 2566 1327 2570 >-
1362 2552 1464 2580 Ἰἰυν

114 2623 198 2654 un,
221 2616 267 2647 jo.
