1924 3309
481 287 566 328 274
919 292 953 322 s.
989 291 1216 321 AUGUSTINI
1248 289 1431 317 Emscopr

478 363 655 415 cordiae,
676 362 805 406 etiam
822 361 935 419 ipsos
956 366 1121 403 sanctos
1137 370 1236 399 suos
1253 368 1380 413 egere
1402 351 1505 397 fecit
1523 370 1534 409 3
1557 359 1609 395 ut
1626 365 1727 395 cum
1749 351 1862 396 fiunt

479 435 550 479 hic
571 432 698 478 amici
720 431 775 475 de
803 442 1049 474 mammona
1070 424 1308 484 iniquitatis
1326 459 1336 479 ‚
1362 423 1570 483 recipiant
1592 431 1636 467 et
1654 422 1735 481 ipsi
1754 421 1862 466 ami-

477 519 551 549 cos
571 518 670 548 suos
691 501 736 546 in
766 509 925 544 aeterna
958 493 1269 540 tabernacula1
1296 513 1304 539 :
1340 493 1386 538 id
1416 502 1479 538 est
1500 528 1510 548 ‚
1538 502 1587 537 ut
1609 508 1710 537 cum
1732 492 1863 537 servis
1922 495 1924 498 ⁴

476 575 585 630 Dei,
610 573 686 634 qui
713 570 819 614 dum
848 566 1007 627 jugiter
1031 568 1120 609 Deo
1155 573 1311 609 vacant
1327 599 1339 620 ,
1373 562 1599 624 aliquoties
1634 561 1860 622 indigent,

476 644 538 689 illi
561 644 636 703 qui
665 640 829 686 habent
848 634 1004 680 mundi
1026 633 1198 680 divitias
1213 669 1225 691 ,
1253 633 1574 692 eleemosynam
1596 632 1860 692 largiuntur,

476 712 697 775 quomodo
714 723 784 754 eos
807 706 1033 767 participes
1057 704 1228 751 faciunt
1247 705 1295 749 in
1315 714 1488 750 terrena
1510 704 1750 749 substantia
1769 738 1781 760 ,
1805 703 1864 748 sic

476 782 675 828 cumillis
697 787 866 839 partem
881 777 1045 821 habere
1062 784 1312 820 mereantur
1332 775 1380 819 in
1401 775 1489 820 vita
1507 783 1683 819 aeterna.

531 856 588 896 II.
604 855 697 895 Hoc
719 847 809 892 dixi
832 856 1010 907 propter
1031 847 1266 891 lectionem
1284 849 1557 905 Regnorum,
1573 860 1706 906 quam
1723 845 1864 904 primo

473 920 731 966 audivimus,
743 917 971 977 Numquid
985 920 1099 962 Deus
1117 915 1338 961 defecerat
1356 931 1529 976 pascere
1547 931 1719 960 servum
1736 930 1865 960 suum

473 992 646 1037 Eliam?
679 992 834 1036 Nonne
861 987 952 1045 illi,
982 989 1087 1048 quia
1107 988 1289 1033 deerant
1319 987 1518 1033 homines
1535 1022 1546 1043 ‚
1572 987 1694 1031 alites
1711 986 1866 1030 minis-

475 1062 676 1107 trabant?
696 1062 852 1106 Nonne
873 1058 938 1103 illi
962 1074 1122 1118 panem
1144 1058 1356 1102 afferebat
1390 1073 1545 1103 corvus
1567 1072 1717 1112 mane,
1740 1066 1784 1101 et
1810 1055 1866 1099 ad

475 1145 696 1191 vesperam
724 1130 906 1174 carnes?
934 1128 1137 1173 Ostendit
1157 1143 1262 1188 ergo
1285 1132 1421 1184 Deus,
1446 1129 1550 1188 quia
1572 1127 1691 1172 unde
1713 1125 1868 1171 volue-

479 1204 555 1259 rit,
582 1211 625 1246 et
655 1200 879 1261 quomodo
905 1198 1094 1245 voluerit
1113 1233 1124 1254 ‚
1142 1207 1284 1258 potest
1306 1214 1482 1258 pascere
1503 1213 1646 1243 servos
1668 1212 1768 1241 suos
1790 1215 1800 1241 ι
1824 1206 1868 1240 et

476 1283 621 1318 tamen
641 1281 691 1316 ut
714 1280 858 1330 posset
880 1284 982 1313 eum
1003 1269 1199 1327 religiosa
1226 1269 1359 1315 vidua
1390 1284 1564 1329 pascere
1580 1303 1591 1320 ,
1628 1267 1731 1312 fecit
1767 1282 1867 1311 eum

476 1359 614 1404 egere.
651 1345 829 1401 Egestas
855 1341 1010 1385 animae
1043 1350 1203 1385 sanctae
1239 1340 1285 1385 in
1324 1340 1640 1386 abundantiam
1662 1354 1782 1384 versa
1804 1347 1868 1382 est

476 1415 630 1459 animae
660 1412 886 1472 religiosae.
912 1413 1012 1458 Non
1039 1419 1208 1470 poterat
1235 1410 1352 1455 Elias
1386 1410 1441 1455 de
1471 1409 1764 1455 misericordia
1791 1407 1870 1458 Dei

481 1485 584 1529 dare
605 1484 702 1540 sihi,
726 1482 846 1544 quod
862 1480 1111 1542 lagunculae
1137 1480 1294 1526 dedit?
1321 1481 1489 1526 Videtis
1511 1496 1670 1540 nempe
1683 1515 1694 1535 ,
1714 1489 1758 1524 et
1774 1494 1868 1523 ma-

479 1554 685 1599 nifestum
701 1562 787 1609 est,
808 1551 930 1613 quod
950 1550 1186 1612 aliquando
1207 1551 1320 1597 servi
1342 1552 1421 1595 Dei
1441 1549 1541 1597 ideo
1562 1566 1653 1595 non
1674 1549 1839 1594 habent
1856 1582 1868 1604 ,

480 1635 530 1669 ut
552 1626 794 1685 probentur
811 1624 887 1683 qui
907 1623 1088 1668 habent.
1110 1624 1167 1666 Et
1188 1630 1336 1666 tamen
1357 1619 1431 1665 illa
1451 1621 1583 1666 vidua
1604 1619 1715 1666 nihil
1735 1619 1872 1664 habe·
1918 1671 1920 1676 Ι

483 1697 559 1741 bat
579 1716 588 1741 ε
614 1695 735 1756 quod
756 1694 819 1739 illi
841 1694 1061 1754 reliquum
1083 1702 1175 1738 erat
1189 1728 1201 1750 ‚
1221 1693 1396 1738 finitum
1417 1691 1577 1749 fuerat,
1597 1701 1641 1737 et
1662 1706 1764 1736 cum
1784 1690 1872 1735 suis

481 1766 578 1810 filiis
600 1766 815 1811 moritura
834 1773 941 1809 erat.
968 1764 1181 1809 Processit
1196 1778 1323 1822 ergo,
1337 1773 1388 1808 ut
1409 1761 1571 1808 faceret
1591 1762 1673 1806 sibi
1695 1775 1872 1819 panem,

484 1830 685 1893 colligere
709 1832 799 1877 duo
819 1831 938 1890 ligna
959 1849 968 1874 ;
997 1838 1041 1873 et
1073 1838 1179 1874 tunc
1209 1844 1304 1873 eam
1339 1828 1450 1874 vidit
1472 1828 1603 1874 Elias.
1634 1832 1756 1874 Tunc
1777 1843 1874 1873 eam

483 1908 615 1951 homo
638 1904 717 1950 Dei
731 1903 932 1958 videbat,
957 1899 1135 1962 quando
1163 1898 1237 1944 illa
1258 1899 1347 1945 duo
1369 1898 1487 1959 ligna
1508 1900 1747 1961 quaerebat.
1769 1903 1874 1946 Mu-

483 1977 561 2022 lier
590 1976 664 2021 iila
684 1985 843 2036 typum
867 1973 1045 2033 gerebat
1071 1971 1278 2016 Ecclesiae
1299 1989 1309 2016 ι
1333 1980 1376 2016 et
1398 1973 1502 2032 quia
1521 1971 1611 2017 duo
1631 1971 1749 2031 ligna
1770 1987 1873 2017 cru-

488 2063 582 2093 cem
599 2045 764 2092 faciunt
780 2080 791 2101 ‚
812 2043 1038 2105 quaerebat
1058 2042 1295 2099 moritura,
1320 2040 1440 2086 unde
1467 2057 1637 2103 semper
1654 2051 1766 2088 esset
1780 2043 1874 2088 vic-

489 2128 600 2164 tura.
633 2117 907 2164 Adumbrato
942 2128 1043 2174 ergo
1066 2113 1272 2172 mysterio
1290 2147 1302 2170 ,
1333 2112 1449 2158 Elias
1478 2112 1675 2173 loquitur
1698 2113 1755 2158 ad
1775 2128 1871 2158 eam

493 2190 614 2251 quod
631 2188 797 2235 audivit
817 2208 825 2233 ;
846 2195 994 2232 narrat
1013 2184 1088 2230 illa
1109 2183 1435 2244 dispositionem
1452 2199 1596 2240 suam,
1622 2185 1878 2230 morituram

497 2278 540 2305 sc
563 2261 682 2316 dicit,
707 2276 807 2305 cum
824 2256 1188 2304 consummaverit
1204 2254 1325 2316 quod
1342 2255 1559 2300 remansit.
1586 2256 1672 2301 Ubi
1693 2265 1759 2301 est
1775 2270 1880 2315 ergo

498 2331 617 2390 quod
640 2332 846 2375 Dominus
867 2329 1032 2374 dixerat
1054 2326 1161 2372 Eliae
1183 2346 1192 2373 ι
1217 2345 1238 2370 «
1254 2325 1376 2371 Vade
1392 2327 1439 2370 in
1462 2328 1640 2386 Sarepta
1664 2325 1877 2384 Sidoniae3

503 2419 522 2442 »
557 2401 618 2443 ibi
660 2401 773 2444 onim
816 2400 1019 2444 mandavi
1053 2397 1225 2453 viduae,
1258 2405 1309 2441 ut
1346 2406 1491 2457 pascat
1525 2406 1569 2440 te
1588 2399 1635 2441 2?
1663 2414 1683 2439 »
1715 2395 1880 2441 Videtis

500 2471 870 2531 quemadmodum
892 2470 1071 2515 mandat
1091 2472 1228 2524 Deus,
1253 2484 1342 2513 non
1363 2469 1409 2512 in
1430 2484 1550 2524 aure,
1570 2467 1646 2513 sed
1667 2468 1713 2512 in
1730 2467 1876 2513 corde.

496 2542 720 2601 Numquid
735 2541 915 2600 legimus
930 2542 1033 2602 quia
1048 2541 1200 2586 missus
1212 2548 1276 2586 est
1290 2538 1442 2599 aliquis
1456 2539 1674 2599 Propheta
1688 2537 1746 2596 ad
1761 2536 1881 2583 illam

548 2635 555 2650 ¹
579 2630 653 2660 Luc,
670 2638 735 2668 xvi,
753 2638 784 2668 9.
807 2644 847 2651 —-
871 2634 884 2651 2
904 2628 922 2661 3
938 2630 1016 2669 Reg.
1040 2637 1119 2669 xvn,
1136 2636 1169 2668 9.
