1924 3309
466 271 546 309 188
888 277 924 308 s.
959 277 1191 309 Auens-nm
1223 279 1404 309 13121300121

467 367 486 389 »
522 345 602 391 tibi
643 354 706 390 est
747 344 996 390 benedictio
1024 347 1053 389 ¹.
1088 363 1108 386 »
1142 347 1260 389 Isaac
1302 354 1448 391 autem
1485 345 1647 390 sciebat
1688 361 1837 391 unam.

521 418 683 462 XXIV.
717 420 856 470 Quare
892 417 1056 461 unam?
1088 414 1241 460 Aderit
1272 416 1454 476 Spiritus
1476 425 1650 461 sanctus
1668 451 1679 472 ‚
1705 425 1756 461 ut
1773 415 1842 461 di-

462 504 578 544 cam,
613 497 656 533 et
678 487 937 546 intelligatis.
964 486 1198 530 Videamus
1220 486 1333 546 ipsas
1355 487 1682 532 benedictiones
1699 521 1711 542 ‚
1735 502 1845 547 qua-

460 560 549 605 lem
569 558 920 604 benedictionem
943 556 1108 616 accepit
1129 557 1287 612 Jacob,
1312 566 1354 601 et
1376 557 1550 617 qualem
1572 556 1844 603 benedictio-

462 645 563 677 nem
596 630 763 689 accepit
793 628 923 674 Esaii.
960 630 1056 687 Ipse
1083 629 1200 672 Isaac
1230 626 1286 672 ad
1317 628 1486 674 Jacob:
1512 630 1619 672 «Tu
1658 643 1703 673 es
1731 627 1846 674 filius

468 720 488 743 »
523 715 645 745 meus
679 700 823 745 Esaii?
853 718 873 741 »
906 697 1149 758 Respondit
1185 697 1322 742 Jacob
1342 733 1353 753 ‚
1383 717 1403 740 κ
1427 700 1537 757 Ego.
1566 715 1586 739 »
1615 699 1672 742 Et
1701 697 1807 744 dixit
1834 718 1844 744 z

468 792 487 816 «
523 775 706 833 Appone
723 771 852 826 mihi,
877 779 919 815 et
941 769 1217 815 manducabo
1244 770 1299 814 de
1316 770 1547 814 venatione
1568 778 1666 825 tua,
1690 769 1779 825 fili,
1805 778 1848 814 et

467 861 488 884 »
522 841 753 886 benedicat
780 851 822 886 te
855 840 997 885 anima
1032 856 1127 885 mea
1147 875 1158 896 ‚
1199 849 1432 900 antequam
1456 840 1640 895 moriar,
1670 839 1745 884 sed
1768 838 1847 884 ad-

466 931 486 954 »
522 927 648 958 move
668 912 776 956 mihi
797 911 1066 956 osculum2.»
1080 911 1210 955 Illum
1232 926 1319 955 non
1341 920 1403 955 est
1425 910 1642 955 osculatus
1664 929 1674 956 ε
1699 926 1723 954 a
1742 925 1848 970 pace
1895 938 1897 946 2

463 983 598 1042 coepit
618 983 749 1042 hujus
770 981 1028 1026 benedictio.
1042 984 1186 1035 Quare
1207 981 1355 1026 osculo
1374 980 1647 1026 confirmavit
1665 981 1848 1040 pacem?

463 1053 574 1106 Quia
604 1062 647 1098 et
668 1052 741 1097 ille
770 1060 947 1113 propter
975 1067 1125 1112 pacem
1148 1051 1350 1111 portabat
1367 1050 1504 1094 aliena
1527 1059 1720 1110 peccata.
1745 1069 1766 1092 «
1791 1052 1848 1094 Et

466 1142 486 1166 »
523 1124 719 1179 accessit,
745 1132 788 1168 et
810 1124 1027 1168 osculatus
1050 1133 1113 1167 est
1136 1138 1236 1167 eum
1261 1142 1269 1167 ς
1295 1131 1338 1166 et
1360 1121 1566 1166 odoratus
1583 1131 1647 1166 est
1668 1120 1848 1166 odorem

465 1212 485 1236 »
520 1196 648 1240 vestis
670 1196 774 1255 ejus.
799 1213 819 1236 »
848 1195 1011 1240 Stolam
1034 1195 1150 1238 enim
1176 1193 1366 1238 habebat
1395 1192 1537 1237 fratris
1560 1192 1626 1237 sui
1652 1212 1660 1237 :
1687 1192 1733 1236 id
1754 1201 1844 1247 est,
1896 1195 1899 1222 ἵ

463 1266 717 1324 dignitatem
736 1266 1126 1325 primogenitorum
1145 1281 1275 1326 quam
1299 1265 1371 1310 ille
1390 1263 1655 1324 perdiderat,
1679 1264 1758 1308 iste
1773 1265 1847 1308 ha·
1896 1258 1899 1309 ἶ

462 1337 610 1382 bebat.
648 1340 699 1381 In
721 1336 803 1381 isto
819 1338 908 1396 jam
933 1337 1045 1380 bene
1072 1336 1242 1391 olebat,
1272 1335 1394 1397 quod
1415 1335 1487 1379 ille
1510 1335 1623 1379 male
1644 1333 1847 1394 perdide·
1896 1349 1899 1396 3

461 1418 542 1453 rat.
572 1427 590 1450 «
613 1407 830 1452 Odoratus
853 1417 915 1452 est
936 1407 1114 1452 odorem
1135 1408 1262 1452 vestis
1283 1409 1375 1468 ejus
1392 1442 1403 1462 ,
1424 1416 1468 1451 et
1489 1405 1711 1450 benedixit
1727 1421 1844 1461 eum,
1896 1418 1899 1469 ζ

464 1497 485 1520 »
521 1489 564 1523 et
597 1478 702 1523 dixit
730 1498 739 1523 ε
776 1481 889 1523 Ecce
917 1479 1025 1522 odor
1055 1477 1131 1521 filii
1166 1477 1273 1532 mei,
1313 1478 1425 1521 sicut
1456 1475 1565 1521 odor
1587 1476 1678 1535 agri
1699 1475 1844 1536 pleni,
1897 1503 1899 1509 ,

465 1568 485 1591 »
520 1565 652 1610 quem
684 1549 907 1593 benedixit
938 1549 1161 1593 Dominus.
1192 1546 1422 1592 »Odorem
1445 1546 1692 1590 vestimenti
1726 1561 1849 1590 acce·
1896 1544 1899 1598 ξ

463 1619 554 1678 pit,
576 1629 618 1663 et
641 1619 747 1663 dixit
768 1619 946 1664 odorem
970 1620 1075 1678 agri.
1105 1618 1303 1673 Intellige
1325 1616 1547 1663 Christum
1574 1615 1621 1658 in
1644 1615 1848 1672 mysterio

460 1689 655 1732 interiori
675 1723 685 1742 ‚
712 1697 755 1731 et
775 1687 968 1745 intellige
989 1696 1152 1731 vestem
1172 1686 1332 1730 Christi
1352 1685 1604 1730 Ecclesiam.

519 1760 660 1802 XXV.
704 1756 926 1815 Intelligat
966 1756 1175 1801 Sanctitas
1200 1758 1363 1800 Vestra.
1390 1754 1539 1801 Multis
1562 1755 1677 1799 enim
1709 1755 1848 1800 modis

462 1830 727 1888 significatur
748 1843 836 1872 una
868 1843 930 1871 res
953 1848 962 1872 ι
987 1827 1031 1871 id
1054 1837 1143 1881 est,
1165 1827 1403 1871 Ecclesiam
1419 1862 1429 1881 ‚
1453 1842 1583 1887 quam
1605 1826 1848 1884 significant
1898 1872 1899 1878 ,

461 1900 522 1944 illi
554 1900 643 1944 duo
673 1898 810 1953 haedi,
840 1899 974 1957 ipsam
1010 1898 1221 1957 significat
1243 1898 1369 1942 vestis
1405 1898 1501 1942 ista.
1528 1897 1640 1951 Quia
1671 1912 1758 1941 una
1782 1912 1846 1941 res

462 1970 609 2015 multis
632 1968 771 2014 modis
790 1968 1078 2028 significatur,
1099 1984 1199 2029 quae
1218 1967 1326 2012 nihil
1349 1969 1507 2012 horum
1529 1976 1592 2012 est
1609 1982 1687 2027 per
1704 1983 1848 2012 essen·
1898 1983 1900 2027 ᾗ

463 2042 565 2086 tiam
582 2076 593 2096 ‚
618 2040 762 2086 omnia
787 2054 863 2099 per
881 2039 1077 2097 figuram.
1100 2043 1251 2098 Agnus
1271 2054 1362 2083 non
1382 2047 1525 2098 potest
1547 2053 1635 2082 esse
1656 2037 1726 2082 leo
1748 2055 1759 2089 ;
1780 2038 1848 2082 leo

462 2128 552 2157 non
568 2120 711 2172 potest
733 2126 822 2155 esse
844 2125 1002 2169 agnus:
1021 2110 1230 2154 Dominus
1253 2110 1367 2153 enim
1391 2118 1537 2153 noster
1558 2111 1682 2153 Jesus
1700 2109 1849 2154 Chris·
1897 2134 1900 2175 g

465 2193 531 2228 tus
549 2193 590 2228 et
612 2182 681 2227 leo
698 2182 842 2242 potuit
863 2197 952 2226 esse
971 2216 982 2236 ‚
1008 2190 1051 2225 et
1068 2196 1202 2238 agnus
1225 2201 1233 2225 :
1260 2181 1334 2224 sed
1357 2181 1457 2240 quia
1479 2195 1559 2224 nec
1576 2179 1645 2224 leo
1667 2194 1747 2224 nec
1769 2196 1846 2239 ag·
1898 2185 1900 2241 J

464 2271 545 2299 nus
568 2271 646 2314 per
666 2254 893 2298 essentiam
913 2288 924 2308 ‚
949 2262 992 2297 et
1007 2253 1075 2297 leo
1097 2262 1140 2297 et
1162 2267 1295 2310 agnus
1318 2268 1394 2311 per
1416 2253 1615 2311 figuram.
1641 2251 1709 2296 Sic
1733 2251 1848 2296 haedi
1897 2271 1900 2278 ¹

465 2342 554 2370 non
590 2334 771 2385 possunt
805 2340 892 2368 esse
914 2324 1040 2368 vestis
1057 2359 1068 2379 ,
1094 2333 1136 2367 et
1164 2323 1291 2367 vestis
1316 2339 1404 2367 non
1427 2331 1569 2382 potest
1591 2337 1681 2366 esse
1702 2321 1845 2366 haedi:
1898 2334 1900 2379 j

465 2396 656 2444 Ecclesia
683 2411 785 2440 vero
802 2431 812 2450 ‚
847 2396 948 2455 quia
982 2410 1061 2439 nec
1084 2394 1198 2439 haedi
1221 2410 1300 2438 nec
1332 2395 1458 2438 vestis
1480 2410 1558 2454 per
1589 2395 1818 2438 essentiam
1834 2428 1845 2448 ,

467 2477 510 2512 et
535 2465 651 2510 haedi
684 2476 728 2510 et
750 2466 877 2510 vestis
898 2474 963 2510 est
984 2480 1061 2525 per
1081 2465 1264 2524 figuram
1285 2485 1298 2522 ·,
1321 2473 1363 2508 et
1384 2463 1602 2525 quidquid
1624 2463 1742 2508 aliud
1764 2463 1848 2508 dici
1898 2475 1899 2478 ’

467 2546 623 2597 potest.

520 2619 527 2632 ¹
552 2608 748 2652 Gen.[xxvii‚
769 2608 822 2650 37,
838 2613 901 2640 otc.
926 2625 964 2630 —
983 2615 994 2631 ²
1011 2607 1091 2640 lbid.
1114 2605 1170 2647 ⁴24,
1187 2610 1250 2639 etc.
