<?xml version="1.0" encoding="UTF-8"?>
<!DOCTYPE html PUBLIC "-//W3C//DTD XHTML 1.0 Transitional//EN"
    "http://www.w3.org/TR/xhtml1/DTD/xhtml1-transitional.dtd">
<html xmlns="http://www.w3.org/1999/xhtml" xml:lang="en" lang="en">
 <head>
  <title>
</title>
<meta http-equiv="Content-Type" content="text/html;charset=utf-8" />
  <meta name='ocr-system' content='tesseract 3.04.00' />
  <meta name='ocr-capabilities' content='ocr_page ocr_carea ocr_par ocr_line ocrx_word'/>
</head>
<body>
  <div class='ocr_page' id='page_1' title='image "./operaomniaaccura17auguuoft_0399.png"; bbox 0 0 1867 3320; ppageno 0'>
   <div class='ocr_carea' id='block_1_1' title="bbox 178 276 1371 329">
    <p class='ocr_par' dir='ltr' id='par_1_1' title="bbox 178 276 1371 329">
     <span class='ocr_line' id='line_1_1' title="bbox 178 276 1371 329; baseline 0.016 -21"><span class='ocrx_word' id='word_1_1' title='bbox 178 279 317 309; x_wconf 67' lang='lat' dir='ltr'>semo</span> <span class='ocrx_word' id='word_1_2' title='bbox 347 279 431 308; x_wconf 80' lang='lat' dir='ltr'>xxv</span> <span class='ocrx_word' id='word_1_3' title='bbox 453 296 464 318; x_wconf 87' lang='lat'>‚</span> <span class='ocrx_word' id='word_1_4' title='bbox 498 279 552 308; x_wconf 82' lang='lat' dir='ltr'>DE</span> <span class='ocrx_word' id='word_1_5' title='bbox 585 281 810 313; x_wconf 72' lang='lat' dir='ltr'>vnnsmum</span> <span class='ocrx_word' id='word_1_6' title='bbox 844 276 896 313; x_wconf 79' lang='lat'>12</span> <span class='ocrx_word' id='word_1_7' title='bbox 928 287 1075 320; x_wconf 66' lang='lat' dir='ltr'>psum</span> <span class='ocrx_word' id='word_1_8' title='bbox 1106 295 1221 325; x_wconf 73' lang='lat' dir='ltr'>xc111.</span> <span class='ocrx_word' id='word_1_9' title='bbox 1291 290 1371 329; x_wconf 88' lang='grc'>387</span> 
     </span>
    </p>
   </div>
   <div class='ocr_carea' id='block_1_2' title="bbox 0 344 1406 2596">
    <p class='ocr_par' dir='ltr' id='par_1_2' title="bbox 0 344 1376 412">
     <span class='ocr_line' id='line_1_2' title="bbox 0 344 1376 412; baseline 0.009 -24"><span class='ocrx_word' id='word_1_10' title='bbox 0 347 41 388; x_wconf 69' lang='grc'>“»</span> <span class='ocrx_word' id='word_1_11' title='bbox 74 359 208 406; x_wconf 89' lang='lat' dir='ltr'>quem</span> <span class='ocrx_word' id='word_1_12' title='bbox 229 354 278 390; x_wconf 87' lang='lat' dir='ltr'>tu</span> <span class='ocrx_word' id='word_1_13' title='bbox 305 344 536 401; x_wconf 85' lang='lat' dir='ltr'>erudieris,</span> <span class='ocrx_word' id='word_1_14' title='bbox 567 349 775 405; x_wconf 87' lang='lat' dir='ltr'><strong>Domine,</strong></span> <span class='ocrx_word' id='word_1_15' title='bbox 807 360 850 395; x_wconf 89' lang='lat' dir='ltr'>et</span> <span class='ocrx_word' id='word_1_16' title='bbox 881 367 932 395; x_wconf 85' lang='lat' dir='ltr'>ex</span> <span class='ocrx_word' id='word_1_17' title='bbox 960 354 1051 412; x_wconf 83' lang='lat' dir='ltr'>lege</span> <span class='ocrx_word' id='word_1_18' title='bbox 1082 367 1157 403; x_wconf 83' lang='lat' dir='ltr'>tua</span> <span class='ocrx_word' id='word_1_19' title='bbox 1185 361 1376 410; x_wconf 70' lang='lat' dir='ltr'>docueris</span> 
     </span>
    </p>

    <p class='ocr_par' dir='ltr' id='par_1_3' title="bbox 19 417 1378 484">
     <span class='ocr_line' id='line_1_3' title="bbox 19 417 1378 484; baseline 0.015 -24"><span class='ocrx_word' id='word_1_20' title='bbox 19 435 41 460; x_wconf 82' lang='lat'><strong>»</strong></span> <span class='ocrx_word' id='word_1_21' title='bbox 75 432 193 462; x_wconf 90' lang='lat' dir='ltr'>eum.</span> <span class='ocrx_word' id='word_1_22' title='bbox 221 435 243 459; x_wconf 86' lang='lat'>»</span> <span class='ocrx_word' id='word_1_23' title='bbox 264 419 378 462; x_wconf 87' lang='lat' dir='ltr'>Ecce</span> <span class='ocrx_word' id='word_1_24' title='bbox 414 417 548 462; x_wconf 87' lang='lat' dir='ltr'>homo</span> <span class='ocrx_word' id='word_1_25' title='bbox 584 422 740 479; x_wconf 86' lang='lat' dir='ltr'>quaerit</span> <span class='ocrx_word' id='word_1_26' title='bbox 761 437 785 466; x_wconf 92' lang='lat' dir='ltr'>a</span> <span class='ocrx_word' id='word_1_27' title='bbox 803 437 903 479; x_wconf 88' lang='lat' dir='ltr'>me,</span> <span class='ocrx_word' id='word_1_28' title='bbox 938 425 1058 484; x_wconf 90' lang='lat' dir='ltr'>quod</span> <span class='ocrx_word' id='word_1_29' title='bbox 1086 428 1247 476; x_wconf 87' lang='lat' dir='ltr'>bellum</span> <span class='ocrx_word' id='word_1_30' title='bbox 1267 434 1311 478; x_wconf 87' lang='lat' dir='ltr'>in</span> <span class='ocrx_word' id='word_1_31' title='bbox 1334 451 1378 480; x_wconf 90' lang='lat' dir='ltr'>se</span> 
     </span>
    </p>

    <p class='ocr_par' dir='ltr' id='par_1_4' title="bbox 15 487 1382 563">
     <span class='ocr_line' id='line_1_4' title="bbox 15 487 1382 563; baseline 0.012 -30"><span class='ocrx_word' id='word_1_32' title='bbox 15 489 207 550; x_wconf 83' lang='lat' dir='ltr'>patiatur</span> <span class='ocrx_word' id='word_1_33' title='bbox 222 490 364 550; x_wconf 86' lang='lat' dir='ltr'>justus</span> <span class='ocrx_word' id='word_1_34' title='bbox 388 507 399 533; x_wconf 85' lang='lat'>:</span> <span class='ocrx_word' id='word_1_35' title='bbox 425 487 536 534; x_wconf 86' lang='lat' dir='ltr'>doce</span> <span class='ocrx_word' id='word_1_36' title='bbox 563 488 688 535; x_wconf 81' lang='lat' dir='ltr'>illum</span> <span class='ocrx_word' id='word_1_37' title='bbox 714 507 765 537; x_wconf 84' lang='lat' dir='ltr'>ex</span> <span class='ocrx_word' id='word_1_38' title='bbox 783 492 879 553; x_wconf 86' lang='lat' dir='ltr'>lege</span> <span class='ocrx_word' id='word_1_39' title='bbox 900 503 975 540; x_wconf 86' lang='lat' dir='ltr'>tua</span> <span class='ocrx_word' id='word_1_40' title='bbox 992 531 1005 551; x_wconf 89' lang='lat'>,</span> <span class='ocrx_word' id='word_1_41' title='bbox 1028 496 1227 557; x_wconf 87' lang='lat' dir='ltr'>loquatur</span> <span class='ocrx_word' id='word_1_42' title='bbox 1248 506 1382 563; x_wconf 82' lang='lat' dir='ltr'>Apos-</span> 
     </span>
    </p>

    <p class='ocr_par' dir='ltr' id='par_1_5' title="bbox 15 559 1384 630">
     <span class='ocr_line' id='line_1_5' title="bbox 15 559 1384 630; baseline 0.009 -27"><span class='ocrx_word' id='word_1_43' title='bbox 15 559 134 606; x_wconf 87' lang='lat' dir='ltr'><strong>tolus</strong></span> <span class='ocrx_word' id='word_1_44' title='bbox 158 578 169 605; x_wconf 88' lang='lat'>:</span> <span class='ocrx_word' id='word_1_45' title='bbox 191 577 215 603; x_wconf 77' lang='grc' dir='ltr'>ιι</span> <span class='ocrx_word' id='word_1_46' title='bbox 234 560 349 605; x_wconf 83' lang='lat' dir='ltr'>Caro</span> <span class='ocrx_word' id='word_1_47' title='bbox 377 559 644 619; x_wconf 85' lang='lat' dir='ltr'>concupiscit</span> <span class='ocrx_word' id='word_1_48' title='bbox 664 560 865 608; x_wconf 84' lang='lat' dir='ltr'>adversus</span> <span class='ocrx_word' id='word_1_49' title='bbox 892 566 1091 625; x_wconf 88' lang='lat' dir='ltr'>spiritum</span> <span class='ocrx_word' id='word_1_50' title='bbox 1105 603 1116 623; x_wconf 89' lang='lat'>‚</span> <span class='ocrx_word' id='word_1_51' title='bbox 1141 578 1183 613; x_wconf 90' lang='lat' dir='ltr'>et</span> <span class='ocrx_word' id='word_1_52' title='bbox 1216 572 1384 630; x_wconf 86' lang='lat' dir='ltr'>spiritus</span> 
     </span>
    </p>

    <p class='ocr_par' dir='ltr' id='par_1_6' title="bbox 17 630 1395 1099">
     <span class='ocr_line' id='line_1_6' title="bbox 20 630 1388 695; baseline 0.008 -21"><span class='ocrx_word' id='word_1_53' title='bbox 20 649 43 674; x_wconf 73' lang='lat' dir='ltr'>n</span> <span class='ocrx_word' id='word_1_54' title='bbox 76 630 281 676; x_wconf 83' lang='lat' dir='ltr'>adversus</span> <span class='ocrx_word' id='word_1_55' title='bbox 302 645 478 676; x_wconf 85' lang='lat' dir='ltr'>carnem</span> <span class='ocrx_word' id='word_1_56' title='bbox 496 632 526 675; x_wconf 87' lang='lat'>¹.</span> <span class='ocrx_word' id='word_1_57' title='bbox 555 649 576 672; x_wconf 87' lang='lat'>»</span> <span class='ocrx_word' id='word_1_58' title='bbox 601 633 659 676; x_wconf 89' lang='lat' dir='ltr'>Et</span> <span class='ocrx_word' id='word_1_59' title='bbox 678 633 755 677; x_wconf 86' lang='lat' dir='ltr'>ubi</span> <span class='ocrx_word' id='word_1_60' title='bbox 776 635 954 695; x_wconf 87' lang='lat' dir='ltr'>projicio</span> <span class='ocrx_word' id='word_1_61' title='bbox 980 653 1177 695; x_wconf 88' lang='lat' dir='ltr'>carnem,</span> <span class='ocrx_word' id='word_1_62' title='bbox 1208 641 1242 684; x_wconf 90' lang='lat' dir='ltr'>si</span> <span class='ocrx_word' id='word_1_63' title='bbox 1269 654 1388 690; x_wconf 83' lang='lat' dir='ltr'>sonet</span> 
     </span>
     <span class='ocr_line' id='line_1_7' title="bbox 17 701 1387 772; baseline 0.008 -24"><span class='ocrx_word' id='word_1_64' title='bbox 17 701 210 761; x_wconf 64' lang='lat' dir='ltr'>bellumr,</span> <span class='ocrx_word' id='word_1_65' title='bbox 226 702 278 758; x_wconf 90' lang='lat' dir='ltr'>si,</span> <span class='ocrx_word' id='word_1_66' title='bbox 295 701 416 763; x_wconf 90' lang='lat' dir='ltr'>quod</span> <span class='ocrx_word' id='word_1_67' title='bbox 439 705 553 746; x_wconf 91' lang='lat' dir='ltr'>Deus</span> <span class='ocrx_word' id='word_1_68' title='bbox 574 713 754 760; x_wconf 86' lang='lat' dir='ltr'>avertat,</span> <span class='ocrx_word' id='word_1_69' title='bbox 769 705 904 751; x_wconf 88' lang='lat' dir='ltr'>hostis</span> <span class='ocrx_word' id='word_1_70' title='bbox 916 707 1081 753; x_wconf 76' lang='lat' dir='ltr'>irruat?</span> <span class='ocrx_word' id='word_1_71' title='bbox 1098 711 1227 770; x_wconf 83' lang='lat' dir='ltr'>Fugit</span> <span class='ocrx_word' id='word_1_72' title='bbox 1242 712 1387 772; x_wconf 84' lang='lat' dir='ltr'>homo,</span> 
     </span>
     <span class='ocr_line' id='line_1_8' title="bbox 31 771 1390 840; baseline 0.008 -23"><span class='ocrx_word' id='word_1_73' title='bbox 31 781 66 817; x_wconf 89' lang='lat' dir='ltr'>t</span> <span class='ocrx_word' id='word_1_74' title='bbox 84 786 230 818; x_wconf 89' lang='lat' dir='ltr'>secum</span> <span class='ocrx_word' id='word_1_75' title='bbox 249 772 384 817; x_wconf 84' lang='lat' dir='ltr'>trahit</span> <span class='ocrx_word' id='word_1_76' title='bbox 404 771 571 816; x_wconf 87' lang='lat' dir='ltr'>bellum</span> <span class='ocrx_word' id='word_1_77' title='bbox 594 788 721 817; x_wconf 87' lang='lat' dir='ltr'>suum</span> <span class='ocrx_word' id='word_1_78' title='bbox 737 809 749 829; x_wconf 90' lang='lat'>‚</span> <span class='ocrx_word' id='word_1_79' title='bbox 785 791 1061 838; x_wconf 89' lang='lat' dir='ltr'>quocumque</span> <span class='ocrx_word' id='word_1_80' title='bbox 1092 780 1138 824; x_wconf 91' lang='lat' dir='ltr'>it.</span> <span class='ocrx_word' id='word_1_81' title='bbox 1163 783 1257 826; x_wconf 89' lang='lat' dir='ltr'>Non</span> <span class='ocrx_word' id='word_1_82' title='bbox 1279 783 1390 840; x_wconf 90' lang='lat' dir='ltr'>dico,</span> 
     </span>
     <span class='ocr_line' id='line_1_9' title="bbox 42 842 1394 908; baseline 0.008 -20.816"><span class='ocrx_word' id='word_1_83' title='bbox 42 842 52 850; x_wconf 83' lang='lat'>&#39;</span> <span class='ocrx_word' id='word_1_84' title='bbox 77 843 217 888; x_wconf 85' lang='lat' dir='ltr'>malus</span> <span class='ocrx_word' id='word_1_85' title='bbox 238 852 333 888; x_wconf 88' lang='lat' dir='ltr'>est:</span> <span class='ocrx_word' id='word_1_86' title='bbox 354 858 530 902; x_wconf 90' lang='lat' dir='ltr'>prorsus</span> <span class='ocrx_word' id='word_1_87' title='bbox 551 843 586 887; x_wconf 93' lang='lat' dir='ltr'>si</span> <span class='ocrx_word' id='word_1_88' title='bbox 614 844 755 889; x_wconf 90' lang='lat' dir='ltr'>bonus</span> <span class='ocrx_word' id='word_1_89' title='bbox 778 855 861 901; x_wconf 90' lang='lat' dir='ltr'>est,</span> <span class='ocrx_word' id='word_1_90' title='bbox 901 848 933 892; x_wconf 87' lang='lat' dir='ltr'>si</span> <span class='ocrx_word' id='word_1_91' title='bbox 950 849 1063 908; x_wconf 88' lang='lat' dir='ltr'>juste</span> <span class='ocrx_word' id='word_1_92' title='bbox 1084 850 1207 907; x_wconf 86' lang='lat' dir='ltr'>vivit,</span> <span class='ocrx_word' id='word_1_93' title='bbox 1231 852 1394 898; x_wconf 86' lang='lat' dir='ltr'>invenit</span> 
     </span>
     <span class='ocr_line' id='line_1_10' title="bbox 20 912 1394 979; baseline 0.011 -26"><span class='ocrx_word' id='word_1_94' title='bbox 20 936 25 951; x_wconf 55' lang='lat'>1</span> <span class='ocrx_word' id='word_1_95' title='bbox 49 934 57 953; x_wconf 81' lang='lat' dir='ltr'>t</span> <span class='ocrx_word' id='word_1_96' title='bbox 88 928 134 958; x_wconf 92' lang='lat' dir='ltr'>se</span> <span class='ocrx_word' id='word_1_97' title='bbox 153 914 277 973; x_wconf 88' lang='lat' dir='ltr'>quod</span> <span class='ocrx_word' id='word_1_98' title='bbox 296 912 532 974; x_wconf 84' lang='lat' dir='ltr'>Apostolus</span> <span class='ocrx_word' id='word_1_99' title='bbox 554 912 660 958; x_wconf 89' lang='lat' dir='ltr'>dicit</span> <span class='ocrx_word' id='word_1_100' title='bbox 684 934 694 959; x_wconf 77' lang='lat'>2</span> <span class='ocrx_word' id='word_1_101' title='bbox 718 934 738 956; x_wconf 83' lang='lat'>«</span> <span class='ocrx_word' id='word_1_102' title='bbox 761 917 873 961; x_wconf 87' lang='lat' dir='ltr'>Caro</span> <span class='ocrx_word' id='word_1_103' title='bbox 901 920 1163 979; x_wconf 88' lang='lat' dir='ltr'>concupiscit</span> <span class='ocrx_word' id='word_1_104' title='bbox 1193 922 1394 968; x_wconf 87' lang='lat' dir='ltr'>adversus</span> 
     </span>
     <span class='ocr_line' id='line_1_11' title="bbox 22 983 1395 1043; baseline 0.008 -16"><span class='ocrx_word' id='word_1_105' title='bbox 22 1008 27 1023; x_wconf 86' lang='lat'>.·</span> <span class='ocrx_word' id='word_1_106' title='bbox 79 983 310 1043; x_wconf 83' lang='lat' dir='ltr'>spiritum,</span> <span class='ocrx_word' id='word_1_107' title='bbox 340 993 386 1028; x_wconf 87' lang='lat' dir='ltr'>et</span> <span class='ocrx_word' id='word_1_108' title='bbox 407 983 582 1043; x_wconf 85' lang='lat' dir='ltr'>spiritus</span> <span class='ocrx_word' id='word_1_109' title='bbox 608 985 811 1030; x_wconf 85' lang='lat' dir='ltr'>adversus</span> <span class='ocrx_word' id='word_1_110' title='bbox 837 1001 1026 1032; x_wconf 87' lang='lat' dir='ltr'>carnem.</span> <span class='ocrx_word' id='word_1_111' title='bbox 1055 1008 1075 1030; x_wconf 78' lang='lat'>»</span> <span class='ocrx_word' id='word_1_112' title='bbox 1097 993 1149 1035; x_wconf 87' lang='lat' dir='ltr'>Iu</span> <span class='ocrx_word' id='word_1_113' title='bbox 1175 991 1256 1038; x_wconf 88' lang='lat' dir='ltr'>isto</span> <span class='ocrx_word' id='word_1_114' title='bbox 1280 992 1395 1038; x_wconf 86' lang='lat' dir='ltr'>bello</span> 
     </span>
     <span class='ocr_line' id='line_1_12' title="bbox 34 1053 641 1099; baseline 0.003 -3"><span class='ocrx_word' id='word_1_115' title='bbox 34 1053 247 1099; x_wconf 83' lang='lat' dir='ltr'>·u0m0d0</span> <span class='ocrx_word' id='word_1_116' title='bbox 269 1064 373 1099; x_wconf 89' lang='lat' dir='ltr'>sunt</span> <span class='ocrx_word' id='word_1_117' title='bbox 392 1054 484 1098; x_wconf 87' lang='lat' dir='ltr'>dies</span> <span class='ocrx_word' id='word_1_118' title='bbox 505 1054 641 1099; x_wconf 77' lang='lat' dir='ltr'>boni?</span> 
     </span>
    </p>

    <p class='ocr_par' dir='ltr' id='par_1_7' title="bbox 27 1125 1406 1888">
     <span class='ocr_line' id='line_1_13' title="bbox 81 1125 1396 1190; baseline 0.006 -19"><span class='ocrx_word' id='word_1_119' title='bbox 81 1128 136 1171; x_wconf 84' lang='lat' dir='ltr'>V.</span> <span class='ocrx_word' id='word_1_120' title='bbox 160 1128 279 1185; x_wconf 87' lang='lat' dir='ltr'>Ergo</span> <span class='ocrx_word' id='word_1_121' title='bbox 300 1125 480 1184; x_wconf 81' lang='lat' dir='ltr'>maligni</span> <span class='ocrx_word' id='word_1_122' title='bbox 520 1135 626 1170; x_wconf 88' lang='lat' dir='ltr'>sunt</span> <span class='ocrx_word' id='word_1_123' title='bbox 644 1126 737 1170; x_wconf 83' lang='lat' dir='ltr'>dies</span> <span class='ocrx_word' id='word_1_124' title='bbox 760 1145 770 1172; x_wconf 89' lang='lat'>:</span> <span class='ocrx_word' id='word_1_125' title='bbox 793 1126 870 1172; x_wconf 89' lang='lat' dir='ltr'>sed</span> <span class='ocrx_word' id='word_1_126' title='bbox 899 1129 1155 1188; x_wconf 83' lang='lat' dir='ltr'>mitigemur.</span> <span class='ocrx_word' id='word_1_127' title='bbox 1180 1132 1293 1186; x_wconf 91' lang='lat' dir='ltr'>Quid</span> <span class='ocrx_word' id='word_1_128' title='bbox 1313 1144 1396 1190; x_wconf 68' lang='lat' dir='ltr'>est,</span> 
     </span>
     <span class='ocr_line' id='line_1_14' title="bbox 27 1195 1394 1255; baseline 0.007 -15"><span class='ocrx_word' id='word_1_129' title='bbox 27 1233 29 1235; x_wconf 90' lang='lat'>.</span> <span class='ocrx_word' id='word_1_130' title='bbox 51 1232 53 1235; x_wconf 90' lang='lat'><em>.</em></span> <span class='ocrx_word' id='word_1_131' title='bbox 105 1197 307 1255; x_wconf 76' lang='lat' dir='ltr'>igemur?</span> <span class='ocrx_word' id='word_1_132' title='bbox 327 1195 502 1240; x_wconf 87' lang='lat' dir='ltr'>Judicio</span> <span class='ocrx_word' id='word_1_133' title='bbox 522 1195 672 1240; x_wconf 88' lang='lat' dir='ltr'>divino</span> <span class='ocrx_word' id='word_1_134' title='bbox 694 1212 784 1241; x_wconf 88' lang='lat' dir='ltr'>non</span> <span class='ocrx_word' id='word_1_135' title='bbox 810 1197 1053 1244; x_wconf 85' lang='lat' dir='ltr'>irascamur.</span> <span class='ocrx_word' id='word_1_136' title='bbox 1076 1202 1272 1248; x_wconf 86' lang='lat' dir='ltr'>Dicamus</span> <span class='ocrx_word' id='word_1_137' title='bbox 1299 1204 1360 1248; x_wconf 87' lang='lat' dir='ltr'>illi</span> <span class='ocrx_word' id='word_1_138' title='bbox 1384 1223 1394 1250; x_wconf 93' lang='lat'>:</span> 
     </span>
     <span class='ocr_line' id='line_1_15' title="bbox 83 1266 1397 1327; baseline 0.006 -15"><span class='ocrx_word' id='word_1_139' title='bbox 83 1270 256 1312; x_wconf 91' lang='lat' dir='ltr'>Bonum</span> <span class='ocrx_word' id='word_1_140' title='bbox 277 1276 344 1311; x_wconf 88' lang='lat' dir='ltr'>est</span> <span class='ocrx_word' id='word_1_141' title='bbox 363 1266 497 1321; x_wconf 91' lang='lat' dir='ltr'>mihi,</span> <span class='ocrx_word' id='word_1_142' title='bbox 523 1266 731 1327; x_wconf 87' lang='lat' dir='ltr'>quoniam</span> <span class='ocrx_word' id='word_1_143' title='bbox 769 1268 1001 1315; x_wconf 76' lang='lat' dir='ltr'>humiliasti</span> <span class='ocrx_word' id='word_1_144' title='bbox 1033 1287 1101 1316; x_wconf 88' lang='lat' dir='ltr'>me</span> <span class='ocrx_word' id='word_1_145' title='bbox 1117 1308 1127 1327; x_wconf 89' lang='lat'>‚</span> <span class='ocrx_word' id='word_1_146' title='bbox 1169 1284 1217 1318; x_wconf 92' lang='lat' dir='ltr'>ut</span> <span class='ocrx_word' id='word_1_147' title='bbox 1239 1274 1397 1320; x_wconf 90' lang='lat' dir='ltr'>discam</span> 
     </span>
     <span class='ocr_line' id='line_1_16' title="bbox 76 1337 1399 1399; baseline 0.006 -17"><span class='ocrx_word' id='word_1_148' title='bbox 76 1337 411 1399; x_wconf 72' lang='lat' dir='ltr'>justificationes</span> <span class='ocrx_word' id='word_1_149' title='bbox 422 1340 656 1382; x_wconf 79' lang='lat' dir='ltr'>tuas2.»De</span> <span class='ocrx_word' id='word_1_150' title='bbox 672 1338 868 1398; x_wconf 81' lang='lat' dir='ltr'>paradiso</span> <span class='ocrx_word' id='word_1_151' title='bbox 883 1341 1044 1398; x_wconf 86' lang='lat' dir='ltr'>elisisti,</span> <span class='ocrx_word' id='word_1_152' title='bbox 1064 1343 1118 1388; x_wconf 94' lang='lat' dir='ltr'>de</span> <span class='ocrx_word' id='word_1_153' title='bbox 1135 1345 1399 1391; x_wconf 81' lang='lat' dir='ltr'>beatitudine</span> 
     </span>
     <span class='ocr_line' id='line_1_17' title="bbox 43 1409 1401 1471; baseline 0.005 -18"><span class='ocrx_word' id='word_1_154' title='bbox 43 1430 48 1447; x_wconf 69' lang='grc' dir='ltr'><em>τ</em></span> <span class='ocrx_word' id='word_1_155' title='bbox 76 1409 243 1469; x_wconf 78' lang='lat' dir='ltr'>ejecisti</span> <span class='ocrx_word' id='word_1_156' title='bbox 261 1427 271 1454; x_wconf 89' lang='lat'>:</span> <span class='ocrx_word' id='word_1_157' title='bbox 289 1409 337 1453; x_wconf 93' lang='lat' dir='ltr'>in</span> <span class='ocrx_word' id='word_1_158' title='bbox 354 1423 551 1452; x_wconf 79' lang='lat' dir='ltr'>aerumna</span> <span class='ocrx_word' id='word_1_159' title='bbox 572 1423 685 1463; x_wconf 83' lang='lat' dir='ltr'>sum,</span> <span class='ocrx_word' id='word_1_160' title='bbox 701 1409 748 1452; x_wconf 88' lang='lat' dir='ltr'>in</span> <span class='ocrx_word' id='word_1_161' title='bbox 769 1411 930 1468; x_wconf 78' lang='lat' dir='ltr'>gemitu</span> <span class='ocrx_word' id='word_1_162' title='bbox 947 1427 1038 1456; x_wconf 91' lang='lat' dir='ltr'>sum</span> <span class='ocrx_word' id='word_1_163' title='bbox 1053 1448 1064 1467; x_wconf 89' lang='lat'>,</span> <span class='ocrx_word' id='word_1_164' title='bbox 1086 1415 1264 1471; x_wconf 86' lang='lat' dir='ltr'>gemitus</span> <span class='ocrx_word' id='word_1_165' title='bbox 1281 1430 1401 1460; x_wconf 86' lang='lat' dir='ltr'>meus</span> 
     </span>
     <span class='ocr_line' id='line_1_18' title="bbox 68 1478 1403 1546; baseline 0.007 -24.757"><span class='ocrx_word' id='word_1_166' title='bbox 68 1495 118 1524; x_wconf 91' lang='lat' dir='ltr'>n</span> <span class='ocrx_word' id='word_1_167' title='bbox 137 1487 203 1525; x_wconf 75' lang='lat' dir='ltr'>oet</span> <span class='ocrx_word' id='word_1_168' title='bbox 222 1478 503 1525; x_wconf 84' lang='lat' dir='ltr'>absconditus</span> <span class='ocrx_word' id='word_1_169' title='bbox 520 1495 543 1523; x_wconf 93' lang='lat' dir='ltr'>a</span> <span class='ocrx_word' id='word_1_170' title='bbox 566 1488 625 1524; x_wconf 83' lang='lat' dir='ltr'>te.</span> <span class='ocrx_word' id='word_1_171' title='bbox 662 1479 747 1524; x_wconf 89' lang='lat' dir='ltr'>Sed</span> <span class='ocrx_word' id='word_1_172' title='bbox 767 1480 931 1526; x_wconf 89' lang='lat' dir='ltr'>bonum</span> <span class='ocrx_word' id='word_1_173' title='bbox 952 1493 1014 1527; x_wconf 64' lang='lat' dir='ltr'>est</span> <span class='ocrx_word' id='word_1_174' title='bbox 1042 1484 1146 1528; x_wconf 84' lang='lat' dir='ltr'>mibi</span> <span class='ocrx_word' id='word_1_175' title='bbox 1163 1521 1173 1541; x_wconf 91' lang='lat'>,</span> <span class='ocrx_word' id='word_1_176' title='bbox 1198 1487 1403 1546; x_wconf 88' lang='lat' dir='ltr'>quoniam</span> 
     </span>
     <span class='ocr_line' id='line_1_19' title="bbox 71 1550 1405 1610; baseline 0.006 -17"><span class='ocrx_word' id='word_1_177' title='bbox 71 1573 77 1590; x_wconf 59' lang='grc' dir='ltr'><strong><em>ι</em></strong></span> <span class='ocrx_word' id='word_1_178' title='bbox 103 1573 122 1593; x_wconf 70' lang='lat'>1·</span> <span class='ocrx_word' id='word_1_179' title='bbox 170 1551 265 1595; x_wconf 83' lang='lat' dir='ltr'>&#39;asti</span> <span class='ocrx_word' id='word_1_180' title='bbox 283 1565 381 1601; x_wconf 91' lang='lat' dir='ltr'>me,</span> <span class='ocrx_word' id='word_1_181' title='bbox 417 1559 468 1595; x_wconf 85' lang='lat' dir='ltr'>ut</span> <span class='ocrx_word' id='word_1_182' title='bbox 487 1550 652 1594; x_wconf 83' lang='lat' dir='ltr'>discam</span> <span class='ocrx_word' id='word_1_183' title='bbox 688 1551 1010 1610; x_wconf 82' lang='lat' dir='ltr'>justificationes</span> <span class='ocrx_word' id='word_1_184' title='bbox 1043 1563 1151 1599; x_wconf 90' lang='lat' dir='ltr'>tuas.</span> <span class='ocrx_word' id='word_1_185' title='bbox 1177 1559 1225 1600; x_wconf 91' lang='lat' dir='ltr'>ln</span> <span class='ocrx_word' id='word_1_186' title='bbox 1254 1557 1405 1602; x_wconf 89' lang='lat' dir='ltr'>diebus</span> 
     </span>
     <span class='ocr_line' id='line_1_20' title="bbox 45 1619 1402 1681; baseline 0.007 -20"><span class='ocrx_word' id='word_1_187' title='bbox 45 1643 62 1661; x_wconf 72' lang='grc' dir='ltr'>1ι</span> <span class='ocrx_word' id='word_1_188' title='bbox 75 1620 153 1666; x_wconf 83' lang='lat' dir='ltr'>alis</span> <span class='ocrx_word' id='word_1_189' title='bbox 168 1620 288 1665; x_wconf 83' lang='lat' dir='ltr'>disco</span> <span class='ocrx_word' id='word_1_190' title='bbox 306 1635 503 1681; x_wconf 86' lang='lat' dir='ltr'>quaerere</span> <span class='ocrx_word' id='word_1_191' title='bbox 520 1619 611 1664; x_wconf 89' lang='lat' dir='ltr'>dies</span> <span class='ocrx_word' id='word_1_192' title='bbox 629 1621 781 1664; x_wconf 60' lang='lat' dir='ltr'>bonos</span> <span class='ocrx_word' id='word_1_193' title='bbox 802 1623 885 1675; x_wconf 88' lang='lat' dir='ltr'>Qui</span> <span class='ocrx_word' id='word_1_194' title='bbox 898 1632 999 1667; x_wconf 89' lang='lat' dir='ltr'>sunt</span> <span class='ocrx_word' id='word_1_195' title='bbox 1016 1623 1103 1669; x_wconf 83' lang='lat' dir='ltr'>dies</span> <span class='ocrx_word' id='word_1_196' title='bbox 1119 1626 1245 1669; x_wconf 83' lang='lat' dir='ltr'>boni?</span> <span class='ocrx_word' id='word_1_197' title='bbox 1263 1627 1402 1671; x_wconf 83' lang='lat' dir='ltr'>Nolite</span> 
     </span>
     <span class='ocr_line' id='line_1_21' title="bbox 77 1690 1400 1750; baseline 0 -15"><span class='ocrx_word' id='word_1_198' title='bbox 77 1706 124 1736; x_wconf 83' lang='lat' dir='ltr'>os</span> <span class='ocrx_word' id='word_1_199' title='bbox 145 1690 278 1735; x_wconf 90' lang='lat' dir='ltr'>modo</span> <span class='ocrx_word' id='word_1_200' title='bbox 311 1705 508 1750; x_wconf 84' lang='lat' dir='ltr'>quaerere</span> <span class='ocrx_word' id='word_1_201' title='bbox 527 1709 537 1732; x_wconf 75' lang='grc' dir='ltr'><strong>ι</strong></span> <span class='ocrx_word' id='word_1_202' title='bbox 561 1690 669 1732; x_wconf 87' lang='lat' dir='ltr'>mihi</span> <span class='ocrx_word' id='word_1_203' title='bbox 699 1690 859 1734; x_wconf 86' lang='lat' dir='ltr'>credite</span> <span class='ocrx_word' id='word_1_204' title='bbox 875 1725 886 1743; x_wconf 91' lang='lat'>,</span> <span class='ocrx_word' id='word_1_205' title='bbox 917 1690 1004 1734; x_wconf 86' lang='lat' dir='ltr'>imo</span> <span class='ocrx_word' id='word_1_206' title='bbox 1024 1705 1191 1734; x_wconf 90' lang='lat' dir='ltr'>mecum</span> <span class='ocrx_word' id='word_1_207' title='bbox 1214 1691 1400 1746; x_wconf 88' lang='lat' dir='ltr'>credite,</span> 
     </span>
     <span class='ocr_line' id='line_1_22' title="bbox 72 1759 1406 1812; baseline 0.004 -12"><span class='ocrx_word' id='word_1_208' title='bbox 72 1783 80 1800; x_wconf 84' lang='lat'><strong>.</strong></span> <span class='ocrx_word' id='word_1_209' title='bbox 100 1783 109 1803; x_wconf 77' lang='grc' dir='ltr'>ι</span> <span class='ocrx_word' id='word_1_210' title='bbox 136 1760 378 1806; x_wconf 87' lang='lat' dir='ltr'>invenietis.</span> <span class='ocrx_word' id='word_1_211' title='bbox 400 1759 666 1804; x_wconf 87' lang='lat' dir='ltr'>Transibunt</span> <span class='ocrx_word' id='word_1_212' title='bbox 683 1759 774 1803; x_wconf 86' lang='lat' dir='ltr'>dies</span> <span class='ocrx_word' id='word_1_213' title='bbox 796 1759 913 1812; x_wconf 83' lang='lat' dir='ltr'>mali,</span> <span class='ocrx_word' id='word_1_214' title='bbox 928 1769 970 1803; x_wconf 90' lang='lat' dir='ltr'>et</span> <span class='ocrx_word' id='word_1_215' title='bbox 985 1761 1156 1804; x_wconf 87' lang='lat' dir='ltr'>venient</span> <span class='ocrx_word' id='word_1_216' title='bbox 1175 1761 1278 1804; x_wconf 89' lang='lat' dir='ltr'>boni</span> <span class='ocrx_word' id='word_1_217' title='bbox 1304 1780 1313 1806; x_wconf 71' lang='grc' dir='ltr'>ε</span> <span class='ocrx_word' id='word_1_218' title='bbox 1333 1760 1406 1806; x_wconf 80' lang='lat' dir='ltr'>sed</span> 
     </span>
     <span class='ocr_line' id='line_1_23' title="bbox 73 1827 857 1888; baseline -0.005 -13"><span class='ocrx_word' id='word_1_219' title='bbox 73 1848 138 1875; x_wconf 77' lang='grc' dir='ltr'><strong>-ιιι</strong></span> <span class='ocrx_word' id='word_1_220' title='bbox 154 1830 332 1876; x_wconf 86' lang='lat' dir='ltr'>venient</span> <span class='ocrx_word' id='word_1_221' title='bbox 362 1830 511 1883; x_wconf 85' lang='lat' dir='ltr'>bonis,</span> <span class='ocrx_word' id='word_1_222' title='bbox 534 1827 658 1872; x_wconf 87' lang='lat' dir='ltr'>malis</span> <span class='ocrx_word' id='word_1_223' title='bbox 679 1829 857 1888; x_wconf 87' lang='lat' dir='ltr'>pejores.</span> 
     </span>
    </p>

    <p class='ocr_par' dir='ltr' id='par_1_8' title="bbox 1 1899 1405 2596">
     <span class='ocr_line' id='line_1_24' title="bbox 31 1899 1405 1962; baseline 0.001 -16"><span class='ocrx_word' id='word_1_224' title='bbox 31 1947 37 1952; x_wconf 75' lang='grc'>,</span> <span class='ocrx_word' id='word_1_225' title='bbox 88 1903 167 1946; x_wconf 78' lang='grc' dir='ltr'>Ἦ.</span> <span class='ocrx_word' id='word_1_226' title='bbox 191 1901 368 1946; x_wconf 86' lang='lat' dir='ltr'>Etenim</span> <span class='ocrx_word' id='word_1_227' title='bbox 386 1908 429 1943; x_wconf 86' lang='lat' dir='ltr'>et</span> <span class='ocrx_word' id='word_1_228' title='bbox 451 1914 533 1958; x_wconf 86' lang='lat' dir='ltr'>ego</span> <span class='ocrx_word' id='word_1_229' title='bbox 553 1899 774 1957; x_wconf 82' lang='lat' dir='ltr'>interrogo</span> <span class='ocrx_word' id='word_1_230' title='bbox 795 1913 871 1942; x_wconf 85' lang='lat' dir='ltr'>vos</span> <span class='ocrx_word' id='word_1_231' title='bbox 897 1913 905 1938; x_wconf 91' lang='lat'>:</span> <span class='ocrx_word' id='word_1_232' title='bbox 932 1916 953 1939; x_wconf 91' lang='lat'>«</span> <span class='ocrx_word' id='word_1_233' title='bbox 975 1899 1078 1950; x_wconf 87' lang='lat' dir='ltr'>Quis</span> <span class='ocrx_word' id='word_1_234' title='bbox 1099 1908 1162 1943; x_wconf 64' lang='lat' dir='ltr'>est</span> <span class='ocrx_word' id='word_1_235' title='bbox 1183 1900 1311 1946; x_wconf 91' lang='lat' dir='ltr'>homo</span> <span class='ocrx_word' id='word_1_236' title='bbox 1330 1903 1405 1962; x_wconf 88' lang='lat' dir='ltr'>qui</span> 
     </span>
     <span class='ocr_line' id='line_1_25' title="bbox 86 1968 1400 2029; baseline -0.002 -11"><span class='ocrx_word' id='word_1_237' title='bbox 86 1971 187 2018; x_wconf 80' lang='lat' dir='ltr'>vult</span> <span class='ocrx_word' id='word_1_238' title='bbox 200 1971 396 2016; x_wconf 76' lang='lat' dir='ltr'>vitam⁸?</span> <span class='ocrx_word' id='word_1_239' title='bbox 419 1988 441 2012; x_wconf 68' lang='grc' dir='ltr'>ι»</span> <span class='ocrx_word' id='word_1_240' title='bbox 468 1970 588 2024; x_wconf 90' lang='lat' dir='ltr'>Scio,</span> <span class='ocrx_word' id='word_1_241' title='bbox 617 1970 812 2014; x_wconf 86' lang='lat' dir='ltr'>omnium</span> <span class='ocrx_word' id='word_1_242' title='bbox 840 1968 968 2013; x_wconf 86' lang='lat' dir='ltr'>corda</span> <span class='ocrx_word' id='word_1_243' title='bbox 990 1969 1093 2012; x_wconf 90' lang='lat' dir='ltr'>mihi</span> <span class='ocrx_word' id='word_1_244' title='bbox 1121 1972 1400 2029; x_wconf 85' lang='lat' dir='ltr'>respondent,</span> 
     </span>
     <span class='ocr_line' id='line_1_26' title="bbox 57 2037 1405 2101; baseline 0 -14"><span class='ocrx_word' id='word_1_245' title='bbox 57 2053 61 2062; x_wconf 78' lang='grc'><em>“</em></span> <span class='ocrx_word' id='word_1_246' title='bbox 86 2043 140 2087; x_wconf 78' lang='grc' dir='ltr'>ιέ</span> <span class='ocrx_word' id='word_1_247' title='bbox 159 2042 277 2087; x_wconf 89' lang='lat' dir='ltr'>euim</span> <span class='ocrx_word' id='word_1_248' title='bbox 297 2042 431 2086; x_wconf 85' lang='lat' dir='ltr'>homo</span> <span class='ocrx_word' id='word_1_249' title='bbox 451 2040 530 2101; x_wconf 84' lang='lat' dir='ltr'>qui</span> <span class='ocrx_word' id='word_1_250' title='bbox 548 2056 640 2085; x_wconf 89' lang='lat' dir='ltr'>non</span> <span class='ocrx_word' id='word_1_251' title='bbox 661 2039 757 2084; x_wconf 82' lang='lat' dir='ltr'>vult</span> <span class='ocrx_word' id='word_1_252' title='bbox 775 2040 939 2083; x_wconf 83' lang='lat' dir='ltr'>vitam?</span> <span class='ocrx_word' id='word_1_253' title='bbox 961 2037 1084 2083; x_wconf 82' lang='lat' dir='ltr'>Addo</span> <span class='ocrx_word' id='word_1_254' title='bbox 1110 2058 1119 2083; x_wconf 87' lang='lat'>:</span> <span class='ocrx_word' id='word_1_255' title='bbox 1146 2059 1166 2081; x_wconf 82' lang='grc'><strong>«</strong></span> <span class='ocrx_word' id='word_1_256' title='bbox 1193 2043 1245 2084; x_wconf 88' lang='lat' dir='ltr'>Et</span> <span class='ocrx_word' id='word_1_257' title='bbox 1266 2040 1405 2100; x_wconf 85' lang='lat' dir='ltr'>diligit</span> 
     </span>
     <span class='ocr_line' id='line_1_27' title="bbox 89 2108 1402 2171; baseline -0.002 -13"><span class='ocrx_word' id='word_1_258' title='bbox 89 2111 238 2159; x_wconf 74' lang='lat' dir='ltr'>videre</span> <span class='ocrx_word' id='word_1_259' title='bbox 251 2110 350 2157; x_wconf 85' lang='lat' dir='ltr'>dies</span> <span class='ocrx_word' id='word_1_260' title='bbox 371 2112 539 2157; x_wconf 72' lang='lat' dir='ltr'>bonos?</span> <span class='ocrx_word' id='word_1_261' title='bbox 574 2130 594 2152; x_wconf 72' lang='grc' dir='ltr'><strong>υ</strong></span> <span class='ocrx_word' id='word_1_262' title='bbox 618 2112 777 2156; x_wconf 89' lang='lat' dir='ltr'>Omnes</span> <span class='ocrx_word' id='word_1_263' title='bbox 811 2108 1087 2169; x_wconf 87' lang='lat' dir='ltr'>respondetis,</span> <span class='ocrx_word' id='word_1_264' title='bbox 1111 2110 1215 2162; x_wconf 89' lang='lat' dir='ltr'>Quis</span> <span class='ocrx_word' id='word_1_265' title='bbox 1241 2119 1302 2154; x_wconf 88' lang='lat' dir='ltr'>est</span> <span class='ocrx_word' id='word_1_266' title='bbox 1328 2112 1402 2171; x_wconf 89' lang='lat' dir='ltr'>qui</span> 
     </span>
     <span class='ocr_line' id='line_1_28' title="bbox 66 2180 1404 2242; baseline -0.001 -15"><span class='ocrx_word' id='word_1_267' title='bbox 66 2207 85 2223; x_wconf 55' lang='grc' dir='ltr'>η</span> <span class='ocrx_word' id='word_1_268' title='bbox 108 2204 114 2222; x_wconf 62' lang='lat' dir='ltr'><em>a</em></span> <span class='ocrx_word' id='word_1_269' title='bbox 146 2181 468 2242; x_wconf 78' lang='lat' dir='ltr'>diligat-videre</span> <span class='ocrx_word' id='word_1_270' title='bbox 483 2181 574 2226; x_wconf 87' lang='lat' dir='ltr'>dies</span> <span class='ocrx_word' id='word_1_271' title='bbox 592 2182 756 2226; x_wconf 88' lang='lat' dir='ltr'>bonos?</span> <span class='ocrx_word' id='word_1_272' title='bbox 774 2183 889 2224; x_wconf 90' lang='lat' dir='ltr'>Bene</span> <span class='ocrx_word' id='word_1_273' title='bbox 903 2180 1178 2238; x_wconf 79' lang='lat' dir='ltr'>respondetis3</span> <span class='ocrx_word' id='word_1_274' title='bbox 1198 2180 1324 2224; x_wconf 78' lang='lat' dir='ltr'>vultis</span> <span class='ocrx_word' id='word_1_275' title='bbox 1340 2183 1404 2225; x_wconf 86' lang='lat' dir='ltr'>vi-</span> 
     </span>
     <span class='ocr_line' id='line_1_29' title="bbox 2 2248 1402 2310; baseline -0.004 -11"><span class='ocrx_word' id='word_1_276' title='bbox 2 2290 3 2302; x_wconf 52' lang='lat'>2</span> <span class='ocrx_word' id='word_1_277' title='bbox 81 2268 149 2310; x_wconf 85' lang='lat' dir='ltr'>m,</span> <span class='ocrx_word' id='word_1_278' title='bbox 182 2252 314 2298; x_wconf 88' lang='lat' dir='ltr'>vultis</span> <span class='ocrx_word' id='word_1_279' title='bbox 334 2252 425 2297; x_wconf 67' lang='lat' dir='ltr'>dies</span> <span class='ocrx_word' id='word_1_280' title='bbox 446 2253 600 2297; x_wconf 87' lang='lat' dir='ltr'>bonos.</span> <span class='ocrx_word' id='word_1_281' title='bbox 632 2254 759 2297; x_wconf 88' lang='lat' dir='ltr'>Certe</span> <span class='ocrx_word' id='word_1_282' title='bbox 779 2250 953 2310; x_wconf 88' lang='lat' dir='ltr'>quando</span> <span class='ocrx_word' id='word_1_283' title='bbox 979 2248 1187 2304; x_wconf 85' lang='lat' dir='ltr'>dicebam,</span> <span class='ocrx_word' id='word_1_284' title='bbox 1212 2251 1314 2303; x_wconf 90' lang='lat' dir='ltr'>Quis</span> <span class='ocrx_word' id='word_1_285' title='bbox 1341 2260 1402 2297; x_wconf 78' lang='lat' dir='ltr'>est</span> 
     </span>
     <span class='ocr_line' id='line_1_30' title="bbox 80 2319 1400 2385; baseline 0.002 -22"><span class='ocrx_word' id='word_1_286' title='bbox 80 2345 88 2363; x_wconf 79' lang='grc'><strong>.</strong></span> <span class='ocrx_word' id='word_1_287' title='bbox 111 2339 169 2369; x_wconf 70' lang='grc' dir='ltr'>..ο</span> <span class='ocrx_word' id='word_1_288' title='bbox 190 2324 267 2385; x_wconf 90' lang='lat' dir='ltr'>qui</span> <span class='ocrx_word' id='word_1_289' title='bbox 288 2321 384 2368; x_wconf 65' lang='lat' dir='ltr'>vult</span> <span class='ocrx_word' id='word_1_290' title='bbox 402 2323 537 2369; x_wconf 86' lang='lat' dir='ltr'>vitam</span> <span class='ocrx_word' id='word_1_291' title='bbox 554 2358 566 2377; x_wconf 85' lang='lat'><strong>‚</strong></span> <span class='ocrx_word' id='word_1_292' title='bbox 586 2322 724 2367; x_wconf 89' lang='lat' dir='ltr'>omnis</span> <span class='ocrx_word' id='word_1_293' title='bbox 748 2322 876 2365; x_wconf 88' lang='lat' dir='ltr'>homo</span> <span class='ocrx_word' id='word_1_294' title='bbox 895 2319 995 2363; x_wconf 88' lang='lat' dir='ltr'>mihi</span> <span class='ocrx_word' id='word_1_295' title='bbox 1027 2319 1269 2379; x_wconf 86' lang='lat' dir='ltr'>respondet,</span> <span class='ocrx_word' id='word_1_296' title='bbox 1297 2324 1400 2379; x_wconf 84' lang='lat' dir='ltr'>Ego,</span> 
     </span>
     <span class='ocr_line' id='line_1_31' title="bbox 88 2390 1404 2455; baseline -0.003 -16"><span class='ocrx_word' id='word_1_297' title='bbox 88 2415 134 2432; x_wconf 85' lang='lat'>··</span> <span class='ocrx_word' id='word_1_298' title='bbox 158 2403 222 2439; x_wconf 87' lang='lat' dir='ltr'>est</span> <span class='ocrx_word' id='word_1_299' title='bbox 244 2395 376 2439; x_wconf 89' lang='lat' dir='ltr'>homo</span> <span class='ocrx_word' id='word_1_300' title='bbox 397 2394 473 2455; x_wconf 82' lang='lat' dir='ltr'>qui</span> <span class='ocrx_word' id='word_1_301' title='bbox 493 2393 587 2438; x_wconf 88' lang='lat' dir='ltr'>vult</span> <span class='ocrx_word' id='word_1_302' title='bbox 624 2391 770 2436; x_wconf 86' lang='lat' dir='ltr'>videre</span> <span class='ocrx_word' id='word_1_303' title='bbox 791 2390 878 2435; x_wconf 88' lang='lat' dir='ltr'>dies</span> <span class='ocrx_word' id='word_1_304' title='bbox 911 2390 1073 2434; x_wconf 81' lang='lat' dir='ltr'>bonos?</span> <span class='ocrx_word' id='word_1_305' title='bbox 1101 2392 1251 2434; x_wconf 86' lang='lat' dir='ltr'>Nonne</span> <span class='ocrx_word' id='word_1_306' title='bbox 1274 2391 1316 2434; x_wconf 90' lang='lat' dir='ltr'>in</span> <span class='ocrx_word' id='word_1_307' title='bbox 1348 2391 1404 2436; x_wconf 81' lang='lat' dir='ltr'>si-</span> 
     </span>
     <span class='ocr_line' id='line_1_32' title="bbox 1 2458 1404 2526; baseline -0.004 -15"><span class='ocrx_word' id='word_1_308' title='bbox 1 2470 6 2483; x_wconf 85' lang='grc'><em>’</em></span> <span class='ocrx_word' id='word_1_309' title='bbox 71 2474 176 2510; x_wconf 69' lang='lat' dir='ltr'>⁴÷=t10</span> <span class='ocrx_word' id='word_1_310' title='bbox 196 2465 381 2526; x_wconf 87' lang='lat' dir='ltr'>quisque</span> <span class='ocrx_word' id='word_1_311' title='bbox 398 2474 591 2510; x_wconf 83' lang='lat' dir='ltr'>vestrum</span> <span class='ocrx_word' id='word_1_312' title='bbox 619 2462 745 2516; x_wconf 83' lang='lat' dir='ltr'>dicit,</span> <span class='ocrx_word' id='word_1_313' title='bbox 767 2464 883 2520; x_wconf 78' lang='lat' dir='ltr'>Ego?</span> <span class='ocrx_word' id='word_1_314' title='bbox 911 2458 1021 2504; x_wconf 80' lang='lat' dir='ltr'>Audi</span> <span class='ocrx_word' id='word_1_315' title='bbox 1049 2461 1166 2519; x_wconf 81' lang='lat' dir='ltr'>quod</span> <span class='ocrx_word' id='word_1_316' title='bbox 1198 2462 1404 2520; x_wconf 88' lang='lat' dir='ltr'>sequitur.</span> 
     </span>
     <span class='ocr_line' id='line_1_33' title="bbox 97 2530 1403 2596; baseline -0.005 -14"><span class='ocrx_word' id='word_1_317' title='bbox 97 2536 285 2583; x_wconf 76' lang='lat' dir='ltr'>Contine</span> <span class='ocrx_word' id='word_1_318' title='bbox 316 2534 512 2596; x_wconf 85' lang='lat' dir='ltr'>linguam</span> <span class='ocrx_word' id='word_1_319' title='bbox 550 2543 669 2578; x_wconf 88' lang='lat' dir='ltr'>tuam</span> <span class='ocrx_word' id='word_1_320' title='bbox 700 2548 723 2576; x_wconf 90' lang='lat' dir='ltr'>a</span> <span class='ocrx_word' id='word_1_321' title='bbox 754 2531 910 2576; x_wconf 83' lang='lat' dir='ltr'>malo⁴.</span> <span class='ocrx_word' id='word_1_322' title='bbox 944 2547 963 2570; x_wconf 70' lang='lat' dir='ltr'>»n</span> <span class='ocrx_word' id='word_1_323' title='bbox 998 2530 1129 2574; x_wconf 81' lang='lat' dir='ltr'>Modo</span> <span class='ocrx_word' id='word_1_324' title='bbox 1168 2530 1263 2581; x_wconf 84' lang='lat' dir='ltr'>dic,</span> <span class='ocrx_word' id='word_1_325' title='bbox 1298 2534 1403 2588; x_wconf 82' lang='lat' dir='ltr'>Ego.</span> 
     </span>
    </p>
   </div>
   <div class='ocr_carea' id='block_1_3' title="bbox 96 2614 1390 2707">
    <p class='ocr_par' dir='ltr' id='par_1_9' title="bbox 96 2614 1390 2707">
     <span class='ocr_line' id='line_1_34' title="bbox 96 2614 1390 2662; baseline -0.005 -8"><span class='ocrx_word' id='word_1_326' title='bbox 96 2625 104 2641; x_wconf 84' lang='lat'><strong>¹</strong></span> <span class='ocrx_word' id='word_1_327' title='bbox 126 2620 230 2654; x_wconf 83' lang='lat' dir='ltr'>Galat.</span> <span class='ocrx_word' id='word_1_328' title='bbox 252 2630 284 2662; x_wconf 85' lang='lat' dir='ltr'>v,</span> <span class='ocrx_word' id='word_1_329' title='bbox 307 2631 357 2662; x_wconf 87' lang='lat'>¹7·</span> <span class='ocrx_word' id='word_1_330' title='bbox 378 2637 420 2644; x_wconf 94' lang='lat'><strong>—</strong></span> <span class='ocrx_word' id='word_1_331' title='bbox 439 2627 451 2644; x_wconf 84' lang='lat'><strong>¹</strong></span> <span class='ocrx_word' id='word_1_332' title='bbox 474 2619 556 2653; x_wconf 72' lang='lat' dir='ltr'>Pul.</span> <span class='ocrx_word' id='word_1_333' title='bbox 575 2629 689 2659; x_wconf 76' lang='lat' dir='ltr'>cum,</span> <span class='ocrx_word' id='word_1_334' title='bbox 710 2628 762 2658; x_wconf 78' lang='lat'>5¹-</span> <span class='ocrx_word' id='word_1_335' title='bbox 782 2633 821 2640; x_wconf 92' lang='lat'>--</span> <span class='ocrx_word' id='word_1_336' title='bbox 846 2614 921 2648; x_wconf 80' lang='lat' dir='ltr'>31d.</span> <span class='ocrx_word' id='word_1_337' title='bbox 946 2624 1066 2653; x_wconf 78' lang='lat' dir='ltr'>unu,</span> <span class='ocrx_word' id='word_1_338' title='bbox 1088 2616 1134 2647; x_wconf 60' lang='grc' dir='ltr'>ιδ.</span> <span class='ocrx_word' id='word_1_339' title='bbox 1151 2628 1190 2637; x_wconf 82' lang='lat'>—</span> <span class='ocrx_word' id='word_1_340' title='bbox 1208 2614 1390 2655; x_wconf 57' lang='lat' dir='ltr'>blbld.14.</span> 
     </span>
     <span class='ocr_line' id='line_1_35' title="bbox 1182 2668 1247 2707; baseline 0.015 -1"><span class='ocrx_word' id='word_1_341' title='bbox 1182 2668 1247 2707; x_wconf 75' lang='lat'>25.</span> 
     </span>
    </p>
   </div>
   <div class='ocr_carea' id='block_1_4' title="bbox 0 359 140 3320">
    <p class='ocr_par' dir='ltr' id='par_1_10' title="bbox 0 359 140 3320">
     <span class='ocr_line' id='line_1_36' title="bbox 0 359 11 517; baseline 0 -71"><span class='ocrx_word' id='word_1_342' title='bbox 0 359 11 517; x_wconf 95' lang='lat' dir='ltr'>  </span> 
     </span>
     <span class='ocr_line' id='line_1_37' title="bbox 0 517 17 727; baseline 0.176 -63"><span class='ocrx_word' id='word_1_343' title='bbox 0 517 17 727; x_wconf 95' lang='lat' dir='ltr'>    </span> 
     </span>
     <span class='ocr_line' id='line_1_38' title="bbox 0 727 73 940; baseline 0 -66"><span class='ocrx_word' id='word_1_344' title='bbox 0 727 73 940; x_wconf 95' lang='lat' dir='ltr'>   </span> 
     </span>
     <span class='ocr_line' id='line_1_39' title="bbox 0 940 73 1122; baseline 0 -49"><span class='ocrx_word' id='word_1_345' title='bbox 0 940 73 1122; x_wconf 95' lang='lat' dir='ltr'>    </span> 
     </span>
     <span class='ocr_line' id='line_1_40' title="bbox 0 1122 105 1357; baseline 0 -135"><span class='ocrx_word' id='word_1_346' title='bbox 0 1122 105 1357; x_wconf 95' lang='lat' dir='ltr'>    </span> 
     </span>
     <span class='ocr_line' id='line_1_41' title="bbox 0 1357 76 1430; baseline 0 -52"><span class='ocrx_word' id='word_1_347' title='bbox 0 1357 76 1430; x_wconf 95' lang='lat' dir='ltr'>  </span> 
     </span>
     <span class='ocr_line' id='line_1_42' title="bbox 0 1430 98 1640; baseline 0 -60"><span class='ocrx_word' id='word_1_348' title='bbox 0 1430 98 1640; x_wconf 95' lang='lat' dir='ltr'>    </span> 
     </span>
     <span class='ocr_line' id='line_1_43' title="bbox 0 1640 77 1780; baseline 0 0"><span class='ocrx_word' id='word_1_349' title='bbox 0 1640 77 1780; x_wconf 95' lang='lat' dir='ltr'>  </span> 
     </span>
     <span class='ocr_line' id='line_1_44' title="bbox 0 1780 118 1938; baseline 0 -20"><span class='ocrx_word' id='word_1_350' title='bbox 0 1780 118 1938; x_wconf 95' lang='lat' dir='ltr'>    </span> 
     </span>
     <span class='ocr_line' id='line_1_45' title="bbox 0 1938 127 2341; baseline 0 -139"><span class='ocrx_word' id='word_1_351' title='bbox 0 1938 127 2341; x_wconf 95' lang='lat' dir='ltr'>      </span> 
     </span>
     <span class='ocr_line' id='line_1_46' title="bbox 0 2341 140 2590; baseline 0 -93"><span class='ocrx_word' id='word_1_352' title='bbox 0 2341 140 2590; x_wconf 95' lang='lat' dir='ltr'>   </span> 
     </span>
     <span class='ocr_line' id='line_1_47' title="bbox 0 2590 101 3320; baseline 0 0"><span class='ocrx_word' id='word_1_353' title='bbox 0 2590 101 3320; x_wconf 95' lang='lat' dir='ltr'>   </span> 
     </span>
    </p>
   </div>
  </div>
 </body>
</html>
