1924 3309
486 263 570 304 474
917 273 950 303 s.
987 273 1218 304 Aucus-rna
1249 275 1431 304 nnscom

487 359 508 383 »
534 341 682 384 lierem
714 340 874 386 fortem
892 341 986 402 quis
1014 340 1236 385 inveniet?
1257 340 1363 393 Quis
1388 357 1409 382 »
1427 341 1566 395 enim,
1593 341 1696 401 quia
1721 356 1857 399 unus,

484 427 571 456 non
588 412 690 472 quia
707 427 788 457 nec
802 427 932 456 unus.
949 409 1181 465 Quomodo
1198 408 1367 474 dictum
1387 420 1452 456 est
1469 410 1523 456 de
1541 412 1634 471 ipso
1650 412 1743 456 viro
1758 415 1864 473 ejus,

483 484 610 527 leone
644 482 699 527 de
722 483 842 528 tribu
869 484 984 527 Juda
1002 517 1013 537 ,
1049 482 1103 525 de
1130 496 1220 542 quo
1253 482 1472 541 Propheta
1502 492 1602 527 ante
1638 483 1867 542 praedixit:

488 572 508 596 «
542 553 787 599 Ascendisti
804 554 1085 598 recumbens1
1113 570 1122 597 ε
1154 569 1174 593 »
1200 554 1353 612 utique
1374 552 1420 596 in
1441 567 1584 597 cruce.
1609 552 1869 609 Ascendisti‚

483 641 588 670 crux
605 635 668 670 est
691 645 699 671 ε
721 625 996 678 recumbens,
1013 637 1129 667 mors
1145 631 1224 667 est.
1244 621 1359 676 Quid
1377 631 1440 667 est
1455 623 1588 678 enim,
1609 623 1869 680 Ascendisti‚

483 697 565 741 nisi
587 697 709 758 quod
730 697 940 755 scriptum
962 703 1026 738 est
1052 713 1061 740 :
1091 712 1111 736 «
1136 697 1193 739 Et
1215 694 1525 739 crucifixerunt
1545 696 1676 738 eum?
1700 712 1721 737 »
1747 695 1872 740 Unde

483 768 633 828 etipse
654 768 713 811 ait
737 787 744 812 :
775 786 794 809 «
822 767 944 812 Sicut
964 764 1165 811 exaltavit
1181 768 1353 821 Moyses
1375 773 1620 825 serpentem
1640 765 1687 809 in
1707 780 1869 821 eremo,
1923 792 1924 808 2

485 857 505 880 »
540 839 600 883 ita
616 838 794 882 exaltari
809 846 983 897 oportet
1001 837 1164 881 Filium
1182 836 1370 880 hominis
1387 856 1398 894 3
1413 845 1463 880 ut
1484 837 1624 880 omnis
1636 836 1714 896 qui
1735 836 1873 881 credit

484 928 504 952 »
538 911 585 954 in
607 925 707 954 eum
730 925 819 954 non
836 918 1006 970 pereat,
1028 908 1104 952 sed
1117 907 1277 953 habeat
1293 908 1425 952 vitam
1443 911 1690 952 aeternam2.
1715 926 1735 949 n
1756 907 1872 961 Quid

481 990 569 1036 est,
591 982 878 1026 recumbens?
896 983 987 1024 «Et
1006 979 1216 1025 inclinato
1230 980 1371 1039 capite
1388 978 1567 1024 tradidit
1581 979 1822 1038 spiritumss.
1845 996 1866 1020 »

481 1055 593 1098 Cum
607 1068 710 1111 ergo
725 1063 768 1097 et
784 1054 844 1097 ibi
856 1052 1096 1097 diceretur:
1114 1070 1132 1094 «
1150 1051 1391 1096 Ascendisti
1404 1049 1660 1094 recumbens
1677 1070 1688 1108 3
1707 1068 1727 1091 n
1744 1065 1869 1095 secu-

481 1132 549 1167 tus
568 1133 653 1168 est:
670 1143 689 1166 «
703 1123 907 1167 Dormisti
922 1124 1032 1167 sicut
1044 1123 1128 1166 leo.
1144 1122 1346 1166 Dormisti
1358 1123 1468 1166 sicut
1479 1121 1548 1166 leo
1561 1141 1570 1167 :
1585 1139 1604 1162 »
1618 1137 1707 1166 non
1721 1120 1872 1180 fugisti

479 1194 591 1238 sicut
612 1194 769 1253 vulpis.
788 1194 904 1246 Quid
922 1202 1003 1247 est,
1028 1211 1047 1234 «
1061 1193 1265 1236 Dormisti
1286 1193 1398 1236 sicut
1418 1192 1549 1236 leoP»
1563 1194 1624 1235 De
1639 1201 1868 1250 potestate,

479 1279 568 1308 non
585 1264 640 1308 de
656 1264 925 1308 necessitate.
939 1265 1052 1309 Cum
1069 1272 1215 1307 autem
1233 1262 1402 1307 dictum
1423 1271 1548 1317 esset,
1564 1280 1583 1303 «
1596 1263 1801 1307 Dormisti
1819 1264 1871 1307 si·
1922 1275 1924 1290 ¹

481 1353 501 1376 »
513 1344 588 1379 cut
599 1334 668 1379 leo
682 1355 692 1392 3
707 1353 727 1375 »
741 1343 912 1379 secutus
923 1335 1003 1378 ait:
1016 1334 1121 1387 Quis
1135 1333 1358 1377 suscitabit
1369 1334 1495 1377 eum?
1507 1333 1610 1386 Quis
1621 1333 1870 1378 suscitabit?

477 1422 620 1467 neque
633 1407 748 1450 enim
765 1421 894 1450 nemo
914 1426 922 1449 ;
940 1407 1016 1449 sed
1033 1405 1130 1465 quis
1143 1405 1407 1449 hominum?
1424 1404 1534 1457 Quia
1551 1405 1724 1448 nonnisi
1735 1408 1866 1460 Deus,

477 1480 552 1539 qui
574 1493 673 1522 eum
701 1477 951 1522 «Exaltavit
972 1493 994 1521 a
1017 1477 1218 1532 mortuis,
1239 1485 1284 1520 et
1303 1475 1482 1520 donavit
1496 1476 1535 1519 ei
1551 1491 1729 1532 nomen,
1749 1477 1870 1536 quod

480 1568 499 1591 >›
519 1559 583 1594 est
599 1565 729 1609 super
742 1564 871 1593 omne
888 1563 1050 1592 nomen
1066 1549 1098 1591 4.
1109 1565 1129 1589 υ
1144 1547 1375 1592 Suscitavit
1388 1553 1431 1590 et
1448 1547 1539 1606 ipse
1555 1561 1600 1591 se
1618 1565 1627 1591 ε
1648 1546 1767 1591 unde
1781 1548 1840 1592 ait
1856 1563 1864 1589 :

480 1641 500 1662 «
539 1619 702 1665 Solvite
725 1620 940 1679 templum
970 1619 1076 1674 hoc,
1098 1627 1141 1662 et
1163 1618 1210 1661 in
1238 1617 1385 1662 triduo
1406 1618 1624 1662 suscitabo
1657 1616 1815 1662 illud⁵.
1845 1636 1864 1660 »

475 1694 533 1736 Et
555 1691 687 1736 modo
713 1691 891 1751 quando
915 1689 1071 1734 auditis
1086 1725 1096 1744 ,
1127 1709 1146 1731 «
1178 1688 1407 1735 Mulierem
1430 1689 1590 1734 fortem
1625 1690 1722 1750 quis
1745 1691 1869 1736 inve-

478 1780 498 1803 »
535 1762 657 1806 niet?
681 1779 701 1802 »
721 1760 856 1806 nolite
878 1769 1031 1820 putare
1057 1760 1112 1803 de
1135 1759 1328 1804 Ecclesia
1345 1760 1430 1804 dici
1451 1776 1551 1820 quae
1567 1760 1695 1816 latet,
1721 1761 1796 1805 sed
1813 1759 1867 1804 de

475 1831 547 1876 illa
579 1848 679 1892 quae
711 1833 764 1876 ab
798 1847 888 1875 uno
915 1832 1090 1875 inventa
1113 1840 1197 1885 est,
1238 1840 1289 1874 ut
1310 1830 1531 1874 neminem
1554 1830 1722 1875 lateret.
1749 1834 1865 1890 Ergo

475 1902 760 1957 describatur,
777 1902 996 1955 laudetur,
1013 1899 1362 1954 commendetur,
1383 1899 1569 1944 amanda
1590 1900 1646 1944 ab
1661 1902 1864 1946 omnibus

473 1973 599 2018 nobis
623 1982 672 2017 ut
694 1982 832 2016 mater
862 1991 869 2016 :
891 1987 991 2015 nam
1018 1972 1148 2016 unius
1174 1987 1281 2016 uxor
1308 1980 1385 2016 est.
1417 1971 1682 2017 «Mulierem
1705 1972 1863 2018 fortem

475 2062 496 2085 >›
532 2044 628 2104 quis
650 2043 869 2088 inveniet?
894 2061 914 2084 η
939 2041 1168 2087 Mulierem
1190 2043 1316 2086 istam
1350 2052 1439 2087 tam
1468 2042 1626 2088 fortem
1655 2044 1752 2104 quis
1773 2061 1862 2090 non

474 2113 624 2159 videt?
645 2113 729 2159 Sed
750 2115 841 2174 jam
874 2114 1118 2168 inventam,
1139 2114 1229 2173 jam
1253 2115 1538 2170 eminentem,
1564 2116 1654 2174 jam
1687 2117 1861 2176 conspi—

473 2202 622 2241 cuam,
642 2187 732 2246 jam
756 2185 1008 2243 gloriosam,
1030 2186 1119 2246 jam
1138 2195 1357 2241 ornatam,
1378 2187 1468 2246 jam
1500 2186 1692 2232 lucidam
1708 2208 1719 2246 3
1737 2190 1828 2249 jam
1847 2224 1857 2244 ,

472 2267 522 2302 ut
538 2259 623 2302 cito
643 2257 853 2317 explicem
872 2292 882 2312 ,
908 2265 1001 2301 toto
1025 2265 1239 2300 terrarum
1262 2257 1368 2302 orbe
1385 2257 1604 2302 diffusam.

533 2332 614 2373 111.
637 2347 657 2370 «
679 2328 911 2372 Pretiosior
926 2336 1071 2372 autem
1089 2337 1152 2371 est
1169 2328 1386 2388 lapidibus
1404 2328 1616 2388 pretiosis,
1630 2344 1731 2389 quae
1745 2331 1862 2391 ejus-

474 2418 494 2440 »
530 2399 650 2443 modi
669 2408 746 2443 est.
762 2417 781 2440 »
796 2398 914 2452 Quid
929 2413 1131 2457 magnum
1141 2435 1151 2454 ,
1168 2400 1270 2459 quia
1282 2400 1509 2459 pretiosior
1521 2409 1585 2444 est
1598 2401 1754 2445 mulier
1767 2402 1859 2446 haec

471 2469 690 2530 lapidibus
711 2470 934 2530 pretiosis?
949 2470 991 2515 Si
1006 2470 1138 2514 modo
1151 2470 1363 2515 humanas
1384 2471 1581 2516 avaritias
1594 2471 1807 2530 cogitetis,
1826 2473 1859 2516 si

534 2573 543 2589 ¹
566 2569 644 2599 Gen.
666 2577 750 2608 xmx,
769 2578 805 2608 ς).
821 2583 862 2590 -
882 2574 894 2590 ²
913 2569 1004 2600 Joan.
1028 2577 1082 2607 111,
1101 2565 1152 2609 14.
1170 2583 1210 2590 -
1231 2565 1244 2590 3
1263 2567 1310 2600 Ide
1332 2578 1399 2610 xix,
1415 2567 1547 2600 sia—4
1567 2567 1678 2611 Philip.
1707 2579 1741 2609 n,
1761 2580 1794 2611 9.
1816 2586 1856 2592 —

470 2621 484 2646 5
503 2625 592 2657 Joan.
614 2634 647 2665 n,
669 2634 718 2667 ¹9-
