1924 3309
478 263 561 302 356
905 272 939 300 s.
976 270 1204 302 mensum
1237 270 1416 300 El'lscom

472 339 705 393 dixerunt,
744 338 842 383 Fiat
868 337 1071 383 voluntas
1103 337 1209 391 Dei,
1243 344 1508 395 optaverunt
1539 335 1773 396 Apostolo,
1808 346 1859 381 ut
1923 341 1924 360 ³

470 408 573 454 talia
594 418 830 469 pateretur,
847 425 895 454 ac
914 425 1002 454 non
1018 408 1161 468 potius
1184 415 1377 451 mentem
1394 421 1516 451 suam
1533 406 1710 451 sublimi
1727 415 1770 451 et
1791 406 1856 451 di-

468 480 572 525 vino
595 488 756 526 statuto
793 480 1064 525 devotissime
1097 476 1420 523 subdiderunt?
1462 478 1530 523 Sic
1560 488 1603 523 et
1640 479 1859 537 Propheta

467 566 569 596 cum
587 549 693 596 dicit
712 570 720 596 ε
747 570 766 594 «
786 551 904 596 Sicut
925 550 1023 594 ssuit
1039 564 1137 594 cera
1154 564 1177 593 a
1200 547 1310 592 facie
1329 548 1455 607 ignis,
1475 549 1535 593 sic
1556 557 1735 608 pereant
1758 563 1860 608 pec-

468 641 489 664 »
525 632 690 668 catores
708 639 732 667 a
753 621 862 666 facie
878 621 954 666 Dei
972 623 1003 677 ¹,
1023 638 1043 662 »
1058 618 1180 665 videt
1201 619 1286 663 hoc
1303 617 1538 663 certissime
1555 618 1859 679 peccatoribus

463 692 717 748 imminere‚
755 701 799 737 et
830 691 974 751 placet
998 691 1038 735 ei
1061 689 1182 751 quod
1214 692 1328 734 Deus
1357 688 1508 733 statuit
1525 723 1536 744 ,
1561 704 1616 733 ne
1648 692 1745 734 Deo
1768 689 1861 748 ipse

464 763 706 823 displiceat.

522 836 604 878 III.
627 833 741 886 Quid
763 845 865 891 ergo
888 831 1096 876 faciemus
1113 865 1124 885 ,
1148 829 1300 874 fratres
1319 865 1329 885 ,
1355 829 1436 874 nisi
1458 839 1507 874 ut
1521 865 1531 885 ,
1557 830 1664 873 dum
1682 838 1857 889 tempus

463 912 548 959 est,
571 903 709 948 vitam
729 912 951 947 mutemus
970 937 980 957 ‚
1005 911 1048 945 et
1075 900 1188 945 sacta
1217 910 1362 945 nostra
1379 935 1390 955 ‚
1417 901 1451 944 si
1473 916 1562 960 qua
1585 899 1697 944 mala
1727 908 1853 955 sunt,

465 975 767 1034 corrigamus?
789 976 845 1018 Ut
867 971 988 1033 quod
1007 972 1098 1016 sine
1130 971 1218 1015 ulla
1241 972 1518 1015 dubitatione
1538 980 1773 1015 venturum
1797 979 1862 1014 est

462 1044 763 1106 peccatoribus
780 1079 790 1099 ‚
816 1058 894 1087 nos
916 1058 1005 1087 non
1028 1042 1221 1086 inveniat
1250 1057 1380 1101 super
1413 1057 1523 1102 quos
1555 1042 1701 1086 veniat
1730 1060 1739 1086 :
1772 1057 1861 1086 non

465 1117 569 1176 quia
587 1130 677 1160 non
692 1115 849 1158 erimus
861 1148 872 1168 ‚
893 1113 969 1157 sed
986 1122 1141 1157 utnon
1160 1111 1265 1156 tales
1281 1113 1475 1157 inveniat
1490 1147 1500 1167 ‚
1524 1112 1729 1172 qualibus
1749 1127 1858 1156 ven-

464 1195 615 1230 turum
637 1200 727 1229 esse
748 1183 1007 1243 praedictum
1028 1192 1106 1227 est.
1135 1187 1372 1241 Propterea
1396 1199 1439 1227 se
1464 1183 1601 1243 judex
1623 1193 1862 1227 venturum

465 1256 674 1308 minatur,
690 1263 739 1298 ut
757 1269 847 1298 non
868 1253 1063 1297 inveniat
1085 1268 1194 1313 quos
1215 1253 1386 1311 puniat,
1407 1268 1508 1296 cum
1525 1253 1707 1297 venerit.
1721 1257 1861 1312 Prop—

466 1336 584 1371 terea
599 1325 711 1370 illud
729 1334 908 1369 cantant
927 1324 1156 1383 Prophetae
1175 1358 1184 1378 ,
1210 1333 1260 1367 ut
1283 1325 1566 1383 corrigamur.
1595 1325 1638 1369 Si
1655 1323 1863 1369 damnare
1885 1331 1889 1334 “

465 1395 624 1451 vellet,
661 1404 837 1440 taceret.
877 1397 1013 1440 Nemo
1046 1393 1195 1438 volens
1224 1393 1352 1437 ferire
1381 1393 1514 1450 dicit,
1540 1394 1748 1439 Observa.
1777 1397 1864 1439 To-

470 1477 589 1523 tum,
609 1466 763 1512 fratres
778 1501 789 1521 ‚
810 1465 930 1526 quod
953 1465 1198 1510 aud'wimus
1218 1480 1295 1525 per
1319 1465 1577 1525 Scripturas,
1599 1482 1682 1511 vox
1704 1475 1767 1510 est
1786 1466 1862 1510 Dei

471 1538 658 1583 dicentis
673 1573 684 1593 ⁷
709 1536 916 1581 Observa.
939 1538 996 1580 Et
1028 1545 1168 1580 totum
1188 1535 1308 1595 quod
1330 1537 1537 1595 patimur,
1558 1537 1862 1581 tribulationes

469 1607 516 1653 in
532 1609 615 1653 bac
634 1608 746 1662 vita,
765 1605 989 1665 flagellum
1014 1605 1090 1650 Dei
1113 1614 1177 1649 est
1197 1606 1413 1664 corrigere
1433 1606 1634 1662 volentis,
1659 1621 1714 1651 ne
1736 1606 1861 1651 dam-

472 1688 549 1724 net
579 1679 626 1721 in
662 1677 764 1721 fine.
813 1676 940 1728 Quasi
983 1675 1093 1719 dura
1134 1685 1263 1731 sunt,
1297 1676 1477 1721 molesta
1515 1686 1641 1733 sunt,
1683 1678 1865 1722 horrent

476 1747 655 1812 quando
676 1756 937 1801 narrantur,
962 1762 1061 1806 quae
1096 1747 1279 1806 quisque
1315 1748 1459 1805 gravia
1488 1748 1614 1791 valde
1636 1749 1798 1807 patitur
1818 1749 1865 1793 in

477 1822 560 1865 hac
580 1820 668 1864 vita
691 1836 700 1862 2
720 1817 767 1861 in
787 1817 1111 1876 comparatione
1134 1826 1279 1860 autem
1303 1817 1454 1860 aeterni
1474 1817 1585 1874 ignis
1606 1833 1694 1862 non
1713 1833 1861 1877 parva,

474 1891 555 1937 sed
577 1887 698 1935 nulla
719 1896 835 1932 sunt.
877 1888 973 1930 Sive
996 1901 1096 1943 ergo
1130 1901 1207 1929 nos
1242 1885 1512 1943 flagellemur
1527 1921 1537 1940 ‚
1563 1887 1650 1931 sive
1673 1902 1772 1931 cum
1796 1888 1864 1932 alii

478 1959 755 2019 flagellantur
773 1993 784 2014 ,
810 1957 1098 2001 admonemur
1119 1971 1142 1999 a
1164 1956 1365 2000 Domino.
1387 1956 1542 2000 Omnia
1560 1957 1638 2002 ista
1657 1992 1668 2012 ,
1694 1957 1863 2013 fratres,

481 2048 581 2094 quae
601 2032 647 2076 in
673 2031 754 2074 hac
771 2028 857 2073 vita
876 2028 1138 2086 infliguntur
1156 2042 1179 2070 a
1202 2026 1388 2070 Domino
1401 2061 1411 2081 7
1428 2025 1748 2072 admonitiones
1765 2037 1868 2073 sunt
1922 2056 1924 2059 ·

479 2112 524 2148 et
545 2100 709 2147 stimuli
735 2097 1012 2144 correctionis
1035 2106 1208 2141 nostrae.
1237 2096 1393 2140 Veniet
1427 2106 1574 2141 autem
1596 2097 1707 2156 ignis
1735 2107 1866 2142 aeter-

483 2189 588 2229 nus,
627 2172 682 2216 de
712 2185 802 2231 quo
836 2167 1005 2213 dicetur
1041 2166 1124 2210 illis
1147 2167 1221 2227 qui
1245 2165 1299 2210 ad
1324 2167 1539 2211 sinistram
1573 2168 1867 2213 constituendi

483 2252 586 2288 sunt
611 2262 620 2286 2
649 2261 670 2283 «
690 2244 755 2285 Ite
771 2240 817 2284 in
833 2240 976 2297 ignem
996 2245 1232 2291 aeternum,
1253 2236 1328 2296 qui
1351 2247 1524 2296 paratus
1541 2247 1605 2282 est
1626 2236 1802 2283 diabolo
1824 2248 1868 2283 et
1914 2268 1924 2297 f<

489 2333 510 2355 >›
548 2311 707 2371 angelis
728 2312 820 2370 ejus
834 2313 867 2353 ².
888 2328 908 2351 »
923 2312 1044 2353 Tune
1068 2307 1205 2352 acturi
1227 2316 1327 2351 sunt
1349 2308 1526 2368 quidam
1545 2309 1863 2367 poenitentiam.
1911 2338 1924 2367 ρς

486 2388 594 2430 Nam
619 2383 823 2441 scriptum
851 2390 910 2425 est
946 2380 992 2423 in
1018 2379 1129 2422 libro
1159 2377 1349 2437 quodam
1378 2378 1608 2438 Sapientiae
1632 2398 1640 2424 :
1673 2399 1693 2421 «
1714 2380 1867 2424 Dicent
1890 2370 1924 2448 »l‘ff

488 2474 508 2497 »
543 2455 654 2498 intra
672 2469 716 2497 se
743 2451 1041 2512 poenitentiam
1067 2458 1261 2507 agentes,
1289 2458 1331 2491 et
1355 2465 1441 2507 prae
1464 2451 1659 2508 angustia
1693 2450 1866 2509 spiritus
1887 2473 1890 2480 >

487 2543 508 2566 »
545 2533 777 2583 gementes,
798 2520 913 2575 Quid
935 2520 1059 2565 nobis
1081 2519 1245 2578 profuit
1263 2519 1478 2578 superbia,
1499 2529 1543 2564 et
1564 2520 1669 2581 quid
1693 2519 1865 2566 divitia·
1885 2557 1888 2562 .

537 2619 546 2634 ²
568 2611 645 2642 l'sal.
673 2620 768 2649 vau,
792 2609 819 2641 3.
842 2625 880 2630 —-
903 2614 915 2629 2
935 2606 1054 2638 Matrh.
1078 2615 1150 2636 xxv.
1176 2606 1222 2646 '1¹-
