1867 3320
329 287 466 318 SEnmo
500 296 569 331 vt,
608 297 660 322 DF.
697 297 973 331 ΑΡΡΑῐητιοΝΕ
1010 310 1178 338 nomm.
1359 311 1441 347 ⁰13

14 361 17 403 ξ
69 364 195 395 vocor
218 352 299 396 hoc
314 388 324 407 ,
350 357 452 415 quia
470 373 598 403 «sum
618 383 628 418 3
649 372 724 407 »et
745 379 845 410 ecco
871 369 952 413 hac
970 370 1087 417 aliud
1110 391 1284 435 nomen,
1310 402 1328 424 «
1351 387 1442 444 Ego

13 439 17 480 ‚⁶
71 438 90 461 »
123 436 218 465 sum
240 425 354 468 'Deus
375 426 622 487 Abraham,
655 442 698 477 θῖ
720 436 832 481 Deus
855 440 972 485 Isaac
990 477 1000 497 ,
1027 452 1069 487 θῖ
1092 447 1204 491 Deus
1223 451 1393 499 Jacob?
1419 476 1439 498 »

13 483 18 547 j
65 490 170 544 Quia
189 493 410 551 quomodo
428 507 491 543 θεῖ
513 502 626 546 Deus
648 503 1015 557 incommutabilis
1031 549 1041 569 ,
1077 515 1181 561 fecit
1203 522 1346 567 omnia
1368 541 1444 584 per

13 553 17 611 ἱ
63 560 396 610 misericordiam
412 603 423 623 ,
444 578 487 613 θῖ
515 570 718 630 dignatus
741 587 804 622 θεῖ
825 581 914 639 ipse
937 583 1068 628 Filius
1089 588 1165 631 Dei
1186 594 1443 642 mutabilem

62 647 231 678 carnem
263 639 564 698 suscipiendo,
601 660 778 692 manens
809 649 853 694 id
886 653 1008 712 quod
1031 658 1223 704 Verbum
1247 665 1323 707 Dei
1347 677 1438 723 cst,

13 699 17 758 j
59 704 204 748 venire
225 715 268 750 θῖ
289 709 521 755 subvenire
547 714 730 761 homini.
759 720 908 767 Induit
930 740 1032 784 ergo
1059 743 1102 772 εθ
1124 745 1252 776 carne
1271 738 1444 783 mortali

14 763 16 779 i

13 783 17 832 ξ
60 770 131 816 ille
147 775 223 833 qui
241 786 303 820 θεῖ
321 813 331 833 ,
357 788 406 823 ut
428 781 513 827 dici
537 795 680 842 posset
701 807 709 831 :
734 807 752 830 «
775 791 866 848 Ego
878 808 975 839 sum
1005 799 1115 843 Deus
1139 802 1376 862 Abraham,
1399 818 1440 853 θῖ

12 849 17 888 1
60 858 80 883 »
114 845 227 888 Deus
246 848 362 893 Isaac
379 885 390 904 ‚
411 860 454 895 θῖ
476 854 589 898 Deus
611 858 762 902 Jacob.
787 878 806 900 »

12 1049 16 1113 ᾗ
54 1071 73 1094 »
110 1057 223 1100 Deus
244 1077 253 1103 :
276 1061 434 1119 quibus
451 1064 581 1122 signis
605 1071 829 1117 ostendam
854 1079 954 1136 quia
978 1081 1127 1127 misisti
1146 1090 1238 1129 me¹
1259 1091 1277 1130 ‘?
1302 1109 1320 1131 υ
1344 1093 1437 1137 Dic-

12 1140 15 1178 j
51 1132 141 1169 tum
161 1136 223 1171 θεῖ
249 1148 257 1173 :
285 1148 305 1171 «
327 1133 492 1192 Projicc
514 1136 702 1197 virgam,
729 1159 860 1203 quam
885 1148 1016 1195 habes
1050 1154 1092 1197 in
1116 1171 1249 1202 manu
1273 1169 1347 1206 tua
1374 1184 1382 1207 ι
1411 1184 1432 1206 »

12 1186 16 1259 ᾗ
48 1197 313 1259 projecitque
334 1204 527 1263 virgam,
550 1218 593 1253 θῖ
614 1210 754 1257 factus
791 1226 854 1261 θεῖ
888 1234 1091 1280 serpens,
1128 1237 1170 1270 θῖ
1208 1231 1433 1279 exhorruit

11 1289 15 1322 ἦ
46 1268 228 1325 Moyses.
273 1273 344 1317 Ait
379 1276 537 1322 iterum
577 1283 785 1330 Dominus
818 1307 826 1332 :
863 1308 882 1331 «
919 1294 1211 1352 Apprchende
1248 1305 1434 1351 caudam

11 1333 15 1412 i
46 1355 66 1378 »
101 1340 191 1399 ejus
216 1361 223 1386 :
253 1361 272 1383 »
299 1349 601 1407 apprehendit,
627 1363 670 1398 et
692 1354 805 1402 facta
824 1370 886 1404 θεῖ
908 1363 1024 1422 virga
1043 1368 1152 1413 sicut
1171 1383 1276 1417 erat.
1306 1378 1434 1423 Dedit

11 1418 15 1463 Ι
42 1420 84 1455 et
106 1409 225 1456 aliud
241 1413 433 1472 signum:
454 1423 612 1466 «Mitte
629 1440 808 1472 manum
824 1431 866 1473 in
885 1433 1055 1482 sinum:
1080 1457 1099 1479 »
1125 1450 1167 1484 θῖ
1186 1444 1298 1488 misit
1316 1462 1426 1493 eam.

11 1486 15 1508 ⁵
43 1496 62 1519 «
98 1479 267 1527 Produc
286 1499 378 1529 eam
405 1507 413 1532 ε
445 1507 463 1529 »
490 1493 721 1549 produxit,
748 1508 790 1542 θῖ
808 1500 921 1546 facta
945 1515 1007 1549 est
1025 1507 1123 1553 alba
1141 1511 1251 1556 sicut
1275 1516 1362 1571 nix,
1382 1520 1424 1563 id

10 1510 125 1611 ἰθεῖ,
151 1549 333 1609 leprosa.
367 1557 498 1602 Color
535 1563 649 1606 enim
680 1564 803 1611 albus
829 1570 871 1614 in
907 1584 1007 1618 cute
1029 1577 1218 1626 humana
1251 1586 1427 1632 vitiosus

11 1613 15 1698 f
36 1627 111 1661 est.
142 1638 162 1660 «
183 1621 307 1666 Mitte
324 1623 441 1670 illam
466 1628 509 1672 in
527 1632 668 1676 sinum
685 1636 841 1682 iterum
867 1660 874 1684 :
909 1661 928 1682 »
955 1646 1091 1702 misit,
1111 1660 1152 1694 θῖ
1176 1657 1337 1714 recepit
1356 1674 1426 1703 co-

10 1686 169 1783 {iorem
191 1706 334 1737 suum.
363 1696 488 1742 Dedit
506 1700 544 1743 ci
569 1704 744 1749 tertium
768 1708 940 1766 signum
961 1733 968 1757 :
1000 1734 1019 1756 «
1048 1719 1168 1762 Tolle
1187 1738 1343 1782 aquam
1368 1728 1422 1773 do

38 1775 57 1799 »
92 1759 297 1818 flumine,
319 1774 361 1809 θῖ
385 1766 522 1813 funde
541 1771 585 1815 in
604 1776 817 1834 aequalem
841 1780 986 1826 locum
1006 1805 1047 1829 :n
1074 1789 1193 1845 tulit,
1220 1804 1261 1838 θῖ
1289 1796 1417 1853 fudit,

10 1786 14 1910 Ξ
33 1837 74 1872 et
92 1844 296 1878 conversa
318 1838 443 1881 estin
461 1844 733 1900 sanguinem.
759 1868 779 1890 «
804 1852 852 1893 In
877 1852 939 1896 his
962 1856 1091 1913 signis
1109 1862 1256 1909 audiet
1276 1876 1318 1910 tc·
1338 1885 1418 1928 po-

10 1916 54 1963 i»
89 1901 216 1959 pulus
239 1904 300 1947 :si
323 1905 365 1948 in
391 1909 529 1965 primo
555 1928 642 1959 non
678 1918 946 1977 exaudierit,
986 1927 1027 1970 in
1056 1935 1249 1978 secundo
1271 1949 1414 1986 autom

9 1967 51 2098 1»
87 1981 128 2015 et
152 1973 193 2016 in
214 1976 340 2020 tertio
358 1979 505 2023 audiet
523 1985 557 2025 ².
583 2002 602 2023 η

85 2044 180 2086 VH.
207 2047 291 2089 Nos
314 2064 361 2091 ca
391 2066 490 2109 quae
524 2053 788 2114 significant,
815 2078 828 2104 (

831 2074 1027 2121 {uantum
1071 2073 1180 2116 nous
1203 2079 1374 2136 adjuvat
1400 2120 1410 2135 ‚

30 2113 251 2158 tendamus
274 2117 456 2164 edicere.
489 2124 587 2183 Virg

592 2142 613 2169 ιι
638 2143 818 2186 regnum
843 2135 1052 2190 significat
1073 2162 1082 2198 ·‚
1102 2158 1276 2204 scrpcns
1295 2166 1411 2196 mm·-

9 2181 247 2247 'talitatem
277 2191 307 2232 A
349 2203 547 2250 serpente
580 2198 694 2242 enim
733 2202 897 2248 homini
938 2224 1049 2253 mors
1080 2218 1302 2275 propinata
1328 2236 1404 2269 (κει,

9 2255 161 2318 {Ipsam
182 2268 363 2303 mon-tom
384 2265 587 2310 Dominus
605 2268 806 2326 dignatus
829 2285 891 2319 θεῖ
915 2294 1143 2326 ειεειιιηθνθ.
1164 2289 1286 2347 Virga
1304 2310 1406 2350 vrgo

25 2326 194 2370 veniens
226 2329 267 2373 in
295 2339 478 2389 terram,
509 2341 718 2397 serpentis
747 2347 930 2401 speciem
959 2349 1165 2412 habuit³3
1186 2362 1284 2418 quia
1306 2379 1403 2421 rog·—

24 2407 122 2439 num
149 2399 221 2440 Dei
240 2434 248 2449 ,
266 2401 386 2459 quod
410 2414 473 2448 θεῖ
495 2407 691 2453 Christus
709 2414 829 2457 Jcsus
847 2451 856 2469 ,
874 2419 991 2462 vonit
1011 2422 1065 2466 ad
1093 2433 1263 2474 terrani.
1283 2436 1402 2478 Mon·-

9 2463 182 2513 1talitate
215 2470 392 2516 indutus
415 2485 499 2529 θεῖ,
527 2494 656 2537 quam
684 2482 819 2528 infixit
850 2487 891 2530 in
923 2506 1065 2538 cruce.
1103 2499 1230 2544 Novit
1253 2514 1398 2550 autum

8 2518 226 2582 {Sanctitas
247 2543 413 2590 vestra,
440 2548 540 2606 quia
563 2553 740 2609 quando
769 2558 955 2615 populus

981 2563 1051 2607 ἰΙΙθ
1077 2567 1116 2611 in
1141 2585 1284 2616 cronio
1302 2591 1398 2620 θυι·-

65 2623 188 2655 11ἰκοι1.
206 2636 249 2665 nv,
280 2638 308 2669 ι,
331 2634 395 2660 νίν.
415 2648 453 2653 --
477 2640 487 2654 ¹
509 2634 588 2668 ΙΙιὶιΙ.
607 2640 636 2668 8.
659 2655 696 2660 -
715 2638 726 2660 ³
744 2643 822 2673 (ᾦα-ιι,
840 2654 884 2680 ιω
909 2656 935 2677 1,

8 2574 12 2636 i

9 2691 12 2743 ff

8 2751 12 2807 ἱ

9 2814 12 2856 ι

9 2940 12 2984 ι

8 2992 13 3117 i
