1867 3320
309 247 631 276 PROPOSITIONES
662 249 718 276 Ex
752 250 949 278 EPISTOLA
982 252 1037 278 AD
1070 252 1280 284 noun-os.
1421 248 1473 284 17

102 329 121 353 »
156 320 243 355 tem
270 325 339 355 me
361 311 443 355 sub
462 311 556 370 lege
578 314 745 371 peccati
766 330 865 374 quae
891 316 1017 359 estin
1038 318 1242 362 membris
1261 322 1392 365 meis¹
1413 356 1424 376 ,
1452 340 1473 363 »

43 409 48 413 -
97 380 237 439 legem
257 381 422 439 peccati
459 380 593 437 dicit,
626 399 712 443 qua
746 384 931 444 quisque
965 387 1127 430 carnali
1159 390 1476 435 consuetudine

96 449 338 509 implicat-us
372 451 636 508 astringitur.
679 455 802 497 Hanc
836 469 1079 513 repugnare
1110 456 1170 500 ait
1204 456 1291 515 legi
1320 461 1475 504 mentis

97 536 210 572 suae,
237 530 280 564 et
314 535 356 565 se
376 521 592 580 captivare
623 522 703 566 sub
728 522 823 582 lege
851 525 1015 582 peccati
1038 544 1048 570 ;
1077 525 1196 569 unde
1218 525 1477 586 intelligitur

95 590 167 634 ifle
193 591 326 636 homo
348 591 532 635 describi
548 596 587 647 ²,
612 594 688 652 qui
717 593 915 638 nondum
933 605 997 639 est
1017 596 1099 639 sub
1120 596 1270 655 gratia.
1294 598 1338 642 Si
1359 599 1476 642 enim

96 669 354 719 repugnaret
381 670 554 705 tantum
575 664 846 707 consuetudo
869 665 1051 708 carnalis
1068 699 1079 720 ,
1105 674 1148 709 et
1170 681 1259 710 non
1281 668 1475 727 captiva-

96 740 160 774 ret
177 765 188 785 ,
212 746 301 775 non
322 740 432 775 esset
452 730 688 777 damnatio.
721 735 772 776 In
796 748 847 777 eo
877 735 992 777 enim
1011 743 1074 778 est
1091 734 1334 791 damnatio,
1356 740 1478 797 quod

96 801 443 859 obtemperamus
463 810 506 844 et
526 801 734 845 servimus
752 802 972 852 desideriis
989 805 1129 862 pravis
1151 806 1410 850 carnalibus.
1435 808 1478 852 Si

97 880 240 916 autem
257 872 438 916 existant
454 906 464 926 ‚
490 881 532 915 et
554 887 643 916 non
666 872 808 916 desint
829 872 931 917 talia
954 873 1192 929 desideria,
1219 891 1309 920 non
1331 886 1478 921 tamen

94 941 160 985 his
176 941 467 998 'obediamus3
492 956 582 985 non
604 941 896 1000 captivamur,
934 952 976 986 et
1007 944 1088 987 sub
1127 946 1262 1003 gratia
1278 947 1368 1005 jam
1405 963 1479 991 su-

95 1026 215 1066 mus,
251 1011 305 1054 de
327 1027 414 1071 qua
435 1011 641 1070 loquetur
668 1027 768 1055 cum
798 1012 1097 1058 exclamaverit
1119 1023 1162 1057 et
1182 1014 1480 1074 imploraverit

95 1081 356 1125 Liberatoris
375 1079 600 1135 auxilium,
622 1090 671 1124 ut
689 1081 820 1140 possit
834 1097 911 1141 per
934 1083 1115 1141 gratiam
1138 1084 1337 1140 charitas,
1359 1086 1480 1145 quod

95 1166 171 1210 per
192 1154 349 1208 Legem
377 1151 505 1194 timor
526 1166 616 1194 non
637 1160 822 1210 poterat,
849 1153 962 1196 Dixit
997 1154 1113 1196 enim
1135 1173 1142 1198 :
1179 1173 1198 1196 «
1222 1154 1377 1199 Infelix
1401 1172 1479 1215 ego

98 1238 118 1261 »
153 1220 307 1276 homo,
337 1220 433 1278 quis
463 1234 532 1262 me
554 1219 759 1264 liberabit
782 1221 837 1264 de
860 1237 1041 1281 corpore
1071 1224 1220 1266 mortis
1240 1225 1430 1284 hujusss?
1454 1244 1474 1267 »

95 1292 151 1333 Et
169 1288 354 1348 subjecit
375 1307 384 1332 2
408 1307 427 1329 «
446 1289 592 1332 Gratia
614 1289 692 1332 Dei
719 1304 795 1347 per
817 1292 965 1333 Jesum
993 1291 1215 1334 Christum
1245 1294 1481 1338 Dominum

99 1376 118 1399 »
153 1367 365 1402 nostrum.
384 1374 404 1398 »
423 1355 589 1401 Deinde
606 1357 759 1415 incipit
782 1358 1024 1401 describere
1045 1359 1269 1403 hominem
1287 1362 1369 1406 sub
1387 1379 1480 1421 gra-

95 1427 154 1472 tia
182 1430 469 1472 constitutum
496 1444 505 1470 2
538 1426 615 1484 qui
638 1426 792 1469 tertius
825 1426 983 1484 gradus
1005 1436 1068 1471 est
1091 1426 1266 1472 illorum
1291 1440 1479 1490 quatuor

94 1512 203 1556 quos
224 1496 420 1555 superius
439 1494 714 1539 distinximus
728 1497 760 1538 ⁴².

152 1569 307 1610 XLVI.
334 1565 402 1610 Ad
421 1566 539 1609 hunc
554 1565 738 1624 gradum
751 1566 842 1625 jam
864 1566 1053 1624 pertinet
1075 1568 1195 1626 quod
1216 1569 1361 1613 statim
1379 1572 1481 1615 sub-

92 1636 268 1696 jungit:
298 1654 316 1676 «
343 1635 482 1693 Igitur
519 1650 600 1692 ego
622 1635 712 1693 ipse
736 1644 883 1678 mente
912 1637 1052 1680 servio
1083 1638 1187 1696 Legi
1221 1640 1325 1693 Dei,
1351 1656 1480 1686 carne

99 1724 118 1747 n
154 1714 299 1749 autem
320 1703 404 1761 legi
426 1703 620 1761 peccati⁵
642 1722 650 1746 :
675 1720 694 1743 »
720 1704 821 1761 quia
839 1702 939 1746 licet
957 1706 1239 1750 existentibus
1259 1708 1480 1754 desideriis

96 1775 364 1829 carnalibus,
393 1775 484 1833 jam
521 1788 612 1818 non
645 1773 776 1816 servit
803 1773 1116 1818 consentiendo
1147 1774 1203 1819 ad
1231 1775 1479 1824 faciendum

96 1854 348 1905 peccatum,
386 1843 462 1903 qui
485 1842 566 1887 sub
601 1842 736 1901 gratia
765 1844 1025 1887 constitutus
1057 1854 1203 1889 mente
1225 1848 1354 1892 servit
1377 1851 1480 1908 Legi

96 1916 195 1971 Dei,
216 1930 343 1960 carne
361 1923 505 1958 autem
532 1913 618 1971 legi
641 1914 820 1972 peccati.
849 1916 1010 1972 Legem
1028 1924 1172 1958 autem
1189 1920 1352 1975 peccati
1375 1919 1480 1966 dicit

97 2002 146 2029 ex
174 1983 511 2043 transgressione
530 1981 635 2026 Adae
665 1982 961 2027 conditionem
985 1984 1233 2041 mortalem,
1255 2004 1339 2046 qua
1362 2006 1480 2035 mor-

99 2055 200 2100 tales
223 2055 325 2098 facti
346 2054 587 2097 sumusAEx
607 2052 688 2095 hac
712 2052 827 2095 enim
849 2052 948 2096 labe
969 2054 1108 2097 carnis
1130 2059 1479 2115 concupiscentia

97 2124 278 2171 carnalis
295 2123 513 2176 sollicitat,
529 2130 573 2165 et
593 2121 833 2166 secundum
848 2122 960 2166 hanc
979 2124 1082 2168 dicit
1100 2124 1182 2168 alio
1201 2124 1297 2171 loco
1314 2146 1321 2171 :
1341 2148 1360 2170 α
1379 2131 1479 2173 Fui-

101 2213 121 2237 »
155 2210 250 2238 mus
272 2202 314 2237 et
336 2208 414 2236 nos
436 2201 590 2236 natura
613 2191 690 2234 filii
712 2192 808 2247 irae,
834 2193 945 2236 sicut
967 2202 1010 2237 et
1027 2195 1169 2238 eaetcri
1185 2196 1216 2237 θ’.
1243 2215 1261 2236 »

155 2267 332 2308 XLVII.
366 2263 494 2316 Quod
522 2271 666 2308 autem
690 2262 793 2306 dicit
814 2282 822 2307 :
852 2282 872 2304 «
897 2264 1025 2308 Nulla
1052 2280 1154 2323 ergo
1173 2266 1478 2314 condemnatio

102 2353 122 2377 »
153 2344 217 2379 est
238 2350 354 2378 nunc
376 2334 440 2377 his
461 2334 537 2393 qui
559 2342 660 2378 sunt
683 2335 727 2376 111
748 2334 920 2379 Christo
946 2337 1045 2378 Jesu
1060 2337 1072 2359 ⁷
1092 2370 1103 2390 ‚
1130 2354 1149 2376 n
1171 2337 1271 2380 satis
1288 2340 1478 2385 ostendit

100 2405 509 2450 condemnationem
526 2419 613 2449 non
633 2418 721 2447 esse
738 2438 748 2458 ‚
774 2404 807 2446 si
830 2405 1014 2448 existant
1032 2404 1241 2450 desideria
1263 2410 1445 2454 carnalia
1463 2446 1473 2465 ‚

149 2510 156 2526 ¹
176 2507 264 2535 Rom.
282 2514 338 2540 vn.
358 2502 411 2534 23.
440 2519 479 2525 —
497 2509 509 2524 ²
537 2513 546 2533 1
571 2505 713 2534 Reti-act.
732 2511 816 2541 xxm,
841 2513 870 2532 11.
899 2513 923 2532 1.
947 2516 986 2522 --
1003 2500 1014 2522 3
1035 2505 1120 2533 Ιὶυιη,
1140 2503 1264 2544 ν11,’14,
1286 2521 1327 2527 -
1347 2505 1360 2534 ·'·
1384 2510 1475 2550 l‘mp,

104 2567 166 2591 ΧΙῙΙ.
198 2576 203 2579 -
219 2575 231 2580 -
249 2557 261 2579 s·
283 2562 370 2589 110111.
391 2568 443 2597 Vll,
465 2558 517 2588 25.
542 2574 579 2579 --
598 2556 612 2575 ‘l
631 2556 731 2598 Ephe:-
765 2568 796 2596 ΙΙΙ
820 2560 836 2585 ,1
878 2573 905 2578 ἡ
930 2564 938 2587 ⁷.
966 2561 1051 2587 1111111.
1072 2569 1136 2595 vlu,
1163 2570 1186 2589 ΙΔ

286 2622 437 2650 (lxxn'.
1246 2615 1267 2648 2
