1924 3309
406 172 489 214 414
835 181 870 209 s.
904 175 1136 209 AUGUSTINI
1166 178 1348 209 Emscom

403 265 532 309 super
554 247 698 293 omnia
718 254 782 291 est
804 245 947 292 bonus
966 266 974 292 ;
994 248 1095 307 quia
1114 246 1260 290 nullus
1284 260 1385 290 eum
1406 243 1509 290 iecit
1534 245 1693 301 bonus,
1712 244 1789 290 sed

402 338 425 367 a
448 337 492 367 se
510 322 601 380 ipso
626 320 765 364 bonus
795 329 873 365 est.
900 322 988 366 Nec
1012 328 1159 363 tamen
1180 318 1261 362 sibi
1279 318 1381 374 soli,
1406 318 1484 363 sed
1501 327 1544 362 et
1564 317 1690 362 nobis
1711 318 1789 364 bo-

399 408 482 437 nus
503 400 580 435 est.
597 391 907 437 «Confitcmini
931 382 1033 450 ergo
1054 388 1256 444 Domino,
1277 389 1486 449 quoniam
1503 389 1645 434 bonus
1668 398 1784 434 est.»

461 467 519 508 ΙΙ.
557 461 779 509 Confessio
816 471 892 507 aut
917 460 1135 506 laudantis
1157 468 1246 513 est,
1282 468 1358 504 aut
1379 461 1648 520 poenitentis.
1677 463 1789 506 Sunt

401 534 516 579 enim
540 549 694 594 parum
719 532 906 588 eruditi,
941 531 1017 591 qui
1039 544 1140 575 cum
1162 529 1382 575 audierint
1409 531 1724 577 confessionem
1743 532 1790 576 in

406 605 652 665 scripturis,
676 614 885 664 tanquam
904 602 983 645 nisi
1006 609 1284 659 peccatorum
1308 616 1396 645 esse
1417 617 1507 646 non
1525 603 1673 661 possit,
1688 618 1792 648 con-

405 678 530 722 tinuo
564 675 758 721 tundunt
787 681 995 734 pectora3
1031 670 1155 716 velut
1181 673 1274 733 jam
1308 681 1571 717 moneantur
1593 673 1792 718 confiteri

406 757 596 806 peccata.
621 748 704 793 Sed
726 757 771 790 ut
791 744 958 789 noverit
975 743 1172 789 Charitas
1194 745 1346 789 Vestra
1361 780 1372 800 ,
1397 760 1487 789 non
1503 744 1559 790 ad
1578 744 1667 790 sola
1688 761 1792 805 pec-

409 828 502 862 cata
524 818 738 878 pertinere
760 814 1095 870 confessionem,
1111 814 1338 859 audiamus
1360 814 1501 870 illum,
1520 816 1576 860 de
1596 832 1685 877 quo
1707 815 1792 860 du-

404 889 542 933 bitare
570 903 660 932 non
687 901 916 947 possumus
936 885 1058 945 quod
1080 884 1251 929 nullum
1276 886 1456 931 omnino
1472 886 1665 931 habebat
1685 902 1792 946 pec·-

403 969 572 1015 catum,
593 957 905 1003 exclamantem
921 965 964 1000 et
985 955 1198 1001 dicentem
1215 976 1223 1001 :
1247 975 1267 998 «
1285 958 1509 1002 Confiteor
1525 957 1623 1012 tibi,
1644 960 1788 1014 Pater,

406 1049 426 1072 »
462 1031 645 1076 Domine
665 1029 764 1075 coeli
784 1039 827 1074 et
848 1039 973 1074 terrae
989 1030 1048 1071 ¹.»
1065 1029 1168 1082 Quis
1191 1029 1274 1073 hoc
1298 1027 1437 1073 dixit?
1457 1029 1541 1082 Qui
1563 1038 1791 1088 peccatum

402 1117 492 1146 non
513 1103 617 1146 fecit
633 1137 644 1157 ‚
677 1117 758 1145 nec
781 1101 985 1145 inventus
1005 1109 1068 1144 est
1090 1098 1217 1144 dolus
1246 1100 1290 1143 in
1311 1115 1384 1144 ore
1401 1100 1534 1159 ejus².
1559 1100 1645 1153 Qui
1673 1099 1789 1145 solus

400 1172 618 1216 verissime
639 1171 781 1215 dicere
803 1170 946 1229 potuit
968 1188 977 1214 :
1006 1189 1026 1212 «
1048 1172 1160 1214 Ecce
1176 1171 1297 1215 venit
1317 1169 1518 1229 princeps
1540 1170 1718 1226 mundi,
1745 1179 1790 1215 et

403 1262 422 1284 n
448 1244 493 1287 in
516 1259 586 1287 me
606 1242 716 1287 nihil
739 1241 976 1287 inveniet-⁶³.
1007 1259 1027 1282 »
1054 1244 1110 1286 Et
1131 1251 1279 1286 tamen
1300 1243 1548 1286 confitetur.
1572 1240 1657 1287 Sed
1679 1257 1787 1287 con-

399 1315 531 1360 sessor
548 1316 651 1371 iste,
674 1314 875 1359 laudator
891 1323 970 1369 est,
995 1329 1082 1358 non
1104 1323 1321 1374 peccator.
1342 1313 1541 1374 Denique
1558 1312 1660 1358 audi
1676 1314 1786 1375 quid

399 1388 681 1442 confiteatur,
722 1385 824 1430 audi
854 1385 1005 1430 laudes
1027 1404 1036 1430 ε
1071 1394 1115 1429 et
1152 1385 1246 1430 laus
1281 1386 1360 1430 ista
1381 1385 1494 1430 salus
1527 1394 1590 1431 est
1622 1394 1784 1431 nostra.

398 1457 515 1511 Quid
540 1458 658 1501 enim
678 1457 912 1501 confitetur
934 1459 1024 1500 Deo
1047 1455 1164 1500 Patri
1182 1455 1317 1500 Filius
1339 1456 1431 1500 sine
1453 1458 1791 1516 peccatoPCon·

397 1530 523 1574 fiteor
555 1529 654 1584 tibi,
692 1528 865 1589 inquit,
906 1530 1056 1583 Pater,
1081 1527 1265 1572 Domine
1287 1526 1389 1572 coeli
1426 1536 1470 1571 et
1490 1535 1617 1571 terrae
1632 1562 1643 1583 ,
1686 1527 1789 1588 quia

397 1600 661 1645 abscondisti
684 1601 778 1644 haec
801 1615 825 1643 a
842 1599 1110 1659 sapientibus
1129 1607 1172 1643 et
1194 1598 1509 1658 prudentibus,
1525 1607 1569 1643 et
1588 1597 1788 1644 revelasti

395 1686 443 1715 ca
480 1670 683 1730 parvulis.
730 1673 862 1714 Istam
900 1668 1076 1712 laudem
1118 1668 1442 1714 commendavit
1475 1670 1613 1714 Patris
1630 1703 1641 1724 ‚
1683 1668 1787 1730 quia

395 1740 623 1786 abscondit
643 1740 737 1783 haec
759 1755 782 1782 a
805 1738 1093 1797 sapientibuS,
1116 1738 1161 1781 id
1179 1747 1242 1782 est
1261 1773 1272 1793 ‚
1293 1740 1491 1797 superbis
1514 1748 1557 1784 et
1580 1754 1786 1798 arrogan-

398 1812 512 1857 tibus
530 1833 541 1870 3
572 1820 615 1855 et
635 1809 842 1855 revelavit
863 1823 913 1853 ea
944 1807 1134 1868 parvulis
1151 1843 1162 1864 ‚
1186 1808 1232 1852 id
1257 1817 1342 1864 est,
1370 1809 1553 1854 infirmis
1575 1819 1619 1855 et
1635 1811 1785 1855 humi-

393 1881 524 1926 libus.

453 1956 534 1996 III.
563 1951 647 1997 Sed
668 1950 789 2011 quod
808 1963 961 1994 verum
983 1957 1071 2004 est,
1107 1958 1171 1993 est
1200 1949 1332 1993 etiam
1365 1949 1550 1995 salubris
1572 1949 1785 1997 confessio

396 2032 690 2084 peccatorum.
717 2020 842 2066 Unde
865 2019 1112 2065 audivimus
1133 2020 1178 2064 in
1203 2021 1373 2066 Psalmo
1390 2022 1466 2082 qui
1488 2022 1629 2082 primo
1645 2022 1784 2068 lectus

396 2104 459 2139 est
483 2114 491 2139 z
520 2113 540 2136 «
566 2097 701 2147 Pone,
721 2091 905 2136 Domine
923 2126 933 2145 ‚
953 2091 1196 2135 custodiam
1218 2092 1281 2135 ori
1304 2107 1418 2147 meo,
1440 2101 1483 2136 et
1505 2093 1663 2138 ostium
1683 2109 1785 2138 con-

398 2185 418 2208 »
454 2165 650 2209 tinentiae
679 2163 844 2208 circum
864 2160 980 2206 labia
1004 2176 1122 2217 mea,
1147 2172 1197 2206 ut
1219 2178 1309 2207 non
1330 2162 1522 2208 declines
1543 2179 1615 2209 cor
1635 2179 1784 2209 meum

397 2256 417 2279 »
452 2237 497 2281 in
518 2236 650 2281 verba
668 2234 856 2293 maligna
871 2269 882 2289 ‚
907 2232 963 2277 ad
984 2233 1277 2278 excusandum
1296 2235 1591 2280 exeusationes
1612 2236 1658 2279 in
1681 2250 1784 2296 pec-

396 2327 416 2350 »
453 2307 600 2352 catis4.
626 2325 646 2348 »
679 2309 820 2365 Rogat
860 2307 1017 2360 Deum,
1054 2313 1103 2348 ut
1125 2304 1368 2349 custodiam
1405 2305 1482 2350 det
1516 2306 1581 2351 ori
1603 2321 1682 2350 suo
1701 2322 1714 2350 .·
1739 2315 1784 2350 et

394 2381 519 2440 cujus
536 2379 600 2423 rei
621 2377 862 2423 custodiam
886 2376 1083 2437 exponit,
1107 2385 1151 2420 et
1173 2375 1294 2421 dicit.
1317 2381 1427 2421 Sunt
1450 2378 1563 2421 enirn
1584 2378 1782 2422 homines

459 2486 466 2501 ¹
484 2477 606 2510 Matth.
632 2488 679 2519 xi,
697 2475 752 2509 25.
773 2493 815 2499 —-
835 2483 847 2499 ²
870 2484 890 2508 2
910 2478 996 2508 Pctr.
1016 2486 1053 2517 ιι,
1070 2483 1124 2508 22.
1145 2491 1187 2498 -
1209 2472 1327 2508 3J0an.
1346 2486 1413 2517 xiv,
1436 2476 1486 2509 30.
1506 2493 1548 2499 —-
1567 2475 1581 2506 4
1601 2475 1684 2509 Psal.
1708 2487 1780 2518 ext,

395 2535 414 2567 3
430 2539 462 2566 ct
481 2534 513 2576 4
