<?xml version="1.0" encoding="UTF-8"?>
<!DOCTYPE html PUBLIC "-//W3C//DTD XHTML 1.0 Transitional//EN"
    "http://www.w3.org/TR/xhtml1/DTD/xhtml1-transitional.dtd">
<html xmlns="http://www.w3.org/1999/xhtml" xml:lang="en" lang="en">
 <head>
  <title>
</title>
<meta http-equiv="Content-Type" content="text/html;charset=utf-8" />
  <meta name='ocr-system' content='tesseract 3.04.00' />
  <meta name='ocr-capabilities' content='ocr_page ocr_carea ocr_par ocr_line ocrx_word'/>
</head>
<body>
  <div class='ocr_page' id='page_1' title='image "./operaomniaaccura17auguuoft_0063.png"; bbox 0 0 1867 3320; ppageno 0'>
   <div class='ocr_carea' id='block_1_1' title="bbox 3 1436 12 2128">
    <p class='ocr_par' dir='ltr' id='par_1_1' title="bbox 3 1436 12 2128">
     <span class='ocr_line' id='line_1_1' title="bbox 3 1436 12 2128; textangle 90"><span class='ocrx_word' id='word_1_1' title='bbox 3 1526 12 2128; x_wconf 46' lang='lat' dir='ltr'>m—-u—-m-——wQ——ss-——m-</span> <span class='ocrx_word' id='word_1_2' title='bbox 6 1436 11 1502; x_wconf 59' lang='lat'>“⁸—</span> 
     </span>
    </p>
   </div>
   <div class='ocr_carea' id='block_1_2' title="bbox 5 2332 12 2719">
    <p class='ocr_par' dir='ltr' id='par_1_2' title="bbox 5 2332 12 2719">
     <span class='ocr_line' id='line_1_2' title="bbox 5 2332 12 2719; textangle 90"><span class='ocrx_word' id='word_1_3' title='bbox 5 2332 12 2719; x_wconf 41' lang='lat' dir='ltr'>U-fmwo-</span> 
     </span>
    </p>
   </div>
   <div class='ocr_carea' id='block_1_3' title="bbox 413 335 1496 401">
    <p class='ocr_par' dir='ltr' id='par_1_3' title="bbox 413 335 1496 401">
     <span class='ocr_line' id='line_1_3' title="bbox 413 335 1496 401; baseline 0.036 -39"><span class='ocrx_word' id='word_1_4' title='bbox 413 335 619 369; x_wconf 80' lang='lat' dir='ltr'>EPISTOLAE</span> <span class='ocrx_word' id='word_1_5' title='bbox 650 340 705 371; x_wconf 78' lang='lat' dir='ltr'>An</span> <span class='ocrx_word' id='word_1_6' title='bbox 737 345 935 379; x_wconf 66' lang='lat' dir='ltr'>RoMAnos</span> <span class='ocrx_word' id='word_1_7' title='bbox 962 353 1198 388; x_wconf 73' lang='lat' dir='ltr'>Exposrmo.</span> <span class='ocrx_word' id='word_1_8' title='bbox 1442 362 1496 401; x_wconf 87' lang='lat'>53</span> 
     </span>
    </p>
   </div>
   <div class='ocr_carea' id='block_1_4' title="bbox 100 391 1499 1125">
    <p class='ocr_par' dir='ltr' id='par_1_4' title="bbox 100 391 1499 1125">
     <span class='ocr_line' id='line_1_4' title="bbox 117 391 1499 482; baseline 0.034 -48"><span class='ocrx_word' id='word_1_9' title='bbox 117 391 217 437; x_wconf 85' lang='lat' dir='ltr'>lam.</span> <span class='ocrx_word' id='word_1_10' title='bbox 241 397 317 441; x_wconf 89' lang='lat' dir='ltr'>Est</span> <span class='ocrx_word' id='word_1_11' title='bbox 331 398 445 444; x_wconf 89' lang='lat' dir='ltr'>enim</span> <span class='ocrx_word' id='word_1_12' title='bbox 465 405 540 462; x_wconf 87' lang='lat' dir='ltr'>qui</span> <span class='ocrx_word' id='word_1_13' title='bbox 563 407 712 453; x_wconf 86' lang='lat' dir='ltr'>scribit</span> <span class='ocrx_word' id='word_1_14' title='bbox 734 413 976 474; x_wconf 83' lang='lat' dir='ltr'>epistolam,</span> <span class='ocrx_word' id='word_1_15' title='bbox 1007 439 1026 462; x_wconf 91' lang='lat'>«</span> <span class='ocrx_word' id='word_1_16' title='bbox 1052 424 1209 469; x_wconf 82' lang='lat' dir='ltr'>Paulus</span> <span class='ocrx_word' id='word_1_17' title='bbox 1231 442 1376 476; x_wconf 82' lang='lat' dir='ltr'>servus</span> <span class='ocrx_word' id='word_1_18' title='bbox 1397 437 1499 482; x_wconf 89' lang='lat' dir='ltr'>Jesu</span> 
     </span>
     <span class='ocr_line' id='line_1_5' title="bbox 120 465 1495 560; baseline 0.033 -56"><span class='ocrx_word' id='word_1_19' title='bbox 120 481 136 503; x_wconf 87' lang='lat'>»</span> <span class='ocrx_word' id='word_1_20' title='bbox 171 465 327 511; x_wconf 85' lang='lat' dir='ltr'>Christi</span> <span class='ocrx_word' id='word_1_21' title='bbox 362 481 538 518; x_wconf 85' lang='lat' dir='ltr'>vocatus</span> <span class='ocrx_word' id='word_1_22' title='bbox 574 480 834 539; x_wconf 76' lang='lat' dir='ltr'>Apostolus,</span> <span class='ocrx_word' id='word_1_23' title='bbox 867 501 1114 548; x_wconf 84' lang='lat' dir='ltr'>segregatus</span> <span class='ocrx_word' id='word_1_24' title='bbox 1143 496 1188 538; x_wconf 89' lang='lat' dir='ltr'>in</span> <span class='ocrx_word' id='word_1_25' title='bbox 1212 500 1495 560; x_wconf 83' lang='lat' dir='ltr'>Evangelium</span> 
     </span>
     <span class='ocr_line' id='line_1_6' title="bbox 115 535 1497 624; baseline 0.035 -51"><span class='ocrx_word' id='word_1_26' title='bbox 115 548 136 574; x_wconf 89' lang='lat'>»</span> <span class='ocrx_word' id='word_1_27' title='bbox 171 535 262 579; x_wconf 89' lang='lat' dir='ltr'>Dei.</span> <span class='ocrx_word' id='word_1_28' title='bbox 293 555 312 578; x_wconf 89' lang='lat'>»</span> <span class='ocrx_word' id='word_1_29' title='bbox 339 541 422 584; x_wconf 85' lang='lat' dir='ltr'>Sed</span> <span class='ocrx_word' id='word_1_30' title='bbox 453 545 554 602; x_wconf 84' lang='lat' dir='ltr'>quia</span> <span class='ocrx_word' id='word_1_31' title='bbox 583 554 866 610; x_wconf 80' lang='lat' dir='ltr'>occurrebat,</span> <span class='ocrx_word' id='word_1_32' title='bbox 900 561 1024 611; x_wconf 86' lang='lat' dir='ltr'>Quod</span> <span class='ocrx_word' id='word_1_33' title='bbox 1054 566 1376 624; x_wconf 76' lang='lat' dir='ltr'>Evangeliumi&#39;</span> <span class='ocrx_word' id='word_1_34' title='bbox 1410 591 1497 621; x_wconf 88' lang='lat' dir='ltr'>res-</span> 
     </span>
     <span class='ocr_line' id='line_1_7' title="bbox 111 602 1496 693; baseline 0.033 -49"><span class='ocrx_word' id='word_1_35' title='bbox 111 602 289 661; x_wconf 88' lang='lat' dir='ltr'>pondit,</span> <span class='ocrx_word' id='word_1_36' title='bbox 329 612 502 662; x_wconf 87' lang='lat' dir='ltr'>«Quod</span> <span class='ocrx_word' id='word_1_37' title='bbox 527 626 627 660; x_wconf 85' lang='lat' dir='ltr'>ante</span> <span class='ocrx_word' id='word_1_38' title='bbox 662 624 910 678; x_wconf 76' lang='lat' dir='ltr'>promiserat</span> <span class='ocrx_word' id='word_1_39' title='bbox 943 644 1019 687; x_wconf 90' lang='lat' dir='ltr'>per</span> <span class='ocrx_word' id='word_1_40' title='bbox 1047 635 1284 693; x_wconf 82' lang='lat' dir='ltr'>Prophetas</span> <span class='ocrx_word' id='word_1_41' title='bbox 1319 657 1417 688; x_wconf 86' lang='lat' dir='ltr'>suos</span> <span class='ocrx_word' id='word_1_42' title='bbox 1453 646 1496 691; x_wconf 89' lang='lat' dir='ltr'>in</span> 
     </span>
     <span class='ocr_line' id='line_1_8' title="bbox 113 675 1494 772; baseline 0.035 -59"><span class='ocrx_word' id='word_1_43' title='bbox 113 689 133 713; x_wconf 86' lang='lat'>»</span> <span class='ocrx_word' id='word_1_44' title='bbox 170 675 399 735; x_wconf 82' lang='lat' dir='ltr'>Scripturis</span> <span class='ocrx_word' id='word_1_45' title='bbox 421 686 578 729; x_wconf 85' lang='lat' dir='ltr'>sanctis</span> <span class='ocrx_word' id='word_1_46' title='bbox 601 687 655 731; x_wconf 88' lang='lat' dir='ltr'>de</span> <span class='ocrx_word' id='word_1_47' title='bbox 680 691 789 736; x_wconf 90' lang='lat' dir='ltr'>Filio</span> <span class='ocrx_word' id='word_1_48' title='bbox 816 710 939 740; x_wconf 87' lang='lat' dir='ltr'>suo.»</span> <span class='ocrx_word' id='word_1_49' title='bbox 964 702 1073 745; x_wconf 90' lang='lat' dir='ltr'>Item</span> <span class='ocrx_word' id='word_1_50' title='bbox 1102 706 1202 763; x_wconf 83' lang='lat' dir='ltr'>quia</span> <span class='ocrx_word' id='word_1_51' title='bbox 1221 714 1494 772; x_wconf 85' lang='lat' dir='ltr'>occurrebat,</span> 
     </span>
     <span class='ocr_line' id='line_1_9' title="bbox 108 745 1495 831; baseline 0.032 -45"><span class='ocrx_word' id='word_1_52' title='bbox 108 745 170 787; x_wconf 88' lang='lat' dir='ltr'>De</span> <span class='ocrx_word' id='word_1_53' title='bbox 191 761 278 805; x_wconf 89' lang='lat' dir='ltr'>quo</span> <span class='ocrx_word' id='word_1_54' title='bbox 298 749 408 794; x_wconf 90' lang='lat' dir='ltr'>Filio</span> <span class='ocrx_word' id='word_1_55' title='bbox 424 767 502 798; x_wconf 86' lang='lat' dir='ltr'>suo</span> <span class='ocrx_word' id='word_1_56' title='bbox 521 757 538 796; x_wconf 86' lang='lat'><strong>?</strong></span> <span class='ocrx_word' id='word_1_57' title='bbox 560 762 797 818; x_wconf 83' lang='lat' dir='ltr'>respondit,</span> <span class='ocrx_word' id='word_1_58' title='bbox 815 784 835 806; x_wconf 91' lang='lat'>«</span> <span class='ocrx_word' id='word_1_59' title='bbox 854 768 939 819; x_wconf 87' lang='lat' dir='ltr'>Qui</span> <span class='ocrx_word' id='word_1_60' title='bbox 953 769 1094 816; x_wconf 83' lang='lat' dir='ltr'>factus</span> <span class='ocrx_word' id='word_1_61' title='bbox 1117 784 1180 819; x_wconf 86' lang='lat' dir='ltr'>est</span> <span class='ocrx_word' id='word_1_62' title='bbox 1196 778 1235 821; x_wconf 87' lang='lat' dir='ltr'>ei</span> <span class='ocrx_word' id='word_1_63' title='bbox 1258 795 1308 824; x_wconf 87' lang='lat' dir='ltr'>ex</span> <span class='ocrx_word' id='word_1_64' title='bbox 1331 787 1495 831; x_wconf 88' lang='lat' dir='ltr'>semine</span> 
     </span>
     <span class='ocr_line' id='line_1_10' title="bbox 109 816 1494 901; baseline 0.035 -48"><span class='ocrx_word' id='word_1_65' title='bbox 109 830 128 852; x_wconf 85' lang='lat'>»</span> <span class='ocrx_word' id='word_1_66' title='bbox 165 816 301 860; x_wconf 86' lang='lat' dir='ltr'>David</span> <span class='ocrx_word' id='word_1_67' title='bbox 320 823 561 868; x_wconf 87' lang='lat' dir='ltr'>secundum</span> <span class='ocrx_word' id='word_1_68' title='bbox 587 843 783 888; x_wconf 88' lang='lat' dir='ltr'>carnem,</span> <span class='ocrx_word' id='word_1_69' title='bbox 805 837 886 894; x_wconf 80' lang='lat' dir='ltr'>qui·</span> <span class='ocrx_word' id='word_1_70' title='bbox 906 840 1239 896; x_wconf 83' lang='lat' dir='ltr'>praedestinatus</span> <span class='ocrx_word' id='word_1_71' title='bbox 1267 861 1329 896; x_wconf 81' lang='lat' dir='ltr'>est</span> <span class='ocrx_word' id='word_1_72' title='bbox 1360 855 1494 901; x_wconf 87' lang='lat' dir='ltr'>Filius</span> 
     </span>
     <span class='ocr_line' id='line_1_11' title="bbox 107 885 1493 971; baseline 0.035 -48"><span class='ocrx_word' id='word_1_73' title='bbox 107 899 126 923; x_wconf 86' lang='lat'>»</span> <span class='ocrx_word' id='word_1_74' title='bbox 162 885 238 927; x_wconf 89' lang='lat' dir='ltr'>Dei</span> <span class='ocrx_word' id='word_1_75' title='bbox 274 886 318 930; x_wconf 92' lang='lat' dir='ltr'>in</span> <span class='ocrx_word' id='word_1_76' title='bbox 355 891 516 937; x_wconf 89' lang='lat' dir='ltr'>virtute</span> <span class='ocrx_word' id='word_1_77' title='bbox 551 900 793 946; x_wconf 84' lang='lat' dir='ltr'>seeundum</span> <span class='ocrx_word' id='word_1_78' title='bbox 827 907 1025 964; x_wconf 83' lang='lat' dir='ltr'>spiritum</span> <span class='ocrx_word' id='word_1_79' title='bbox 1057 918 1405 968; x_wconf 79' lang='lat' dir='ltr'>sanctificationis</span> <span class='ocrx_word' id='word_1_80' title='bbox 1443 942 1493 971; x_wconf 80' lang='lat' dir='ltr'>ex</span> 
     </span>
     <span class='ocr_line' id='line_1_12' title="bbox 106 961 1488 1039; baseline 0.034 -46"><span class='ocrx_word' id='word_1_81' title='bbox 106 970 125 993; x_wconf 90' lang='lat'>»</span> <span class='ocrx_word' id='word_1_82' title='bbox 161 961 472 1006; x_wconf 86' lang='lat' dir='ltr'>resurrectione</span> <span class='ocrx_word' id='word_1_83' title='bbox 491 977 762 1015; x_wconf 89' lang='lat' dir='ltr'>mortuorum</span> <span class='ocrx_word' id='word_1_84' title='bbox 779 1008 789 1027; x_wconf 90' lang='lat'>,</span> <span class='ocrx_word' id='word_1_85' title='bbox 811 978 983 1022; x_wconf 87' lang='lat' dir='ltr'>Domini</span> <span class='ocrx_word' id='word_1_86' title='bbox 1001 986 1136 1028; x_wconf 88' lang='lat' dir='ltr'>nostri</span> <span class='ocrx_word' id='word_1_87' title='bbox 1159 990 1261 1032; x_wconf 87' lang='lat' dir='ltr'>Jesu</span> <span class='ocrx_word' id='word_1_88' title='bbox 1284 993 1488 1039; x_wconf 86' lang='lat' dir='ltr'>Christi.»</span> 
     </span>
     <span class='ocr_line' id='line_1_13' title="bbox 100 1025 1493 1125; baseline 0.033 -60"><span class='ocrx_word' id='word_1_89' title='bbox 100 1025 156 1067; x_wconf 92' lang='lat' dir='ltr'>Et</span> <span class='ocrx_word' id='word_1_90' title='bbox 177 1029 298 1084; x_wconf 83' lang='lat' dir='ltr'>quasi</span> <span class='ocrx_word' id='word_1_91' title='bbox 320 1030 552 1091; x_wconf 75' lang='lat' dir='ltr'>diceretur,</span> <span class='ocrx_word' id='word_1_92' title='bbox 572 1041 805 1091; x_wconf 85' lang='lat' dir='ltr'>Quomodo</span> <span class='ocrx_word' id='word_1_93' title='bbox 823 1055 871 1090; x_wconf 90' lang='lat' dir='ltr'>tu</span> <span class='ocrx_word' id='word_1_94' title='bbox 893 1048 947 1093; x_wconf 84' lang='lat' dir='ltr'>ad</span> <span class='ocrx_word' id='word_1_95' title='bbox 967 1066 1067 1096; x_wconf 88' lang='lat' dir='ltr'>eum</span> <span class='ocrx_word' id='word_1_96' title='bbox 1085 1058 1493 1125; x_wconf 75' lang='lat' dir='ltr'>pertinesi&#39;respon-</span> 
     </span>
    </p>
   </div>
   <div class='ocr_carea' id='block_1_5' title="bbox 98 1092 1490 1264">
    <p class='ocr_par' dir='ltr' id='par_1_5' title="bbox 98 1092 1490 1264">
     <span class='ocr_line' id='line_1_14' title="bbox 98 1092 1490 1191; baseline 0.034 -56"><span class='ocrx_word' id='word_1_97' title='bbox 98 1092 189 1149; x_wconf 88' lang='lat' dir='ltr'>dit,</span> <span class='ocrx_word' id='word_1_98' title='bbox 219 1115 238 1139; x_wconf 91' lang='lat'>«</span> <span class='ocrx_word' id='word_1_99' title='bbox 266 1102 346 1143; x_wconf 87' lang='lat' dir='ltr'>Per</span> <span class='ocrx_word' id='word_1_100' title='bbox 379 1119 508 1162; x_wconf 84' lang='lat' dir='ltr'>quem</span> <span class='ocrx_word' id='word_1_101' title='bbox 534 1112 780 1169; x_wconf 82' lang='lat' dir='ltr'>accepimus</span> <span class='ocrx_word' id='word_1_102' title='bbox 812 1120 991 1175; x_wconf 79' lang='lat' dir='ltr'>gratiam</span> <span class='ocrx_word' id='word_1_103' title='bbox 1026 1133 1069 1167; x_wconf 88' lang='lat' dir='ltr'>et</span> <span class='ocrx_word' id='word_1_104' title='bbox 1091 1130 1379 1185; x_wconf 81' lang='lat' dir='ltr'>apostolatum</span> <span class='ocrx_word' id='word_1_105' title='bbox 1398 1171 1409 1191; x_wconf 91' lang='lat'>,</span> <span class='ocrx_word' id='word_1_106' title='bbox 1435 1139 1490 1182; x_wconf 86' lang='lat' dir='ltr'>ad</span> 
     </span>
     <span class='ocr_line' id='line_1_15' title="bbox 100 1164 1482 1264; baseline 0.032 -59"><span class='ocrx_word' id='word_1_107' title='bbox 100 1180 119 1204; x_wconf 85' lang='lat'>»</span> <span class='ocrx_word' id='word_1_108' title='bbox 134 1164 425 1215; x_wconf 86' lang='lat' dir='ltr'>obediendum</span> <span class='ocrx_word' id='word_1_109' title='bbox 442 1175 542 1219; x_wconf 89' lang='lat' dir='ltr'>fidei</span> <span class='ocrx_word' id='word_1_110' title='bbox 556 1178 599 1221; x_wconf 87' lang='lat' dir='ltr'>in</span> <span class='ocrx_word' id='word_1_111' title='bbox 616 1183 820 1229; x_wconf 87' lang='lat' dir='ltr'>omnibus</span> <span class='ocrx_word' id='word_1_112' title='bbox 839 1191 1040 1245; x_wconf 83' lang='lat' dir='ltr'>gentibus</span> <span class='ocrx_word' id='word_1_113' title='bbox 1054 1209 1132 1252; x_wconf 87' lang='lat' dir='ltr'>pro</span> <span class='ocrx_word' id='word_1_114' title='bbox 1151 1201 1328 1246; x_wconf 87' lang='lat' dir='ltr'>nomine</span> <span class='ocrx_word' id='word_1_115' title='bbox 1346 1207 1482 1264; x_wconf 85' lang='lat' dir='ltr'>ejus.»</span> 
     </span>
    </p>
   </div>
   <div class='ocr_carea' id='block_1_6' title="bbox 73 1236 1485 2231">
    <p class='ocr_par' dir='ltr' id='par_1_6' title="bbox 73 1236 1485 2231">
     <span class='ocr_line' id='line_1_16' title="bbox 96 1236 1485 1322; baseline 0.033 -46"><span class='ocrx_word' id='word_1_116' title='bbox 96 1236 205 1279; x_wconf 85' lang='lat' dir='ltr'>Item</span> <span class='ocrx_word' id='word_1_117' title='bbox 231 1240 352 1297; x_wconf 81' lang='lat' dir='ltr'>quasi</span> <span class='ocrx_word' id='word_1_118' title='bbox 388 1244 630 1304; x_wconf 81' lang='lat' dir='ltr'>diceretur,</span> <span class='ocrx_word' id='word_1_119' title='bbox 658 1257 762 1305; x_wconf 77' lang='lat' dir='ltr'>Quae</span> <span class='ocrx_word' id='word_1_120' title='bbox 785 1257 917 1314; x_wconf 81' lang='lat' dir='ltr'>igitur</span> <span class='ocrx_word' id='word_1_121' title='bbox 936 1276 1061 1307; x_wconf 86' lang='lat' dir='ltr'>causa</span> <span class='ocrx_word' id='word_1_122' title='bbox 1093 1278 1155 1311; x_wconf 86' lang='lat' dir='ltr'>est</span> <span class='ocrx_word' id='word_1_123' title='bbox 1179 1280 1227 1313; x_wconf 83' lang='lat' dir='ltr'>ut</span> <span class='ocrx_word' id='word_1_124' title='bbox 1247 1274 1407 1319; x_wconf 80' lang='lat' dir='ltr'>scribas</span> <span class='ocrx_word' id='word_1_125' title='bbox 1432 1278 1485 1322; x_wconf 83' lang='lat' dir='ltr'>ad</span> 
     </span>
     <span class='ocr_line' id='line_1_17' title="bbox 93 1307 1480 1390; baseline 0.03 -45"><span class='ocrx_word' id='word_1_126' title='bbox 93 1307 540 1368; x_wconf 78' lang='lat' dir='ltr'>nos?respondit,«1n</span> <span class='ocrx_word' id='word_1_127' title='bbox 560 1321 719 1377; x_wconf 82' lang='lat' dir='ltr'>quibus</span> <span class='ocrx_word' id='word_1_128' title='bbox 735 1326 833 1368; x_wconf 85' lang='lat' dir='ltr'>estis</span> <span class='ocrx_word' id='word_1_129' title='bbox 849 1337 891 1371; x_wconf 86' lang='lat' dir='ltr'>et</span> <span class='ocrx_word' id='word_1_130' title='bbox 910 1344 983 1373; x_wconf 86' lang='lat' dir='ltr'>vos</span> <span class='ocrx_word' id='word_1_131' title='bbox 1002 1336 1140 1378; x_wconf 81' lang='lat' dir='ltr'>vocati</span> <span class='ocrx_word' id='word_1_132' title='bbox 1156 1340 1256 1382; x_wconf 79' lang='lat' dir='ltr'>Jesu</span> <span class='ocrx_word' id='word_1_133' title='bbox 1275 1343 1480 1390; x_wconf 87' lang='lat' dir='ltr'>Christi.»</span> 
     </span>
     <span class='ocr_line' id='line_1_18' title="bbox 93 1376 1478 1463; baseline 0.032 -47"><span class='ocrx_word' id='word_1_134' title='bbox 93 1376 218 1419; x_wconf 85' lang='lat' dir='ltr'>Nunc</span> <span class='ocrx_word' id='word_1_135' title='bbox 236 1377 394 1424; x_wconf 83' lang='lat' dir='ltr'>deinde</span> <span class='ocrx_word' id='word_1_136' title='bbox 418 1385 617 1445; x_wconf 80' lang='lat' dir='ltr'>adjungit</span> <span class='ocrx_word' id='word_1_137' title='bbox 650 1406 698 1433; x_wconf 79' lang='lat' dir='ltr'>ex</span> <span class='ocrx_word' id='word_1_138' title='bbox 734 1409 853 1438; x_wconf 84' lang='lat' dir='ltr'>more</span> <span class='ocrx_word' id='word_1_139' title='bbox 875 1400 1069 1454; x_wconf 78' lang='lat' dir='ltr'>epistolae</span> <span class='ocrx_word' id='word_1_140' title='bbox 1094 1408 1253 1463; x_wconf 84' lang='lat' dir='ltr'>quibus</span> <span class='ocrx_word' id='word_1_141' title='bbox 1283 1413 1443 1459; x_wconf 81' lang='lat' dir='ltr'>scribat</span> <span class='ocrx_word' id='word_1_142' title='bbox 1471 1437 1478 1461; x_wconf 92' lang='lat'>:</span> 
     </span>
     <span class='ocr_line' id='line_1_19' title="bbox 93 1447 1203 1523; baseline 0.031 -38"><span class='ocrx_word' id='word_1_143' title='bbox 93 1462 112 1484; x_wconf 92' lang='lat'>«</span> <span class='ocrx_word' id='word_1_144' title='bbox 147 1447 361 1493; x_wconf 82' lang='lat' dir='ltr'>Omnibus</span> <span class='ocrx_word' id='word_1_145' title='bbox 378 1486 387 1502; x_wconf 74' lang='lat'>,</span> <span class='ocrx_word' id='word_1_146' title='bbox 416 1453 582 1513; x_wconf 81' lang='lat' dir='ltr'>inquit,</span> <span class='ocrx_word' id='word_1_147' title='bbox 606 1461 679 1517; x_wconf 83' lang='lat' dir='ltr'>qui</span> <span class='ocrx_word' id='word_1_148' title='bbox 703 1473 805 1506; x_wconf 83' lang='lat' dir='ltr'>suut</span> <span class='ocrx_word' id='word_1_149' title='bbox 830 1468 980 1512; x_wconf 82' lang='lat' dir='ltr'>Romae</span> <span class='ocrx_word' id='word_1_150' title='bbox 998 1505 1008 1523; x_wconf 86' lang='lat'>,</span> <span class='ocrx_word' id='word_1_151' title='bbox 1035 1471 1203 1519; x_wconf 77' lang='lat' dir='ltr'>dilectis</span> 
     </span>
     <span class='ocr_line' id='line_1_20' title="bbox 90 1516 1033 1590; baseline 0.032 -37"><span class='ocrx_word' id='word_1_152' title='bbox 90 1532 108 1553; x_wconf 91' lang='lat'>»</span> <span class='ocrx_word' id='word_1_153' title='bbox 146 1516 195 1558; x_wconf 84' lang='lat' dir='ltr'>tis</span> <span class='ocrx_word' id='word_1_154' title='bbox 232 1521 403 1564; x_wconf 80' lang='lat' dir='ltr'>sanetis.</span> <span class='ocrx_word' id='word_1_155' title='bbox 435 1540 454 1562; x_wconf 82' lang='lat'>&gt;›</span> <span class='ocrx_word' id='word_1_156' title='bbox 492 1526 632 1570; x_wconf 84' lang='lat' dir='ltr'>Etiam</span> <span class='ocrx_word' id='word_1_157' title='bbox 670 1531 739 1574; x_wconf 83' lang='lat' dir='ltr'>hie</span> <span class='ocrx_word' id='word_1_158' title='bbox 777 1535 1033 1590; x_wconf 84' lang='lat' dir='ltr'>significavit</span> 
     </span>
     <span class='ocr_line' id='line_1_21' title="bbox 84 1586 1472 1678; baseline 0.03 -52"><span class='ocrx_word' id='word_1_159' title='bbox 84 1586 226 1643; x_wconf 85' lang='lat' dir='ltr'>potius</span> <span class='ocrx_word' id='word_1_160' title='bbox 244 1605 372 1647; x_wconf 85' lang='lat' dir='ltr'>quam</span> <span class='ocrx_word' id='word_1_161' title='bbox 392 1596 592 1640; x_wconf 89' lang='lat' dir='ltr'>meritum</span> <span class='ocrx_word' id='word_1_162' title='bbox 614 1599 803 1647; x_wconf 88' lang='lat' dir='ltr'>illorum.</span> <span class='ocrx_word' id='word_1_163' title='bbox 826 1607 922 1650; x_wconf 87' lang='lat' dir='ltr'>Non</span> <span class='ocrx_word' id='word_1_164' title='bbox 941 1610 1056 1654; x_wconf 87' lang='lat' dir='ltr'>enim</span> <span class='ocrx_word' id='word_1_165' title='bbox 1081 1614 1164 1663; x_wconf 89' lang='lat' dir='ltr'>ait,</span> <span class='ocrx_word' id='word_1_166' title='bbox 1192 1616 1472 1678; x_wconf 77' lang='lat' dir='ltr'>diligentibus</span> 
     </span>
     <span class='ocr_line' id='line_1_22' title="bbox 84 1657 1472 1740; baseline 0.031 -44"><span class='ocrx_word' id='word_1_167' title='bbox 84 1657 246 1714; x_wconf 67' lang='lat' dir='ltr'>Deum,</span> <span class='ocrx_word' id='word_1_168' title='bbox 273 1660 345 1704; x_wconf 84' lang='lat' dir='ltr'>sed</span> <span class='ocrx_word' id='word_1_169' title='bbox 362 1696 372 1715; x_wconf 86' lang='lat'>,</span> <span class='ocrx_word' id='word_1_170' title='bbox 398 1681 416 1704; x_wconf 91' lang='lat'>«</span> <span class='ocrx_word' id='word_1_171' title='bbox 443 1664 610 1710; x_wconf 80' lang='lat' dir='ltr'>dilectis</span> <span class='ocrx_word' id='word_1_172' title='bbox 645 1673 734 1715; x_wconf 88' lang='lat' dir='ltr'>Dei.</span> <span class='ocrx_word' id='word_1_173' title='bbox 764 1692 782 1713; x_wconf 88' lang='lat'>»</span> <span class='ocrx_word' id='word_1_174' title='bbox 812 1677 933 1720; x_wconf 86' lang='lat' dir='ltr'>Prior</span> <span class='ocrx_word' id='word_1_175' title='bbox 958 1682 1073 1725; x_wconf 85' lang='lat' dir='ltr'>enim</span> <span class='ocrx_word' id='word_1_176' title='bbox 1098 1684 1247 1732; x_wconf 79' lang='lat' dir='ltr'>dilexit</span> <span class='ocrx_word' id='word_1_177' title='bbox 1271 1706 1348 1735; x_wconf 84' lang='lat' dir='ltr'>nos</span> <span class='ocrx_word' id='word_1_178' title='bbox 1372 1705 1472 1740; x_wconf 85' lang='lat' dir='ltr'>ante</span> 
     </span>
     <span class='ocr_line' id='line_1_23' title="bbox 82 1727 1470 1810; baseline 0.029 -43"><span class='ocrx_word' id='word_1_179' title='bbox 82 1727 222 1770; x_wconf 87' lang='lat' dir='ltr'>omnia</span> <span class='ocrx_word' id='word_1_180' title='bbox 246 1732 394 1776; x_wconf 82' lang='lat' dir='ltr'>merita</span> <span class='ocrx_word' id='word_1_181' title='bbox 412 1768 422 1787; x_wconf 92' lang='lat'>,</span> <span class='ocrx_word' id='word_1_182' title='bbox 449 1744 497 1778; x_wconf 87' lang='lat' dir='ltr'>ut</span> <span class='ocrx_word' id='word_1_183' title='bbox 519 1746 562 1780; x_wconf 85' lang='lat' dir='ltr'>et</span> <span class='ocrx_word' id='word_1_184' title='bbox 583 1754 661 1785; x_wconf 83' lang='lat' dir='ltr'>nos</span> <span class='ocrx_word' id='word_1_185' title='bbox 684 1757 783 1786; x_wconf 87' lang='lat' dir='ltr'>eum</span> <span class='ocrx_word' id='word_1_186' title='bbox 815 1744 961 1792; x_wconf 90' lang='lat' dir='ltr'>dilecti</span> <span class='ocrx_word' id='word_1_187' title='bbox 991 1751 1268 1810; x_wconf 79' lang='lat' dir='ltr'>diligeremus</span> <span class='ocrx_word' id='word_1_188' title='bbox 1288 1763 1315 1803; x_wconf 93' lang='lat'>¹.</span> <span class='ocrx_word' id='word_1_189' title='bbox 1349 1766 1470 1809; x_wconf 81' lang='lat' dir='ltr'>Unde</span> 
     </span>
     <span class='ocr_line' id='line_1_24' title="bbox 80 1795 1466 1883; baseline 0.03 -47"><span class='ocrx_word' id='word_1_190' title='bbox 80 1795 207 1840; x_wconf 84' lang='lat' dir='ltr'>etiam</span> <span class='ocrx_word' id='word_1_191' title='bbox 249 1798 437 1857; x_wconf 77' lang='lat' dir='ltr'>addidit,</span> <span class='ocrx_word' id='word_1_192' title='bbox 469 1824 487 1845; x_wconf 92' lang='lat'>«</span> <span class='ocrx_word' id='word_1_193' title='bbox 509 1811 669 1853; x_wconf 84' lang='lat' dir='ltr'>voeatis</span> <span class='ocrx_word' id='word_1_194' title='bbox 702 1816 872 1858; x_wconf 84' lang='lat' dir='ltr'>sanetis.</span> <span class='ocrx_word' id='word_1_195' title='bbox 905 1836 923 1858; x_wconf 72' lang='grc' dir='ltr'><strong>υ</strong></span> <span class='ocrx_word' id='word_1_196' title='bbox 950 1822 1211 1883; x_wconf 80' lang='lat' dir='ltr'>Quanquam</span> <span class='ocrx_word' id='word_1_197' title='bbox 1247 1832 1360 1875; x_wconf 86' lang='lat' dir='ltr'>enim</span> <span class='ocrx_word' id='word_1_198' title='bbox 1385 1836 1466 1879; x_wconf 84' lang='lat' dir='ltr'>sibi</span> 
     </span>
     <span class='ocr_line' id='line_1_25' title="bbox 77 1866 887 1932; baseline 0.028 -26"><span class='ocrx_word' id='word_1_199' title='bbox 77 1866 174 1924; x_wconf 84' lang='lat' dir='ltr'>quis</span> <span class='ocrx_word' id='word_1_200' title='bbox 205 1868 366 1914; x_wconf 87' lang='lat' dir='ltr'>tribuat</span> <span class='ocrx_word' id='word_1_201' title='bbox 390 1876 508 1932; x_wconf 83' lang='lat' dir='ltr'>quod</span> <span class='ocrx_word' id='word_1_202' title='bbox 532 1882 701 1924; x_wconf 87' lang='lat' dir='ltr'>vocanti</span> <span class='ocrx_word' id='word_1_203' title='bbox 741 1885 887 1929; x_wconf 87' lang='lat' dir='ltr'>obtem</span> 
     </span>
     <span class='ocr_line' id='line_1_26' title="bbox 78 1935 1462 2023; baseline 0.03 -47"><span class='ocrx_word' id='word_1_204' title='bbox 78 1935 267 1980; x_wconf 80' lang='lat' dir='ltr'>tribuere</span> <span class='ocrx_word' id='word_1_205' title='bbox 289 1942 408 1998; x_wconf 80' lang='lat' dir='ltr'>quod</span> <span class='ocrx_word' id='word_1_206' title='bbox 432 1956 608 1991; x_wconf 75' lang='lat' dir='ltr'>vocatus</span> <span class='ocrx_word' id='word_1_207' title='bbox 631 1960 708 1993; x_wconf 85' lang='lat' dir='ltr'>est.</span> <span class='ocrx_word' id='word_1_208' title='bbox 741 1971 759 1992; x_wconf 90' lang='lat'>«</span> <span class='ocrx_word' id='word_1_209' title='bbox 785 1957 955 2000; x_wconf 70' lang='lat' dir='ltr'>Vscatis</span> <span class='ocrx_word' id='word_1_210' title='bbox 974 1970 1118 2006; x_wconf 80' lang='lat' dir='ltr'>autem</span> <span class='ocrx_word' id='word_1_211' title='bbox 1139 1970 1319 2023; x_wconf 79' lang='lat' dir='ltr'>sanctis,</span> <span class='ocrx_word' id='word_1_212' title='bbox 1337 1990 1355 2011; x_wconf 93' lang='lat'>»</span> <span class='ocrx_word' id='word_1_213' title='bbox 1375 1989 1462 2018; x_wconf 84' lang='lat' dir='ltr'>non</span> 
     </span>
     <span class='ocr_line' id='line_1_27' title="bbox 74 2003 1461 2100; baseline 0.031 -56"><span class='ocrx_word' id='word_1_214' title='bbox 74 2003 131 2046; x_wconf 88' lang='lat' dir='ltr'>ita</span> <span class='ocrx_word' id='word_1_215' title='bbox 169 2005 500 2065; x_wconf 85' lang='lat' dir='ltr'>intelligendum</span> <span class='ocrx_word' id='word_1_216' title='bbox 546 2026 607 2060; x_wconf 80' lang='lat' dir='ltr'>ost</span> <span class='ocrx_word' id='word_1_217' title='bbox 626 2053 635 2069; x_wconf 83' lang='lat'>,</span> <span class='ocrx_word' id='word_1_218' title='bbox 681 2029 882 2081; x_wconf 80' lang='lat' dir='ltr'>tanquam</span> <span class='ocrx_word' id='word_1_219' title='bbox 923 2027 1020 2071; x_wconf 84' lang='lat' dir='ltr'>ideo</span> <span class='ocrx_word' id='word_1_220' title='bbox 1054 2036 1191 2077; x_wconf 73' lang='lat' dir='ltr'>vocati</span> <span class='ocrx_word' id='word_1_221' title='bbox 1223 2038 1328 2091; x_wconf 83' lang='lat' dir='ltr'>sint,</span> <span class='ocrx_word' id='word_1_222' title='bbox 1362 2045 1461 2100; x_wconf 75' lang='lat' dir='ltr'>quia</span> 
     </span>
     <span class='ocr_line' id='line_1_28' title="bbox 73 2075 1376 2157; baseline 0.03 -44"><span class='ocrx_word' id='word_1_223' title='bbox 73 2075 206 2116; x_wconf 87' lang='lat' dir='ltr'>sancti</span> <span class='ocrx_word' id='word_1_224' title='bbox 230 2087 352 2120; x_wconf 82' lang='lat' dir='ltr'>erant</span> <span class='ocrx_word' id='word_1_225' title='bbox 380 2096 387 2122; x_wconf 94' lang='lat'>:</span> <span class='ocrx_word' id='word_1_226' title='bbox 413 2082 487 2124; x_wconf 84' lang='lat' dir='ltr'>secl</span> <span class='ocrx_word' id='word_1_227' title='bbox 510 2083 607 2128; x_wconf 77' lang='lat' dir='ltr'>ideo</span> <span class='ocrx_word' id='word_1_228' title='bbox 630 2092 764 2132; x_wconf 72' lang='lat' dir='ltr'>sancti</span> <span class='ocrx_word' id='word_1_229' title='bbox 785 2094 929 2138; x_wconf 60' lang='lat' dir='ltr'>olibeti</span> <span class='ocrx_word' id='word_1_230' title='bbox 946 2132 956 2149; x_wconf 86' lang='lat'>,</span> <span class='ocrx_word' id='word_1_231' title='bbox 981 2101 1080 2157; x_wconf 82' lang='lat' dir='ltr'>quia</span> <span class='ocrx_word' id='word_1_232' title='bbox 1098 2106 1238 2148; x_wconf 82' lang='lat' dir='ltr'>vocati</span> <span class='ocrx_word' id='word_1_233' title='bbox 1260 2120 1376 2152; x_wconf 84' lang='lat' dir='ltr'>sunt.</span> 
     </span>
     <span class='ocr_line' id='line_1_29' title="bbox 131 2144 1458 2231; baseline 0.032 -48"><span class='ocrx_word' id='word_1_234' title='bbox 131 2144 251 2186; x_wconf 81' lang='lat' dir='ltr'>vm.</span> <span class='ocrx_word' id='word_1_235' title='bbox 284 2149 426 2191; x_wconf 71' lang='lat' dir='ltr'>Restat</span> <span class='ocrx_word' id='word_1_236' title='bbox 444 2165 545 2209; x_wconf 81' lang='lat' dir='ltr'>ergo</span> <span class='ocrx_word' id='word_1_237' title='bbox 570 2163 617 2197; x_wconf 86' lang='lat' dir='ltr'>ut</span> <span class='ocrx_word' id='word_1_238' title='bbox 634 2156 815 2203; x_wconf 83' lang='lat' dir='ltr'>salutem</span> <span class='ocrx_word' id='word_1_239' title='bbox 840 2162 952 2208; x_wconf 79' lang='lat' dir='ltr'>dicat</span> <span class='ocrx_word' id='word_1_240' title='bbox 970 2202 980 2220; x_wconf 89' lang='lat'>,</span> <span class='ocrx_word' id='word_1_241' title='bbox 1008 2179 1057 2212; x_wconf 88' lang='lat' dir='ltr'>ut</span> <span class='ocrx_word' id='word_1_242' title='bbox 1079 2174 1349 2231; x_wconf 73' lang='lat' dir='ltr'>compleatur</span> <span class='ocrx_word' id='word_1_243' title='bbox 1372 2183 1458 2224; x_wconf 80' lang='lat' dir='ltr'>usi-</span> 
     </span>
    </p>
   </div>
   <div class='ocr_carea' id='block_1_7' title="bbox 72 2217 1451 2340">
    <p class='ocr_par' dir='ltr' id='par_1_7' title="bbox 72 2217 1451 2340">
     <span class='ocr_line' id='line_1_30' title="bbox 72 2217 1451 2296; baseline 0.03 -43"><span class='ocrx_word' id='word_1_244' title='bbox 72 2220 207 2256; x_wconf 80' lang='lat' dir='ltr'>tatum</span> <span class='ocrx_word' id='word_1_245' title='bbox 240 2217 432 2274; x_wconf 67' lang='lat' dir='ltr'>epistolae</span> <span class='ocrx_word' id='word_1_246' title='bbox 465 2223 750 2283; x_wconf 79' lang='lat' dir='ltr'>principium,</span> <span class='ocrx_word' id='word_1_247' title='bbox 793 2240 995 2293; x_wconf 82' lang='lat' dir='ltr'>tanquam</span> <span class='ocrx_word' id='word_1_248' title='bbox 1034 2240 1104 2283; x_wconf 77' lang='lat' dir='ltr'>illo</span> <span class='ocrx_word' id='word_1_249' title='bbox 1136 2243 1217 2287; x_wconf 87' lang='lat' dir='ltr'>illis</span> <span class='ocrx_word' id='word_1_250' title='bbox 1253 2247 1451 2296; x_wconf 74' lang='lat' dir='ltr'>salutem.</span> 
     </span>
     <span class='ocr_line' id='line_1_31' title="bbox 72 2284 695 2340; baseline 0.026 -16"><span class='ocrx_word' id='word_1_251' title='bbox 72 2284 154 2325; x_wconf 81' lang='lat' dir='ltr'>l&#39;ro</span> <span class='ocrx_word' id='word_1_252' title='bbox 175 2298 226 2328; x_wconf 86' lang='lat' dir='ltr'>eo</span> <span class='ocrx_word' id='word_1_253' title='bbox 245 2296 386 2330; x_wconf 81' lang='lat' dir='ltr'>autem</span> <span class='ocrx_word' id='word_1_254' title='bbox 407 2305 454 2333; x_wconf 84' lang='lat' dir='ltr'>ac</span> <span class='ocrx_word' id='word_1_255' title='bbox 477 2292 507 2334; x_wconf 87' lang='lat' dir='ltr'>si</span> <span class='ocrx_word' id='word_1_256' title='bbox 532 2294 695 2340; x_wconf 78' lang='lat' dir='ltr'>diceret</span> 
     </span>
    </p>
   </div>
   <div class='ocr_carea' id='block_1_8' title="bbox 1059 1480 1479 1603">
    <p class='ocr_par' dir='ltr' id='par_1_8' title="bbox 1059 1480 1479 1603">
     <span class='ocr_line' id='line_1_32' title="bbox 1224 1480 1479 1535; baseline 0.039 -15"><span class='ocrx_word' id='word_1_257' title='bbox 1224 1480 1322 1535; x_wconf 86' lang='lat' dir='ltr'>Dei,</span> <span class='ocrx_word' id='word_1_258' title='bbox 1350 1498 1479 1529; x_wconf 83' lang='lat' dir='ltr'>voca-</span> 
     </span>
     <span class='ocr_line' id='line_1_33' title="bbox 1059 1543 1472 1603; baseline 0.036 -19"><span class='ocrx_word' id='word_1_259' title='bbox 1059 1543 1371 1603; x_wconf 80' lang='lat' dir='ltr'>benignitatem</span> <span class='ocrx_word' id='word_1_260' title='bbox 1396 1557 1472 1599; x_wconf 88' lang='lat' dir='ltr'>Dei</span> 
     </span>
    </p>
   </div>
   <div class='ocr_carea' id='block_1_9' title="bbox 895 1900 1463 1956">
    <p class='ocr_par' dir='ltr' id='par_1_9' title="bbox 895 1900 1463 1956">
     <span class='ocr_line' id='line_1_34' title="bbox 895 1900 1463 1956; baseline 0.032 -26"><span class='ocrx_word' id='word_1_261' title='bbox 895 1900 1041 1945; x_wconf 80' lang='lat' dir='ltr'>perat,</span> <span class='ocrx_word' id='word_1_262' title='bbox 1069 1909 1196 1940; x_wconf 83' lang='lat' dir='ltr'>nemo</span> <span class='ocrx_word' id='word_1_263' title='bbox 1222 1909 1355 1956; x_wconf 80' lang='lat' dir='ltr'>potest</span> <span class='ocrx_word' id='word_1_264' title='bbox 1386 1906 1463 1948; x_wconf 78' lang='lat' dir='ltr'>sihi</span> 
     </span>
    </p>
   </div>
   <div class='ocr_carea' id='block_1_10' title="bbox 65 2300 1455 2615">
    <p class='ocr_par' dir='ltr' id='par_1_10' title="bbox 65 2300 1455 2615">
     <span class='ocr_line' id='line_1_35' title="bbox 715 2300 1455 2375; baseline 0.035 -35"><span class='ocrx_word' id='word_1_265' title='bbox 715 2300 915 2358; x_wconf 69' lang='lat' dir='ltr'>salutem,</span> <span class='ocrx_word' id='word_1_266' title='bbox 946 2326 964 2347; x_wconf 93' lang='lat'>«</span> <span class='ocrx_word' id='word_1_267' title='bbox 991 2310 1163 2366; x_wconf 79' lang='lat' dir='ltr'>Gratia,</span> <span class='ocrx_word' id='word_1_268' title='bbox 1189 2315 1354 2375; x_wconf 78' lang='lat' dir='ltr'>inquit,</span> <span class='ocrx_word' id='word_1_269' title='bbox 1381 2337 1455 2365; x_wconf 82' lang='lat' dir='ltr'>vo·</span> 
     </span>
     <span class='ocr_line' id='line_1_36' title="bbox 71 2352 1448 2435; baseline 0.031 -42"><span class='ocrx_word' id='word_1_270' title='bbox 71 2369 90 2392; x_wconf 70' lang='grc' dir='ltr'><strong>υ</strong></span> <span class='ocrx_word' id='word_1_271' title='bbox 108 2352 170 2397; x_wconf 86' lang='lat' dir='ltr'>bis</span> <span class='ocrx_word' id='word_1_272' title='bbox 193 2365 234 2398; x_wconf 88' lang='lat' dir='ltr'>et</span> <span class='ocrx_word' id='word_1_273' title='bbox 258 2372 337 2414; x_wconf 80' lang='lat' dir='ltr'>pax</span> <span class='ocrx_word' id='word_1_274' title='bbox 361 2375 382 2402; x_wconf 88' lang='lat' dir='ltr'>a</span> <span class='ocrx_word' id='word_1_275' title='bbox 404 2363 487 2405; x_wconf 78' lang='lat' dir='ltr'>neo</span> <span class='ocrx_word' id='word_1_276' title='bbox 516 2367 636 2408; x_wconf 78' lang='lat' dir='ltr'>Patre</span> <span class='ocrx_word' id='word_1_277' title='bbox 661 2380 823 2426; x_wconf 78' lang='lat' dir='ltr'>nostro,</span> <span class='ocrx_word' id='word_1_278' title='bbox 841 2385 882 2419; x_wconf 78' lang='lat' dir='ltr'>et</span> <span class='ocrx_word' id='word_1_279' title='bbox 904 2380 1084 2423; x_wconf 81' lang='lat' dir='ltr'>Domino</span> <span class='ocrx_word' id='word_1_280' title='bbox 1107 2385 1207 2428; x_wconf 54' lang='lat' dir='ltr'>,lesu</span> <span class='ocrx_word' id='word_1_281' title='bbox 1231 2388 1448 2435; x_wconf 76' lang='lat' dir='ltr'>Christo.»</span> 
     </span>
     <span class='ocr_line' id='line_1_37' title="bbox 67 2423 1313 2500; baseline 0.03 -36"><span class='ocrx_word' id='word_1_282' title='bbox 67 2423 161 2466; x_wconf 85' lang='lat' dir='ltr'>Non</span> <span class='ocrx_word' id='word_1_283' title='bbox 184 2426 295 2468; x_wconf 87' lang='lat' dir='ltr'>enim</span> <span class='ocrx_word' id='word_1_284' title='bbox 331 2431 469 2474; x_wconf 84' lang='lat' dir='ltr'>omnis</span> <span class='ocrx_word' id='word_1_285' title='bbox 493 2437 626 2491; x_wconf 77' lang='lat' dir='ltr'>gratia</span> <span class='ocrx_word' id='word_1_286' title='bbox 661 2449 722 2482; x_wconf 76' lang='lat' dir='ltr'>est</span> <span class='ocrx_word' id='word_1_287' title='bbox 744 2457 764 2484; x_wconf 83' lang='lat' dir='ltr'>a</span> <span class='ocrx_word' id='word_1_288' title='bbox 790 2446 891 2487; x_wconf 65' lang='lat' dir='ltr'>noo.</span> <span class='ocrx_word' id='word_1_289' title='bbox 927 2449 1031 2490; x_wconf 88' lang='lat' dir='ltr'>Nam</span> <span class='ocrx_word' id='word_1_290' title='bbox 1066 2460 1108 2494; x_wconf 78' lang='lat' dir='ltr'>et</span> <span class='ocrx_word' id='word_1_291' title='bbox 1140 2455 1313 2500; x_wconf 66' lang='lat' dir='ltr'>judit-os</span> 
     </span>
     <span class='ocr_line' id='line_1_38' title="bbox 65 2494 635 2552; baseline 0.028 -20"><span class='ocrx_word' id='word_1_292' title='bbox 65 2494 259 2548; x_wconf 65' lang='lat' dir='ltr'>praebent</span> <span class='ocrx_word' id='word_1_293' title='bbox 282 2499 457 2552; x_wconf 74' lang='lat' dir='ltr'>gratiani</span> <span class='ocrx_word' id='word_1_294' title='bbox 484 2503 525 2545; x_wconf 83' lang='lat' dir='ltr'>in</span> <span class='ocrx_word' id='word_1_295' title='bbox 550 2507 635 2548; x_wconf 67' lang='lat' dir='ltr'>:wei</span> 
     </span>
     <span class='ocr_line' id='line_1_39' title="bbox 68 2560 225 2615; baseline 0.032 -13"><span class='ocrx_word' id='word_1_296' title='bbox 68 2560 192 2606; x_wconf 68' lang='lat' dir='ltr'>illecti</span> <span class='ocrx_word' id='word_1_297' title='bbox 216 2600 225 2615; x_wconf 82' lang='grc'>,</span> 
     </span>
    </p>
   </div>
   <div class='ocr_carea' id='block_1_11' title="bbox 113 2463 1451 2693">
    <p class='ocr_par' dir='ltr' id='par_1_11' title="bbox 113 2463 1451 2693">
     <span class='ocr_line' id='line_1_40' title="bbox 1352 2463 1448 2506; baseline 0.031 -3"><span class='ocrx_word' id='word_1_298' title='bbox 1352 2463 1448 2506; x_wconf 72' lang='lat' dir='ltr'>mali</span> 
     </span>
     <span class='ocr_line' id='line_1_41' title="bbox 644 2509 1451 2584; baseline 0.035 -37"><span class='ocrx_word' id='word_1_299' title='bbox 644 2509 809 2565; x_wconf 59' lang='lat' dir='ltr'>[fiendis</span> <span class='ocrx_word' id='word_1_300' title='bbox 836 2518 1024 2570; x_wconf 56' lang='lat' dir='ltr'>personis</span> <span class='ocrx_word' id='word_1_301' title='bbox 1043 2519 1183 2580; x_wconf 69' lang='lat' dir='ltr'>aliqua</span> <span class='ocrx_word' id='word_1_302' title='bbox 1211 2529 1451 2584; x_wconf 64' lang='lat' dir='ltr'>cupiditati·</span> 
     </span>
     <span class='ocr_line' id='line_1_42' title="bbox 262 2571 1443 2651; baseline 0.031 -44"><span class='ocrx_word' id='word_1_303' title='bbox 262 2577 336 2610; x_wconf 88' lang='lat' dir='ltr'>aut</span> <span class='ocrx_word' id='word_1_304' title='bbox 375 2571 527 2615; x_wconf 72' lang='lat' dir='ltr'>timon·</span> <span class='ocrx_word' id='word_1_305' title='bbox 563 2580 790 2632; x_wconf 60' lang='lat' dir='ltr'>perterriti.</span> <span class='ocrx_word' id='word_1_306' title='bbox 822 2586 969 2642; x_wconf 71' lang='grc' dir='ltr'>Ννιμιι·</span> <span class='ocrx_word' id='word_1_307' title='bbox 991 2592 1130 2633; x_wconf 68' lang='lat' dir='ltr'>omnis</span> <span class='ocrx_word' id='word_1_308' title='bbox 1156 2610 1231 2651; x_wconf 70' lang='lat' dir='ltr'>pax</span> <span class='ocrx_word' id='word_1_309' title='bbox 1259 2599 1327 2640; x_wconf 64' lang='lat' dir='ltr'>nvi</span> <span class='ocrx_word' id='word_1_310' title='bbox 1357 2612 1412 2644; x_wconf 66' lang='lat' dir='ltr'>vs!</span> <span class='ocrx_word' id='word_1_311' title='bbox 1435 2639 1443 2648; x_wconf 83' lang='grc'>,</span> 
     </span>
     <span class='ocr_line' id='line_1_43' title="bbox 113 2650 396 2693; baseline 0.035 -19"><span class='ocrx_word' id='word_1_312' title='bbox 113 2652 117 2666; x_wconf 88' lang='lat'>¹</span> <span class='ocrx_word' id='word_1_313' title='bbox 152 2650 259 2679; x_wconf 62' lang='lat' dir='ltr'>iix-:iii</span> <span class='ocrx_word' id='word_1_314' title='bbox 298 2663 335 2685; x_wconf 59' lang='grc' dir='ltr'>ιν,</span> <span class='ocrx_word' id='word_1_315' title='bbox 362 2666 396 2693; x_wconf 63' lang='lat' dir='ltr'>iq)</span> 
     </span>
    </p>
   </div>
  </div>
 </body>
</html>
