1924 3309
458 282 539 321 114
891 296 925 322 s.
961 293 1191 322 Anousnm
1224 293 1404 320 EPISCOPI

442 360 615 404 turione
635 359 840 405 Cornelio
863 358 1068 404 defendit
1094 358 1212 418 apud
1233 360 1257 401 J
1263 356 1411 401 udaeos
1424 357 1511 417 ‘qui
1533 355 1807 400 crediderant
1824 389 1837 412 ,

446 429 611 486 dicens,
637 446 729 475 non
748 446 794 475 se
816 431 1006 490 potuisse
1028 443 1187 489 aquam
1210 443 1370 487 negare
1389 425 1490 481 illis,
1511 442 1620 486 quos
1631 428 1719 486 jam
1741 427 1840 486 Spi-
1894 484 1896 487 v

445 502 578 546 ritum
599 511 801 547 sanctum
819 502 1032 561 accepisse
1049 499 1308 544 claruerat1.
1330 501 1441 543 Nam
1463 506 1506 541 et
1530 498 1622 557 ipso
1645 497 1843 555 gravissi·
1894 494 1900 548 J

445 587 518 617 mo
539 571 806 617 documento
826 572 960 616 etiam
983 570 1180 629 superius
1204 584 1306 613 usus
1338 577 1403 612 est
1432 566 1592 611 Paulus
1608 602 1619 622 ‚
1644 582 1746 612 cum
1769 565 1841 611 di-
1894 563 1896 616 ᾇ

443 651 581 688 ceret:
597 661 618 685 «
634 645 728 687 Hoc
750 641 892 687 solum
908 639 1010 686 volo
1030 639 1196 684 discere
1218 655 1242 683 a
1257 638 1398 693 vobis,
1418 653 1470 682 ex
1493 637 1698 697 operibus
1716 635 1842 695 Legis
1894 652 1896 658 ’

440 731 460 754 u
498 713 707 772 Spiritum
739 712 986 771 accepistis,
1026 726 1081 755 an
1115 726 1165 754 ex
1198 708 1353 754 auditu.
1382 707 1486 752 fidei
1516 710 1556 752 ²?
1583 727 1602 749 »
1629 710 1688 752 Et
1709 705 1842 766 paulo
1894 725 1897 755 ε

440 793 537 843 post
557 803 566 829 ε
595 803 616 827 «
641 784 726 837 Qui
747 799 850 842 ergo
869 782 1022 826 tribuit
1043 781 1173 826 vobis
1198 781 1411 840 Spiritum
1428 815 1439 834 ‚
1465 788 1509 823 et
1532 779 1714 822 virtutes
1732 792 1842 838 ope—
1896 775 1897 778 ’

443 873 464 895 »
499 863 620 899 ratur
640 855 687 899 in
703 854 844 909 vobis,
869 869 921 898 ex
941 853 1147 914 operibus
1165 852 1310 911 Legis,
1329 867 1384 895 an
1403 866 1453 894 ex
1471 849 1626 894 auditu
1645 847 1746 892 fidei
1762 849 1838 890 ³?»
1896 862 1898 898 g

439 926 506 971 Sic
528 935 570 970 et
589 926 657 970 hic
679 961 690 981 ‚
719 944 740 969 «
762 926 981 979 Quoniam
996 960 1007 980 ‚
1039 924 1215 984 inquit,
1244 923 1322 967 filii
1348 922 1423 966 Dei
1441 921 1541 966 estis
1556 957 1567 974 ‚
1590 920 1706 964 misit
1729 923 1844 964 Deus
1896 943 1897 959 2

442 1015 463 1038 »
501 997 711 1056 Spiritum
740 996 839 1041 Filii
876 996 942 1041 sui
976 996 1022 1040 in
1055 994 1189 1041 corda
1221 1004 1362 1041 vestra
1395 993 1659 1038 clamantem
1675 1026 1687 1048 ‚
1713 990 1844 1036 Abba
1896 1006 1897 1040 j

455 1085 475 1108 »
510 1070 652 1111 Pater.
683 1085 704 1109 »
1896 1114 1898 1116 Ι

499 1140 689 1183 XXXII.
715 1138 882 1182 Deinde
906 1135 1258 1181 manifestissime
1291 1135 1513 1190 ostendit,
1539 1133 1594 1178 de
1625 1134 1693 1178 his
1715 1133 1844 1177 etiam

439 1224 485 1254 se
505 1209 648 1254 dicere
666 1244 677 1264 ‚
713 1209 791 1269 qui
819 1224 870 1252 ex
892 1208 1115 1253 Gentibus
1152 1208 1210 1252 ad
1228 1206 1362 1251 fidem
1385 1215 1620 1260 venerant,
1657 1204 1714 1248 ad
1734 1219 1845 1264 quos
1894 1215 1899 1238 ³

450 1279 581 1324 etiam
602 1278 830 1339 epistolam
845 1279 1019 1323 scribit:
1041 1298 1060 1320 α
1078 1280 1232 1338 Itaque
1254 1278 1361 1336 jam,
1379 1277 1540 1337 inquit,
1566 1291 1657 1320 non
1673 1284 1738 1319 est
1754 1290 1846 1318 ser-
1897 1285 1899 1293 ·

453 1368 472 1392 »
506 1366 586 1395 vus
605 1385 617 1405 ‚
641 1348 718 1394 sed
739 1349 879 1393 filius⁴
903 1367 912 1393 ε
936 1367 956 1390 »
983 1359 1159 1407 propter
1181 1347 1226 1390 id
1246 1346 1368 1407 quod
1399 1346 1568 1391 dixerat
1594 1365 1603 1391 z
1629 1365 1649 1388 «
1670 1343 1847 1399 Qandiu
1897 1343 1899 1356 ¹

455 1439 477 1463 n
511 1423 649 1466 haeres
665 1420 871 1481 parvulus
887 1429 965 1475 est,
978 1419 1088 1463 nihil
1100 1418 1248 1463 diflert
1268 1435 1291 1463 a
1304 1434 1429 1463 servo
1441 1420 1472 1462 ⁵.
1490 1418 1533 1463 Si
1551 1427 1697 1462 autem
1713 1416 1844 1471 filius,

458 1511 480 1535 »
512 1493 679 1553 inquit,
704 1501 747 1536 et
767 1492 926 1545 haeres,
948 1506 1026 1550 per
1047 1490 1214 1534 Deum⁶
1240 1497 1297 1535 ί»
1324 1490 1370 1533 id
1387 1498 1451 1533 est
1465 1523 1476 1544 ,
1506 1504 1584 1547 per
1607 1487 1849 1532 misericor-

453 1563 571 1607 diam
594 1563 670 1607 Dei
687 1597 698 1618 ,
718 1578 809 1606 non
831 1577 908 1621 per
928 1560 1233 1620 promissiones
1254 1563 1435 1604 Patrum
1455 1593 1466 1613 ,
1491 1558 1546 1602 de
1565 1559 1728 1618 quibus
1749 1573 1848 1602 car·
1897 1543 1900 1559 ¹

457 1633 613 1679 naliter
633 1634 743 1678 sicut
760 1635 784 1677 J
789 1632 903 1676 udaei
920 1640 1047 1675 natus
1061 1646 1150 1674 non
1164 1639 1228 1674 est
1244 1650 1256 1687 3
1273 1628 1348 1673 sed
1366 1638 1514 1672 tamen
1531 1628 1647 1672 filius
1660 1628 1849 1672 Abrahae
1898 1633 1901 1664 ῖ

457 1704 699 1750 secundum
722 1702 1008 1746 imitationem
1036 1700 1167 1755 fidei,
1189 1701 1313 1759 cujus
1333 1699 1437 1742 fidei
1464 1699 1645 1758 gratiam
1668 1714 1745 1758 per
1765 1698 1850 1742 mi-
1900 1699 1901 1705 ’

460 1773 736 1821 sericordiam
754 1771 928 1817 Domini
950 1770 1124 1814 meruit.
1153 1789 1174 1812 «
1205 1769 1289 1814 Sed
1309 1778 1414 1814 tunc
1433 1769 1612 1829 quidem
1630 1803 1641 1824 ,
1672 1768 1817 1828 inquit
1834 1803 1846 1824 ,
1898 1763 1901 1786 '³

467 1866 488 1890 η
522 1847 770 1906 ignorantes
790 1847 927 1888 Deum
940 1877 952 1897 ‚
978 1842 1044 1886 his
1065 1842 1141 1901 qui
1170 1841 1428 1884 naturaliter
1449 1856 1536 1884 non
1555 1849 1658 1884 sunt
1677 1839 1738 1884 dii
1759 1855 1850 1884 ser·

468 1938 488 1960 n
522 1917 683 1961 vistis7.
697 1933 717 1956 »
731 1917 858 1959 Nunc
880 1921 996 1957 certe
1015 1911 1118 1971 quia
1138 1926 1227 1955 non
1249 1913 1272 1954 J
1279 1910 1414 1954 udaeis
1435 1910 1586 1954 scribit
1600 1945 1611 1965 ‚
1636 1909 1711 1954 sed
1734 1912 1852 1954 Gen-
1899 1940 1901 1959 i

466 1989 608 2045 tibus3
627 2001 708 2030 nec
730 1985 788 2028 ait
809 1982 1077 2037 servivimus,
1102 1981 1210 2026 sed«
1227 1982 1412 2026 servistis
1433 2000 1443 2026 :
1463 2000 1483 2023 »
1504 1981 1605 2025 satis
1624 1980 1851 2040 probabile

471 2069 536 2104 est
556 2058 686 2102 etiam
708 2054 904 2115 superius
919 2052 973 2097 de
995 2053 1209 2097 Gentibus
1228 2052 1412 2107 dictum,
1428 2052 1547 2112 quod
1570 2052 1652 2096 sub
1669 2052 1852 2096 elemen-

472 2131 524 2176 tis
544 2131 674 2190 hujus
702 2125 855 2171 mundi
886 2134 1011 2169 erant
1031 2124 1284 2178 servientes,
1309 2132 1516 2183 tanquam
1539 2123 1619 2167 sub
1641 2139 1852 2183 procura-

475 2201 642 2247 toribus
665 2208 708 2243 et
728 2196 948 2242 actoribus
961 2197 992 2238 8.
1007 2198 1114 2239 Nam
1132 2195 1222 2254 ipsa
1245 2194 1458 2238 elementa
1474 2195 1627 2255 utique
1643 2210 1733 2238 non
1753 2190 1854 2238 sunt

479 2271 730 2317 naturaliter
761 2269 849 2322 dii,
874 2268 968 2327 sive
984 2267 1028 2310 in
1051 2266 1163 2311 coelo
1181 2301 1192 2321 ‚
1221 2266 1368 2309 sivein
1393 2275 1505 2310 terra
1533 2285 1542 2311 :
1567 2265 1855 2326 quemadmo-
1906 2263 1910 2318 ζ

478 2343 583 2387 dum
623 2340 747 2384 multi
769 2338 852 2393 dii,
882 2347 926 2381 ct
952 2336 1118 2380 domini
1142 2335 1292 2379 multi9
1327 2357 1336 2380 ;
1360 2336 1435 2379 sed
1458 2336 1584 2380 nobis
1607 2351 1720 2380 unus
1742 2338 1854 2380 Deus

484 2418 628 2466 Pater,
667 2427 718 2453 ex
752 2424 840 2469 quo
871 2408 1014 2452 omnia
1033 2441 1044 2462 ‚
1069 2415 1111 2450 et
1132 2422 1208 2450 nos
1226 2407 1269 2449 in
1292 2406 1413 2465 ipso;
1438 2415 1481 2450 et
1513 2422 1626 2450 unus
1648 2407 1856 2450 Dominus
1901 2395 1910 2419 ³

480 2488 602 2529 jesus
619 2481 842 2535 Christus,
869 2495 944 2539 per
964 2494 1095 2538 quem
1115 2477 1260 2522 omnia
1278 2511 1288 2532 ‚
1308 2486 1351 2520 et
1374 2492 1451 2521 nos
1474 2493 1550 2537 per
1571 2478 1854 2537 ipsum.Cum

535 2587 544 2604 ¹
570 2582 643 2613 Act.
659 2587 694 2619 x,
712 2577 765 2619 47.
787 2593 828 2600 --
843 2582 856 2599 ²
871 2575 976 2609 Galat.
990 2585 1041 2613 ιιι,
1059 2582 1144 2606 2.-
1161 2571 1173 2596 3
1191 2572 1276 2605 Ibid.
1293 2572 1324 2605 5.
1347 2588 1389 2595 —
1407 2571 1423 2601 4
1441 2573 1488 2605 ld.
1511 2584 1662 2615 1v‚7.—
1681 2571 1697 2596 5
1711 2572 1791 2606 Ibid.
1824 2583 1854 2605 1.
1895 2546 1909 2570 5

483 2652 524 2660 ·-
537 2634 552 2659 ⁶
566 2635 647 2669 lbid,
670 2642 702 2677 7.
725 2648 765 2657 —
785 2639 798 2667 7
817 2631 899 2666 lbid.
915 2632 949 2665 8,
966 2646 1010 2656 --
1025 2629 1041 2655 8
1058 2629 1142 2666 Ibid.
1162 2639 1194 2663 2.
1214 2645 1255 2653 —
1270 2635 1287 2664 9
1309 2639 1324 2662 1
1342 2630 1416 2663 Cor.
1436 2639 1509 2669 vm,
1527 2628 1558 2663 5.
1896 2622 1905 2635 '³
