1924 3309
489 261 570 300 238
935 271 968 300 s.
1003 273 1234 301 AUGUsTlNl
1266 275 1446 304 EPISCOPI

485 339 596 383 sicut
612 347 818 398 apostatae
834 338 1024 397 faciunt3
1049 340 1124 383 sed
1147 348 1357 400 tanquam
1379 356 1558 385 manens
1578 341 1624 384 in
1645 340 1778 386 domo
1789 342 1868 387 viri

484 409 546 455 vtui
570 408 758 454 admittis
791 409 1011 455 adulteros
1036 429 1045 454 z
1070 409 1223 472 idest,
1255 420 1464 473 tanquam
1487 413 1758 458 Christianus
1778 428 1868 459 non

487 479 667 525 dimittis
698 480 934 525 Ecclesiam
958 516 969 536 ‚
1005 481 1194 526 consulis
1216 485 1570 538 mathematicos,
1610 493 1687 529 aut
1717 485 1868 530 harus-

487 553 623 612 pices,
646 562 721 597 aut
743 569 942 612 augures,
964 562 1039 597 aut
1055 553 1288 611 maleficos,
1313 557 1434 615 quasi
1451 556 1505 600 de
1522 557 1602 601 viri
1625 556 1757 601 domo
1779 571 1867 601 non

485 624 690 668 recedens
706 623 901 668 adultera
925 624 1088 678 anima,
1112 633 1155 668 et
1173 641 1350 670 manens
1372 626 1417 670 in
1440 628 1531 687 ejus
1553 627 1757 687 conjugio
1777 625 1866 671 for-

484 694 653 738 nicaris.
681 694 845 738 Dicitur
863 694 963 749 tibi,
992 713 1012 737 «
1052 698 1115 742 Ne
1139 696 1320 756 accipias
1342 697 1388 741 in
1418 712 1581 742 vanum
1604 713 1766 742 nomen
1790 697 1865 741 Dei

488 783 508 807 »
543 766 654 809 tui¹.
679 784 699 806 »
720 767 782 810 Ne
803 765 1016 810 existimes
1033 776 1275 811 creaturam
1294 783 1384 812 esse
1406 768 1650 824 Christum,
1671 760 1772 830 quia
1788 783 1866 828 pro

486 846 528 881 te
548 836 734 896 suscepit
755 847 997 882 creaturam
1022 857 1032 883 2
1053 848 1095 882 et
1113 848 1161 883 tu
1191 839 1432 884 contemnis
1454 855 1554 884 eum
1582 840 1658 901 qui
1687 839 1868 901 aequalis
1919 853 1924 883 ¹.

485 916 549 951 est
565 908 681 951 Patri
699 941 710 962 ‚
737 917 780 952 et
802 924 937 952 unum
963 924 1063 953 cum
1086 913 1226 954 Patre.
1253 910 1418 954 Dicitur
1441 911 1520 954 tibi
1549 920 1599 954 ut
1620 909 1867 970 spiritaliter
1918 943 1919 946 η

485 977 685 1023 observes
705 979 937 1023 sabbatum
960 995 968 1020 :
989 995 1078 1024 non
1099 980 1322 1040 quomodo
1344 983 1368 1024 J
1376 980 1489 1024 udaei
1511 981 1744 1025 observant
1766 981 1867 1025 sab·
1890 1008 1892 1011 ·

486 1048 640 1092 batum
661 1048 823 1094 carnali
859 1050 973 1107 oti03
998 1065 1149 1094 vacare
1171 1051 1287 1094 enim
1308 1050 1463 1095 volunt
1482 1051 1538 1095 ad
1558 1066 1705 1110 -nugas
1739 1060 1869 1111 atque
1922 1072 1924 1075 ⁴

484 1118 674 1165 luxurias
708 1124 849 1165 suas2.
898 1121 1054 1166 Melius
1095 1122 1211 1166 enim
1259 1122 1421 1166 faceret
1457 1125 1481 1166 J
1488 1121 1637 1166 udaeus
1682 1122 1727 1166 in
1767 1137 1870 1181 agro
1919 1139 1924 1166 ι

485 1205 563 1235 suo
583 1190 747 1250 aliquid
773 1190 905 1246 utile,
928 1207 1060 1252 quam
1095 1192 1141 1235 in
1162 1192 1333 1236 theatro
1370 1191 1598 1237 seditiosus
1631 1192 1830 1236 existeret
1855 1211 1864 1238 :
1921 1211 1924 1235 ;

484 1270 526 1305 et
560 1261 712 1305 melius
743 1259 936 1305 foeminae
973 1277 1124 1306 eorum
1159 1262 1229 1306 die
1264 1263 1434 1307 sabbati
1468 1264 1614 1307 lanam
1645 1262 1864 1319 facerent,
1919 1272 1924 1305 1

483 1347 615 1391 quam
636 1341 729 1376 toto
751 1332 822 1375 die
843 1331 890 1375 in
911 1333 1120 1376 menianis
1143 1333 1230 1377 suis
1260 1332 1481 1391 impudice
1516 1333 1738 1379 saltarent.
1779 1334 1870 1378 Tibi

486 1413 631 1448 autem
661 1403 822 1448 dicitur
855 1412 905 1447 ut
936 1404 1138 1448 observes
1164 1404 1412 1463 spiritaliter
1433 1405 1688 1460 sabbatum,
1725 1405 1770 1449 in
1798 1419 1872 1465 spe

485 1474 646 1519 futurae
679 1475 864 1535 quietis,
900 1491 1031 1535 quam
1057 1475 1135 1519 tibi
1167 1476 1381 1535 promittit
1415 1477 1637 1520 Dominus.
1670 1453 1903 1538 Quisquis*¹

485 1546 600 1590 enim
618 1555 795 1605 propter
816 1545 934 1590 illam
950 1547 1142 1606 quietem
1167 1545 1357 1591 futuram
1373 1548 1460 1605 agit
1477 1547 1694 1607 quidquid
1712 1556 1868 1606 potest,

485 1619 682 1678 quamvis
694 1617 960 1662 laboriosum
977 1618 1176 1663 videatur
1194 1618 1315 1678 quod
1332 1620 1442 1677 agit3
1462 1628 1609 1663 tamen
1622 1619 1655 1663 si
1673 1618 1727 1663 ad
1741 1619 1872 1663 fidem

487 1689 705 1748 promissae
742 1688 899 1748 quietis
921 1688 966 1732 id
996 1687 1154 1743 refert,
1193 1689 1391 1732 nondum
1423 1687 1603 1748 quidem
1641 1689 1872 1733 sabbatum
1920 1707 1924 1726 2

485 1760 618 1802 habet
641 1759 687 1802 in
704 1774 749 1801 re
766 1793 777 1812 ,
807 1758 883 1802 sed
905 1758 1038 1802 habet
1072 1757 1116 1801 in
1140 1774 1228 1817 spe.
1257 1761 1322 1802 Tu
1345 1768 1492 1803 autem
1514 1760 1569 1803 ad
1604 1760 1685 1803 hoc
1715 1759 1780 1803 vis
1802 1773 1872 1802 re-

485 1831 727 1889 quiescere,
755 1838 803 1872 ut
825 1829 1017 1885 labores3
1055 1844 1157 1872 cum
1188 1828 1242 1872 ad
1276 1830 1357 1872 hoc
1380 1829 1540 1873 debeas
1578 1829 1798 1884 laborare,
1824 1838 1873 1875 ut

486 1900 741 1959 requiescas,
768 1898 933 1942 Dicitur
967 1898 1048 1941 tibi
1069 1933 1079 1952 ‚
1109 1917 1129 1939 «
1155 1900 1331 1942 Honora
1360 1908 1527 1957 patrem
1549 1907 1678 1942 tuum
1704 1908 1747 1943 et
1780 1915 1871 1944 ma-

489 1989 508 2012 »
536 1980 645 2014 trem
661 1970 817 2013 tuam3.
829 1971 921 2012 »Tu
936 1978 1083 2012 autem
1101 1968 1412 2013 contum'eliam
1425 1970 1585 2026 irrogas
1598 1970 1864 2029 parentibus,

485 2056 617 2100 quam
632 2056 719 2084 non
734 2040 796 2084 vis
813 2039 900 2098 pati
913 2055 934 2083 a
952 2038 1047 2082 filiis
1062 2040 1159 2083 tuis.
1178 2039 1343 2083 Dicitur
1361 2039 1438 2083 tibi
1459 2058 1468 2084 ε
1487 2058 1505 2081 «
1520 2042 1618 2085 Non
1632 2039 1864 2084 occides4.»

487 2115 550 2156 Tu
575 2120 720 2155 autem
743 2109 940 2154 occidere
960 2109 1022 2154 vis
1044 2109 1269 2153 inimicum
1288 2119 1414 2153 tuum
1433 2128 1442 2153 ε
1469 2119 1512 2153 et
1530 2108 1628 2154 ideo
1648 2108 1759 2154 forte
1784 2125 1870 2154 non

485 2184 603 2238 facis⁷
616 2183 717 2243 quia
731 2183 853 2226 times
862 2181 1055 2242 judicem
1071 2181 1292 2225 hominem
1302 2217 1310 2231 ‚
1322 2197 1411 2225 non
1425 2181 1525 2241 quia
1539 2182 1701 2241 cogitas
1714 2185 1866 2226 Deum.
1903 2203 1908 2277 ς

487 2258 661 2313 Ignoras
681 2254 779 2314 quia
804 2253 877 2297 ille
897 2253 1015 2297 testis
1050 2262 1113 2297 est
1130 2253 1479 2311 cogitationum?
1509 2252 1590 2297 Illo
1613 2253 1710 2298 vivo
1739 2267 1868 2313 quem
1904 2281 1908 2304 1

486 2327 549 2370 vis
572 2326 697 2380 mori,
714 2334 756 2369 te
777 2324 1038 2369 homicidam
1060 2332 1177 2367 tenet
1196 2324 1240 2366 in
1261 2325 1406 2367 corde.
1426 2323 1592 2367 Dicitur
1609 2324 1690 2367 tibi
1708 2343 1716 2368 z
1739 2325 1870 2369 «Non
1904 2306 1908 2388 l

491 2414 510 2437 »
548 2396 853 2440 moechaberis-‘²
872 2415 880 2439 :
906 2414 924 2436 »
943 2393 988 2438 id
1001 2403 1080 2449 est,
1097 2409 1183 2438 non
1200 2394 1281 2437 ibis
1296 2393 1349 2437 ad
1363 2393 1551 2453 aliquam
1567 2392 1691 2437 aliam
1711 2403 1866 2453 praeter
1904 2389 1909 2475 ἱ

488 2482 666 2511 uxorem
695 2476 831 2511 tuam.
855 2470 921 2511 Tu
938 2474 1083 2510 autem
1109 2466 1239 2525 exigis
1257 2466 1339 2510 hoc
1373 2466 1427 2509 ab
1452 2481 1606 2521 uxore,
1631 2474 1674 2510 et
1696 2481 1784 2510 non
1805 2464 1866 2509 vis
1906 2478 1909 2520 ξ

1895 1639 1904 1677 ,ε

539 2570 546 2584 ¹
569 2563 664 2594 Exoil.
688 2573 744 2604 xx,
761 2573 790 2604 7.
813 2579 854 2585 —
874 2569 886 2585 ²
905 2562 982 2595 eod.
1002 2565 1085 2595 Cass.
1104 2571 1125 2593 ιι
1141 2586 1149 2601 ,
1169 2560 1226 2593 sol.
1252 2572 1263 2592 1
1276 2560 1313 2596 16
1334 2572 1340 2591 z
1363 2573 1378 2588 «
1399 2561 1514 2593 Melius
1531 2566 1636 2594 autem
1655 2561 1771 2604 aliquid
1789 2560 1867 2593 utile

492 2622 679 2661 operentur.
698 2618 815 2652 Melius
834 2617 940 2660 enim,
967 2621 1078 2651 etc.—
1095 2615 1108 2641 3
1122 2617 1220 2651 Exod.
1240 2627 1294 2659 xx,
1318 2615 1439 2650 12--4
1456 2617 1537 2651 lbid.
1564 2617 1660 2651 13.-
1681 2615 1695 2641 ⁵
1713 2616 1793 2650 lbid.
1819 2623 1866 2658 ιι..

1908 2559 1909 2583 i

1908 2586 1909 2607 i

1907 2708 1910 2735 1

1908 2739 1910 2762 ι

1907 2796 1910 2884 Ξ

1906 2887 1910 2948 ἱ

1906 2970 1911 3037 ὲ

1907 3040 1911 3118 ἐ

1909 3122 1912 3143 ι
