1924 3309
489 230 572 270 418
927 239 961 270 s.
995 239 1225 271 Aueuszrrm
1257 242 1439 270 Emscom

480 306 552 351 eui
574 319 618 349 es
640 303 932 351 venundatus.
967 306 1083 351 Audi
1105 306 1348 366 apostolum
1380 309 1593 351 Joannem
1618 324 1627 351 ε
1662 324 1684 349 «
1711 309 1870 351 Pecca-
1895 342 1899 357 <

485 394 506 418 »
542 385 638 420 tum
654 375 860 437 iniquitas
876 386 940 422 est
956 379 987 421 ¹.
1008 379 1206 423 »Contra
1225 377 1357 421 talem
1384 393 1486 437 ergo
1503 377 1724 422 dominam
1742 377 1870 423 invo-
1898 425 1899 430 ,

480 462 627 492 camus
662 449 898 493 Dominum
917 484 927 504 ,
954 449 1027 493 cui
1055 447 1241 492 dicimus
1271 466 1279 491 :
1317 467 1336 489 «
1365 449 1542 493 Gressus
1579 464 1696 493 meos
1734 447 1870 507 dirige

485 535 507 561 n
541 518 784 564 seeundum
799 519 983 565 verbum
1001 527 1146 575 tuum,
1162 527 1205 562 et
1228 533 1318 563 non
1339 517 1588 564 dominetur
1606 519 1712 564 mihi
1731 518 1871 564 omnis

488 607 510 632 >)
544 590 766 651 iniquitas.
796 608 817 632 »
1896 585 1897 593 ¹

542 663 601 705 II.
618 660 907 706 Venundatus
927 658 1102 714 clamat,
1119 657 1369 718 redemptor
1386 658 1601 704 exaudiat.
1623 662 1718 718 Ipse
1738 660 1873 705 homo

481 746 525 777 se
546 731 746 777 vendidit
768 745 846 791 per
867 729 1056 774 liberum
1080 729 1312 775 arbitrium
1333 730 1416 774 sub
1438 729 1692 774 dominante
1711 730 1873 791 iniqui-

481 810 594 858 tate,
619 811 663 846 et
684 802 850 861 accepit
878 801 1068 860 pretium
1087 800 1287 859 exiguam
1310 799 1365 844 de
1385 800 1539 845 arbore
1557 800 1692 846 vetita
1712 800 1872 861 volup-

480 881 631 917 tatem.
666 874 762 931 Ipse
795 885 896 930 ergo
929 870 1116 927 clamat,
1153 871 1315 917 Itinera
1346 885 1443 916 mea
1465 871 1629 930 dirige,
1669 887 1769 932 quae
1791 885 1872 929 ego

481 941 680 987 distorsi:
711 960 731 984 «
756 944 934 988 Gressus
951 957 1070 987 meos
1089 941 1246 1000 dirige,
1274 960 1294 984 »
1321 957 1429 1002 quos
1450 942 1541 1001 ipse
1569 957 1667 986 meo
1689 941 1869 987 arbitrio

479 1011 714 1072 depravavi
735 1031 747 1057 2
774 1031 796 1055 «
815 1012 951 1071 dirige
972 1012 1220 1057 secundum
1243 1012 1429 1057 verbum
1451 1021 1593 1056 tuum.
1614 1029 1634 1053 »
1659 1011 1776 1070 Quid
1793 1020 1872 1067 est,

483 1101 504 1125 «
538 1082 676 1143 dirige
698 1082 940 1128 secundum
962 1083 1147 1128 verbum
1169 1084 1326 1127 tuum?
1342 1103 1359 1124 »
1383 1084 1442 1126 Ut
1464 1082 1575 1127 recti
1596 1082 1682 1127 sint
1705 1095 1874 1141 gressus

481 1154 589 1208 mei,
611 1154 715 1213 quia
736 1163 906 1198 rectum
924 1163 988 1198 est
1007 1154 1194 1199 verbum
1216 1163 1358 1198 tuum.
1381 1155 1473 1211 Ego
1490 1188 1500 1208 ‚
1525 1153 1668 1213 inquit
1683 1187 1695 1208 ,
1715 1152 1876 1197 distor-

481 1232 550 1267 tus
579 1238 677 1267 Sum
705 1223 785 1267 sub
814 1223 1009 1282 pondere
1039 1223 1280 1283 iniquitatis
1297 1257 1308 1278 ,
1343 1221 1418 1266 sed
1450 1223 1633 1267 verbum
1664 1231 1792 1266 tuum
1812 1230 1893 1266 est

481 1292 631 1352 regula
665 1294 857 1337 veritatis
884 1312 894 1339 ;
926 1309 996 1337 me
1023 1308 1126 1352 ergo
1149 1309 1173 1337 a
1202 1309 1272 1337 me
1302 1293 1558 1348 distortum,
1585 1294 1752 1352 corrige
1779 1302 1876 1337 tan-

482 1379 617 1425 quam
655 1364 711 1408 ad
743 1363 940 1423 regulam
959 1399 970 1419 ‚
1008 1364 1094 1408 hoe
1131 1374 1220 1419 est,
1251 1363 1307 1408 ad
1327 1363 1514 1408 verbum
1537 1373 1720 1408 rectum.
1761 1362 1891 1421 Ergo

487 1453 508 1477 «
545 1436 723 1479 Gressus
739 1450 858 1479 meos
880 1434 1017 1493 dirige
1037 1433 1280 1478 seeundum
1298 1434 1482 1477 verbum
1499 1443 1643 1489 tuum,
1660 1443 1704 1478 et
1725 1449 1780 1478 ne
1801 1433 1891 1479 do-

486 1524 508 1547 »
543 1506 733 1550 minetur
765 1505 872 1549 mihi
901 1505 1042 1549 omnis
1073 1505 1293 1566 iniquitas.
1321 1522 1340 1545 »
1368 1503 1558 1548 Vendidi
1587 1519 1679 1559 me,
1713 1503 1877 1549 redime

481 1590 567 1620 me.
593 1575 783 1620 Vendidi
805 1591 874 1620 me
909 1575 1088 1620 arbitrio
1111 1590 1232 1630 meo,
1257 1573 1423 1619 redime
1447 1589 1517 1618 me
1538 1574 1749 1634 sanguine
1780 1584 1872 1619 tuo.

483 1648 536 1688 In
558 1645 784 1690 venditore
806 1646 1034 1690 erubescat
1055 1645 1273 1704 superbia,
1298 1645 1344 1688 in
1367 1645 1644 1704 redemptore
1662 1644 1889 1703 glorietur

487 1715 637 1773 gratia.
665 1718 781 1758 Deus
803 1715 918 1758 enim
939 1715 1135 1771 superbis
1157 1715 1336 1770 resistit,
1370 1715 1611 1760 humilibus
1635 1723 1782 1759 autem
1802 1713 1889 1760 dat
1923 1751 1924 1778 ἢ

492 1785 673 1844 gratiam
686 1787 719 1829 ².
1886 1835 1887 1839 Ἰ
1922 1823 1924 1850 Ι

548 1858 631 1899 III.
657 1874 677 1896 «
696 1857 785 1898 Lex
802 1854 919 1897 enim
935 1852 1137 1913 spiritalis
1159 1863 1221 1898 est
1243 1875 1254 1911 3
1279 1869 1358 1912 ego
1384 1864 1531 1899 autem
1551 1855 1734 1900 carnalis
1755 1870 1887 1926 sum,
1921 1887 1924 1920 ¹

491 1946 512 1969 »
547 1925 823 1970 venundatus
840 1925 921 1968 sub
936 1934 1130 1983 peccato.
1148 1925 1279 1977 Quod
1295 1926 1409 1969 enim
1427 1941 1583 1985 operor
1603 1927 1757 1986 ignoro
1769 1946 1778 1971 :
1789 1941 1846 1971 no

493 2015 513 2039 »
549 1997 664 2040 enim
693 1995 814 2056 quod
833 1994 935 2039 volo
954 2010 1050 2053 ago.
1078 1997 1177 2041 Non
1212 1995 1334 2055 quod
1361 1996 1462 2041 volo
1483 1998 1594 2056 ago³
1613 2032 1624 2052 ‚
1651 2015 1672 2039 n
1697 1996 1858 2041 carnali
1884 2020 1885 2023 ¹

490 2069 595 2113 dicit
617 2087 627 2113 :
648 2083 739 2112 non
761 2070 936 2125 Legem,
952 2066 1028 2110 sed
1045 2082 1089 2110 se
1114 2076 1302 2111 accusat.
1328 2069 1437 2113 Nam
1461 2070 1548 2111 Lex
1570 2068 1770 2127 spiritalis
1788 2083 1846 2112 no

490 2139 625 2183 habet
658 2138 833 2197 culpam
854 2156 863 2182 ε
888 2136 1071 2181 carnalis
1093 2137 1370 2181 venundatus
1401 2137 1586 2183 incurrit
1615 2139 1661 2182 in
1683 2137 1885 2197 culpam.

494 2213 592 2256 Non
615 2210 705 2268 agit
733 2210 854 2268 quod
877 2208 970 2252 vult
996 2227 1005 2252 ε
1031 2223 1132 2252 eum
1151 2208 1248 2252 vult
1270 2223 1359 2252 non
1380 2217 1524 2266 potest
1540 2243 1551 2263 ‚
1576 2209 1679 2268 quia
1701 2210 1887 2272 quand·

493 2289 665 2340 poterat
686 2279 843 2323 noluit.
876 2282 956 2322 Per
980 2278 1143 2322 malum
1166 2278 1278 2322 velle
1295 2313 1305 2331 ‚
1331 2277 1519 2337 perdidit
1538 2279 1704 2323 bonum
1726 2294 1873 2338 posse.-

496 2362 539 2396 et
559 2352 756 2410 captivus
782 2352 869 2410 jam
893 2349 1111 2409 loquitur,
1138 2358 1181 2392 et
1202 2349 1308 2393 dicit
1341 2349 1537 2407 captivus
1558 2368 1567 2394 :
1596 2368 1615 2391 «
1639 2352 1737 2394 Non
1759 2365 1876 2409 quo·

497 2440 516 2463 »
552 2421 653 2466 volo
671 2436 765 2479 ago.
788 2422 885 2465 Non
909 2419 1024 2462 enim
1048 2417 1167 2479 quod
1188 2417 1302 2473 volo,
1320 2418 1431 2463 facio
1453 2420 1621 2463 bonum
1636 2437 1645 2464 :
1662 2417 1737 2462 sed
1758 2434 1867 2479 quo·

497 2511 516 2534 »
553 2492 626 2538 odi
647 2491 833 2546 malum,
869 2491 952 2535 hoc
975 2504 1069 2549 ago.
1094 2493 1191 2536 Non
1213 2489 1333 2550 quod
1354 2489 1470 2535 volo.
1500 2508 1520 2532 »
1543 2493 1600 2535 Et
1625 2499 1776 2536 contra
1792 2491 1851 2536 ho
1880 2506 1881 2536 3
1903 2526 1906 2529 .

543 2585 553 2602 ¹
577 2589 589 2611 1
606 2580 699 2610 Joan.
720 2588 752 2619 v,
774 2587 824 2618 17.
841 2593 882 2599 —
900 2582 912 2600 ²
932 2575 1045 2609 Jacob.
1061 2585 1106 2617 iv,
1124 2575 1157 2607 6.
1179 2591 1220 2598 -
1241 2573 1256 2600 ³
1281 2575 1373 2608 Rom.
1393 2585 1449 2617 vu,
1478 2573 1532 2616 14,
1549 2578 1616 2609 etc.
