1867 3320
325 231 464 262 sssmvto
496 233 602 273 XLV,
637 235 691 262 DE
724 236 868 265 VERBIS
900 237 1043 279 1SA1AE‚
1078 243 1183 271 ΠΗ.
1355 234 1436 274 543

64 292 261 338 dendum
283 306 479 341 montem
501 306 722 343 terrenum
740 300 794 344 ad
808 303 1024 348 avaritiam
1041 320 1118 349 nos
1134 322 1436 367 praeparamus,

67 379 156 408 non
177 364 233 409 ad
250 366 472 424 pietatem.
502 368 586 413 Sed
604 369 712 429 quid
732 370 940 416 debemus
957 373 1194 434 intelligere
1218 382 1441 424 montem?

63 434 313 479 Obscurum
335 445 400 480 est
422 436 530 497 quid
548 437 702 482 dixerit
717 449 924 485 montem.
945 442 1028 486 Sed
1041 444 1074 486 si
1094 444 1347 492 deseruisset
1362 463 1440 494 nos

68 506 204 560 Deus,
229 520 446 566 nusquam
468 517 614 566 aperte
635 507 796 553 diceret
823 511 930 570 quid
950 512 1002 554 sit
1032 527 1167 557 mons.
1197 517 1277 560 Ubi
1295 527 1439 561 autem

64 572 172 618 dicit
189 584 359 634 aperte,
384 576 446 620 ibi
468 592 564 621 ama
582 587 789 622 montem.
811 580 895 623 Ubi
912 590 1057 640 aperte
1072 583 1149 626 tibi
1169 586 1441 630 commendat

66 655 287 701 montem,
313 655 357 690 et
377 646 469 705 ipsa
491 648 711 707 Scriptura
732 664 776 693 se
796 651 931 709 aperit
958 651 1064 711 quid
1085 652 1199 697 dicat
1221 666 1411 699 montem
1428 690 1439 711 ,

64 713 127 758 ibi
162 714 288 760 illum
317 733 428 762 ama.
465 719 608 763 Etiam
640 720 717 763 ubi
746 720 927 765 audieris
948 723 1140 781 promitti
1165 734 1354 769 montem
1378 735 1443 769 ta-

63 781 151 829 lem
167 819 179 841 ‚
209 784 337 830 illum
359 802 540 848 sequere
561 808 571 834 ι
597 789 770 850 qualem
795 791 943 835 amasti
972 791 1017 835 in
1034 803 1206 851 aperto,
1232 794 1360 838 talem
1376 795 1444 838 in-

64 854 212 915 tellige
233 855 280 900 in
299 857 502 904 obscuro.
524 860 606 903 Ubi
625 869 827 919 putamus
849 860 1014 905 dietum
1037 872 1229 907 montem
1247 899 1257 920 ‚
1278 874 1326 909 ut
1345 880 1443 923 pos-

64 925 197 970 simus
235 941 314 971 nos
353 929 565 974 mundare
607 931 663 973 ab
695 930 813 974 omni
847 931 1200 991 coinquinatione
1234 935 1371 979 carnis
1399 943 1442 979 et

66 996 271 1056 spiritus?
293 999 399 1052 Quis
422 1015 547 1044 mons
570 1001 695 1044 nobis
716 1001 948 1059 promissus
967 1005 1059 1045 est?

109 1068 185 1111 IV.
203 1067 348 1113 Primo
372 1078 484 1113 terra
506 1069 646 1129 qualis
668 1070 792 1113 nobis
814 1071 1080 1128 promittitur
1101 1072 1299 1128 sciamus,
1314 1089 1445 1132 quam

67 1138 254 1198 suspirat
280 1138 472 1199 quodam
499 1138 598 1185 loco
625 1141 835 1199 propheta
869 1140 1003 1184 David
1021 1176 1032 1196 ,
1063 1151 1105 1185 et
1131 1141 1235 1186 dicit
1260 1162 1267 1187 :
1297 1162 1317 1185 «
1344 1146 1446 1202 Spes

71 1226 93 1250 »
127 1224 225 1254 mea
240 1225 284 1254 es
301 1219 351 1254 tu
365 1246 376 1267 ‚
394 1211 537 1270 portio
554 1226 651 1255 mea
667 1212 713 1255 in
737 1221 846 1255 terra
867 1211 1107 1256 viventium
1120 1215 1177 1257 ¹.»
1198 1214 1351 1257 Procul
1368 1214 1445 1258 du-

68 1278 143 1323 bio
163 1294 265 1338 ergo
286 1289 350 1325 est
369 1280 571 1341 quaedam
594 1290 706 1325 terra
727 1281 980 1336 viventium,
999 1283 1097 1342 quia
1122 1284 1199 1327 ista
1224 1293 1333 1327 terra
1348 1299 1443 1328 mo-

67 1350 275 1394 rientium
304 1359 383 1395 est.
408 1354 497 1396 Aut
519 1352 551 1395 si
575 1351 728 1412 aliquis
759 1352 804 1395 in
825 1352 904 1396 ista
940 1361 1050 1396 terra
1084 1364 1329 1398 nasceretur
1365 1354 1445 1398 nisi

66 1421 320 1477 moriturus,
337 1437 427 1466 non
449 1422 614 1467 diceret
634 1422 753 1466 illam
777 1431 932 1467 terram
950 1423 1204 1477 viventium,
1230 1425 1310 1467 nisi
1327 1439 1446 1468 com-

66 1506 222 1551 parans
243 1492 368 1537 istam
385 1501 544 1537 terram
561 1502 605 1537 et
621 1492 843 1536 inveniens
866 1508 959 1537 eam
983 1502 1136 1537 terram
1154 1508 1242 1537 esse
1264 1495 1446 1538 morien-

67 1563 193 1607 tium.
219 1566 297 1608 Est
319 1578 422 1623 ergo
444 1573 557 1608 terra
579 1563 816 1608 viventium
843 1583 851 1608 :
877 1579 975 1608 nam
998 1579 1098 1608 cum
1120 1573 1277 1608 aeterna
1296 1574 1338 1608 et
1355 1580 1445 1608 coe-

66 1631 183 1677 lestis
205 1633 258 1677 sit
272 1667 283 1689 ,
304 1643 417 1678 terra
439 1633 600 1678 dicitur
621 1634 723 1693 quia
746 1633 987 1692 possidetur
1004 1668 1015 1688 ‚
1048 1649 1136 1677 non
1159 1635 1259 1693 quia
1282 1644 1440 1678 aratur.

67 1702 213 1747 Habet
235 1703 353 1747 enim
381 1719 664 1763 possessorem
686 1704 777 1747 sine
798 1701 945 1746 labore
964 1722 972 1747 ·.
999 1705 1099 1762 quia
1117 1713 1160 1747 et
1183 1705 1259 1748 ista
1286 1719 1447 1763 posses-

66 1788 208 1819 sorem
229 1789 357 1819 suum
379 1785 550 1820 exercet
570 1775 616 1818 in
637 1774 803 1828 labore,
830 1783 872 1817 et
892 1774 1043 1832 fatigat
1066 1775 1108 1817 in
1132 1776 1296 1818 timore.
1330 1775 1446 1828 Quid

69 1845 148 1890 tibi
180 1845 368 1890 dicitur?
404 1848 564 1903 Surge,
596 1860 668 1889 ara
701 1855 885 1898 terram,
924 1854 971 1888 ut
995 1846 1126 1903 possis
1150 1846 1307 1888 habere
1330 1845 1446 1888 uude

66 1915 197 1960 vivas.
224 1918 280 1959 Et
307 1915 412 1960 velis
435 1914 545 1959 nolis
562 1950 572 1970 ,
598 1930 772 1974 gemens
795 1924 837 1958 et
861 1916 1076 1973 suspirans
1094 1917 1255 1972 surgis,
1279 1925 1321 1959 et
1339 1931 1445 1974 ope-

65 1986 198 2044 raris3
222 1987 323 2046 quia
342 1987 538 2046 sequitur
560 1994 602 2030 tc
623 1985 836 2030 sententia
858 1985 1049 2028 damnati
1071 1983 1208 2028 Adam
1237 2003 1244 2028 :
1268 2005 1287 2026 «
1312 1988 1358 2028 ln
1381 1984 1446 2028 la-

70 2074 91 2098 »
126 2057 232 2102 bore
250 2057 399 2102 vultus
417 2057 479 2101 tui
501 2057 601 2101 edes
619 2072 775 2116 panem
799 2065 921 2101 tuum
934 2060 965 2099 ².
997 2075 1016 2096 »
1037 2058 1147 2100 Cum
1171 2065 1312 2099 nutem
1334 2066 1446 2099 tran-

0 2158 2 2167 .
66 2127 185 2172 sierit
206 2129 346 2172 omnis
375 2127 501 2172 labor
525 2136 568 2171 ct
589 2128 772 2186 gemitus
789 2162 800 2182 ,
822 2128 978 2170 erimus
999 2127 1042 2169 in
1066 2135 1171 2168 terra
1190 2127 1441 2170 viventium.

67 2197 186 2245 Nihil
202 2199 263 2243 ibi
281 2199 473 2243 nascitur
489 2200 697 2242 etcrescit
713 2218 722 2243 :
739 2197 953 2258 quidquid
970 2198 1025 2240 ibi
1044 2207 1120 2250 est,
1143 2197 1291 2241 eodem
1316 2198 1444 2241 modo

70 2278 160 2325 est,
186 2270 244 2314 sic
260 2279 323 2314 est
336 2285 519 2329 semper.
536 2272 631 2315 Non
653 2269 713 2312 ibi
736 2268 948 2312 alternant
972 2268 1119 2325 hyems
1140 2277 1178 2310 et
1204 2278 1340 2321 (estas,
1360 2283 1443 2312 nox

73 2349 117 2385 ct
136 2340 242 2385 dies.
267 2342 347 2385 Hic
367 2341 624 2395 seminatur,
657 2350 707 2384 ut
729 2341 787 2384 ibi
808 2348 1019 2396 metatur3
1044 2340 1075 2382 si
1102 2348 1243 2382 tamen
1261 2340 1446 2383 semina·

74 2421 162 2457 tur.
183 2413 288 2466 Quis
310 2422 374 2457 est
396 2414 507 2456 enim
533 2413 607 2473 qui
629 2413 807 2456 seminat
826 2412 972 2464 l1i‹·,nt
996 2411 1051 2453 ibi
1074 2419 1202 2454 metat
1218 2414 1236 2454 ἰ)
1251 2411 1329 2464 Qui
1348 2426 1444 2453 ero·—

74 2492 146 2543 gat
162 2483 444 2544 pauperibus.
461 2482 665 2543 Erogatio
679 2482 942 2544 pauperibus
955 2482 1114 2527 semina
1123 2482 1179 2526 tio
1194 2491 1254 2526 est
1267 2482 1309 2525 iu
1321 2491 1444 2526 terra.

123 2574 132 2593 ¹
154 2568 234 2603 Psal.
247 2579 329 2602 exn.
351 2571 383 2602 8.
402 2585 444 2592 —
459 2575 471 2592 ²
487 2569 565 2602 Gen.
585 2578 637 2611 ui,
653 2579 704 2611 19.
