1924 3309
416 258 500 297 440
857 269 890 297 s.
928 270 1156 299 Aucus-mm
1191 272 1372 298 131215001‘1

418 334 592 385 fraudis,
619 334 681 377 vis
702 334 843 378 lacere
866 335 1062 379 fraudem
1080 370 1091 389 ,
1117 343 1166 378 ut
1188 336 1383 394 acquiras
1407 334 1632 394 pecuniam
1657 353 1664 378 :
1692 349 1797 393 pro-

413 404 547 448 mittit
584 407 696 448 Deus
736 404 936 449 fraudem
981 420 1069 448 non
1097 404 1355 449 facientibus
1383 405 1642 463 sempiterna
1664 419 1799 462 regna

413 473 625 519 coelorum
641 509 651 529 ‚
677 474 811 519 vincit
838 484 880 518 te
904 474 1116 533 cupiditas
1140 473 1195 517 ad
1216 475 1461 532 pecuniam.
1487 477 1596 518 Nam
1619 474 1715 533 quis
1737 483 1801 518 est

413 546 490 606 qui
523 545 634 590 nolit
661 561 791 604 regna
814 545 1054 590 coelorum?
1080 544 1164 588 Sed
1182 544 1279 603 plus
1301 543 1412 588 velle
1432 553 1618 599 terrena,
1639 545 1723 588 hoc
1737 553 1801 588 est

411 631 590 676 peccare
611 636 618 661 :
640 616 738 676 plus
755 617 865 660 velle
884 615 1003 675 quod
1025 630 1213 674 praesens
1248 624 1334 669 est,
1371 629 1460 657 non
1482 613 1658 658 credere
1680 613 1802 674 quod

412 688 612 731 futurum
630 696 693 730 est
715 707 726 743 3
746 687 843 745 plus
863 685 974 728 velle
992 685 1114 744 quod
1136 684 1253 728 videt
1275 684 1423 738 homo,
1450 693 1494 727 et
1522 699 1612 728 non
1632 683 1802 727 deside-

412 772 505 800 rare
537 755 657 816 quod
699 755 914 814 promittit
948 757 1062 797 Deus
1095 771 1105 796 .-
1142 769 1240 797 cum
1274 754 1321 797 id
1353 752 1473 813 quod
1499 753 1619 797 videt
1649 755 1797 807 homo,

413 829 543 870 etiam
579 827 632 869 ab
663 825 798 869 oculis
833 833 975 884 potest
996 823 1178 878 auferri,
1219 824 1349 866 etiam
1378 837 1619 881 possessum
1661 832 1803 882 potest

412 896 551 940 amitti
580 893 660 951 3id
691 903 834 937 autem
859 892 978 953 quod
1014 892 1227 950 promittit
1254 896 1392 947 Deus,
1428 907 1509 935 nec
1545 891 1673 936 oculo
1708 907 1804 936 car-

412 966 476 1009 nis
513 965 649 1010 videri
682 965 855 1008 interim
897 973 1040 1023 potest
1068 985 1078 1020 3
1118 972 1160 1007 et
1190 978 1290 1007 cum
1315 963 1500 1022 quisque
1523 961 1577 1005 ad
1599 962 1677 1006 Dei
1699 977 1802 1021 pro-

412 1037 538 1080 missa
568 1036 834 1095 pervenerit,
874 1050 963 1078 non
992 1035 1115 1078 timet
1145 1049 1199 1077 ne
1228 1034 1423 1089 amittat3
1461 1033 1561 1093 quia
1589 1048 1718 1076 nemo
1740 1043 1803 1077 est

412 1106 632 1165 potentior
670 1104 744 1148 illo
772 1106 849 1164 qui
877 1103 1011 1148 dedit.
1051 1107 1230 1163 Itaque,
1271 1102 1445 1158 iratres,
1476 1103 1638 1146 haerete
1663 1103 1805 1146 chari-

412 1184 500 1218 tate
537 1174 752 1232 promissis
796 1173 870 1216 Dei
897 1194 908 1229 3
938 1183 981 1216 et
1013 1189 1102 1216 non
1133 1188 1209 1217 vos
1240 1173 1510 1231 superabunt
1546 1171 1805 1231 cupiditates

413 1243 576 1288 saeculi.

471 1315 567 1356 XV.
586 1315 774 1355 Rursum
793 1310 959 1354 timoris
977 1311 1160 1354 tentatio
1175 1309 1350 1354 advenit
1364 1310 1490 1354 :dicit
1504 1310 1583 1354 tibi
1601 1311 1802 1371 quisque,

415 1386 493 1430 Dic
522 1400 598 1442 pro
619 1399 689 1427 me
721 1383 877 1427 falsum
900 1383 1213 1426 testimonium.
1259 1382 1404 1426 Primo
1439 1383 1655 1442 promittit
1690 1402 1698 1426 :
1731 1381 1806 1427 sed

417 1471 519 1500 cum
542 1471 631 1499 non
648 1454 888 1513 deceperit,
914 1454 947 1497 si
971 1452 1082 1497 forte
1100 1468 1325 1512 praeponas
1347 1454 1555 1512 promissa
1578 1454 1652 1497 Dei
1675 1452 1806 1513 polli-

416 1526 612 1570 citationi
633 1525 879 1578 hominum,
903 1540 992 1568 non
1007 1524 1142 1568 vincit
1159 1522 1397 1582 cupiditas:
1423 1538 1500 1582 per
1511 1523 1808 1567 comminatio-

416 1610 517 1639 nem
539 1603 700 1648 tentat,
727 1603 768 1636 et
790 1594 943 1652 incipit
975 1593 1130 1636 minari
1157 1592 1395 1636 horribilia.
1424 1595 1583 1635 Potens
1605 1602 1669 1635 est
1695 1593 1808 1636 forte

416 1666 461 1709 in
482 1664 680 1718 civitate,
706 1672 860 1722 potens
883 1663 929 1705 in
956 1662 1136 1717 saeculo,
1178 1662 1350 1705 videtur
1380 1677 1503 1720 posse
1526 1660 1666 1705 facere
1688 1663 1808 1721 quod

416 1735 622 1778 minatur.
648 1733 792 1775 Vincit
808 1741 849 1774 te
867 1732 997 1774 timor
1014 1731 1233 1789 praesentis
1252 1730 1353 1774 mali
1382 1750 1390 1775 ;
1415 1730 1537 1790 quod
1558 1740 1600 1774 et
1625 1741 1767 1790 posset
1785 1747 1808 1775 a

418 1813 460 1848 te
482 1804 637 1862 utique
658 1805 770 1845 Deus
784 1810 991 1855 avertere,
1014 1801 1043 1843 si
1060 1803 1140 1844 hoc
1160 1800 1223 1843 illi
1241 1800 1462 1844 videretur
1482 1802 1684 1860 prodesse
1700 1802 1802 1846 tibi:

419 1884 461 1918 et
489 1874 523 1916 si
560 1871 698 1917 nollet
720 1880 934 1924 avertere,
972 1870 1213 1928 intelligere
1235 1870 1438 1925 deberes,
1470 1871 1571 1930 quia
1605 1886 1694 1916 non
1727 1872 1807 1915 tibi

418 1943 687 2004 permitteret
704 1942 892 1994 evenire,
918 1940 998 1983 nisi
1010 1950 1053 1984 et
1070 1941 1153 1984 hoc
1171 1940 1297 1984 sciret
1312 1939 1514 1998 prodesse
1527 1941 1621 1984 tibi.
1640 1942 1808 1987 Avertit

418 2016 564 2072 ignem
586 2014 609 2055 a
645 2012 783 2055 tribus
813 2011 956 2070 pueris
989 2010 1104 2054 idem
1127 2017 1251 2054 Deus.
1286 2011 1512 2070 Numquid
1534 2021 1726 2056 mutatus
1745 2021 1809 2056 est

421 2088 548 2138 Deus,
575 2083 677 2142 quia
699 2097 787 2125 non
811 2082 966 2125 avertit
1000 2080 1191 2139 gladium
1214 2083 1236 2124 a
1260 2082 1553 2138 Martyribus?
1575 2080 1695 2125 Idem
1718 2083 1808 2142 ipse

421 2154 504 2198 fuit
536 2157 649 2197 Deus
676 2153 808 2195 trium
834 2166 1093 2211 puerorum,
1121 2151 1195 2210 qui
1220 2150 1304 2195 fuit
1326 2152 1695 2196 Machabaeorum.
1740 2152 1806 2196 Illi

421 2223 475 2266 de
519 2223 618 2280 igne
650 2230 907 2276 evaserunt,
948 2220 1009 2263 illi
1038 2220 1213 2278 ignibus
1249 2220 1426 2264 cruciati
1460 2229 1561 2264 sunt
1590 2240 1599 2265 :
1633 2222 1808 2281 utrique

425 2302 567 2337 tamen
585 2293 628 2334 in
654 2294 742 2334 Deo
760 2293 1023 2349 sempiterno
1052 2290 1265 2333 vicerunt.
1288 2293 1385 2335 Non
1400 2291 1512 2333 enim
1533 2299 1608 2334 aut
1636 2290 1699 2334 illi
1722 2292 1807 2335 vita

422 2364 501 2405 ista
527 2360 751 2419 temporali
774 2359 1121 2414 delectabantur,
1151 2368 1225 2401 aut
1257 2359 1319 2401 illi
1343 2359 1470 2402 minis
1496 2359 1807 2419 temporalibus

428 2429 756 2490 frangebantur.

488 2503 601 2543 xvi.
630 2504 782 2559 ltaque
807 2499 895 2543 noli
910 2500 1059 2542 timere
1079 2498 1299 2542 hominem
1314 2499 1552 2542 minantem
1571 2499 1664 2543 tibi.
1692 2499 1806 2551 Quid

1915 409 1924 429 i)

1920 817 1924 823 ⁴
1919 759 1924 785 ,-.-.
1918 682 1924 716 .-.-
1917 617 1924 644 με
1916 541 1923 574 ,ἡ
1916 470 1922 503 .-.
