1924 3309
501 269 555 310 34
698 266 706 275 ³
939 281 972 310 s.
1009 281 1237 310 Aueus'nm
1270 283 1450 309 Emscom

493 355 545 391 ut
566 345 807 403 credamus,
825 355 868 390 et
885 341 1163 391 credentibus
1189 356 1417 406 praestatur
1434 355 1483 390 ut
1502 347 1612 390 bene
1634 361 1880 405 operemur,

493 433 584 464 non
605 427 668 463 est
689 419 904 463 Gentibus
926 419 1004 463 ista
1033 418 1265 463 invidenda
1287 418 1620 473 111ise1=icordia¹‚
1638 419 1759 478 quasi
1774 433 1885 477 prae-

490 488 580 534 lato
603 489 760 534 merito
786 489 1044 535 Judaeorum
1062 525 1072 545 ‚
1099 490 1220 549 quod
1241 489 1413 533 nullum
1437 499 1516 534 est.

551 561 683 605 LXV.
709 559 840 614 Quod
862 569 1009 605 autem
1027 559 1133 604 dicit
1155 579 1200 605 z«
1218 562 1348 604 Isaias
1370 568 1516 603 autem
1534 558 1695 603 clamat
1717 573 1797 617 pro
1822 561 1885 602 Is-

498 648 518 672 »
555 630 670 686 rael,
699 631 743 675 Si
765 629 896 674 fuerit
917 645 1124 674 numerus
1146 629 1336 674 filiorum
1354 628 1486 673 Israel
1508 627 1630 687 quasi
1648 643 1776 671 arena
1799 643 1883 672 ma·

497 718 517 741 »
550 701 620 755 ris,
641 699 836 760 reliquiae
853 699 981 745 salvae
1002 701 1160 755 fient²‚
1185 700 1411 745 »ostendit
1434 698 1809 758 quemadmodum
1830 698 1886 743 sit

493 773 607 814 Deus
641 770 749 829 lapis
775 770 1017 828 angularis,
1050 779 1289 830 utrumque
1322 770 1532 828 parietem
1563 769 1607 812 in
1631 784 1674 812 se
1695 770 1884 829 conjun-

493 856 595 899 gens
611 843 642 884 3.
671 841 985 885 Testimonium
1002 842 1119 885 enim
1148 842 1258 885 Osee
1281 841 1508 900 prophetae
1533 839 1698 884 dictum
1720 849 1783 884 est
1804 855 1884 899 pro
1923 880 1924 885 ,

492 911 704 955 Gentibus
727 930 735 955 ;
766 929 786 953 «
810 912 989 956 Vocabo
1007 927 1097 955 non
1119 910 1293 970 plebem
1315 926 1457 955 meam
1478 946 1488 965 ‚
1509 910 1683 969 plebem
1706 925 1846 954 meam
1868 945 1879 966 ,

493 999 513 1022 »
550 990 593 1025 et
627 998 716 1026 non
749 981 951 1026 dilectam
970 1017 980 1037 ,
1019 981 1284 1027 dilectam⁴z
1313 1000 1334 1024 »
1360 991 1404 1026 et
1430 985 1554 1026 Isaiae
1584 981 1884 1025 testimonium
1922 999 1924 1052 2

492 1052 660 1097 dictum
683 1062 747 1097 est
768 1069 848 1112 pro
868 1052 999 1098 Israel
1014 1088 1025 1109 ‚
1057 1054 1267 1114 quoniam
1290 1053 1483 1113 reliquiae
1503 1051 1632 1097 salvae
1662 1052 1771 1096 fient
1786 1086 1797 1107 ‚
1834 1060 1886 1096 ut
1923 1062 1924 1081 ¹

492 1123 595 1181 ipsae
627 1122 894 1183 deputentur
914 1123 959 1167 in
989 1138 1137 1167 semen
1168 1123 1381 1179 Abrahae,
1406 1139 1505 1183 quae
1528 1122 1811 1167 crediderunt
1838 1121 1884 1164 in
1922 1083 1924 1223 ἱ

494 1195 715 1239 Christum
733 1197 747 1221 5
767 1214 775 1239 :
796 1195 855 1239 ita
877 1195 1113 1239 concordes
1136 1195 1287 1239 ambos
1300 1194 1485 1254 populos
1501 1193 1622 1248 facit,
1641 1192 1883 1238 secundum

494 1273 538 1307 et
559 1265 732 1308 Domini
757 1266 1050 1309 testimonium
1064 1264 1246 1309 dicentis
1260 1265 1306 1307 in
1319 1264 1555 1322 Evangelio
1573 1263 1628 1307 de
1642 1263 1854 1307 Gentibus
1873 1282 1881 1307 :
1920 1225 1924 1367 1

500 1353 520 1376 «
556 1334 708 1378 Habeo
723 1333 826 1378 alias
849 1350 949 1379 oves
969 1350 1069 1394 quae
1088 1350 1179 1378 non
1199 1342 1302 1378 sunt
1314 1333 1369 1377 de
1389 1334 1474 1378 hoc
1496 1333 1614 1388 ovili,
1629 1349 1736 1394 quas
1753 1344 1883 1392 op'or-

497 1421 517 1444 »
554 1412 617 1448 tet
641 1419 711 1447 me
733 1403 949 1448 adducere
966 1438 977 1458 ,
1006 1413 1049 1447 et
1068 1404 1150 1447 erit
1171 1419 1284 1448 unus
1303 1419 1405 1462 grex
1420 1438 1430 1458 ‚
1456 1413 1500 1447 et
1516 1419 1629 1447 unus
1646 1406 1831 1462 pastorss.
1860 1419 1880 1444 »

552 1475 708 1517 LXVI.
730 1472 860 1526 Quod
880 1481 1027 1517 autem
1052 1474 1134 1518 ait:
1159 1476 1367 1517 «Fratres
1385 1508 1396 1528 ‚
1423 1476 1544 1517 Bona
1565 1473 1766 1518 voluntas
1788 1489 1885 1519 cor-

497 1563 518 1586 »
554 1543 619 1588 dis
636 1544 722 1587 mei
739 1553 781 1588 et
802 1543 1049 1604 deprecatio
1064 1544 1119 1588 ad
1132 1547 1272 1588 Deum
1288 1545 1337 1588 fit
1353 1559 1433 1603 pro
1449 1543 1532 1588 illis
1548 1544 1592 1588 in
1610 1543 1795 1589 salutem
1808 1546 1843 1589 ⁷:
1859 1562 1880 1586 »

491 1615 594 1658 hinc
609 1615 699 1674 jam
721 1615 873 1673 incipit
894 1613 949 1658 de
971 1629 1045 1674 spe
1065 1617 1085 1658 J
1094 1613 1320 1659 udaeorum
1347 1613 1469 1674 loqui
1487 1649 1498 1669 ,
1526 1629 1581 1659 ne
1603 1615 1735 1659 etiam
1762 1616 1882 1659 Gen-

491 1694 554 1729 tes
568 1684 791 1744 superbire
808 1672 998 1729 audeant
1013 1684 1216 1730 adversus
1228 1687 1252 1729 J
1258 1684 1418 1729 udaeOS.
1438 1685 1558 1730 Sicut
1575 1686 1691 1729 enim
1706 1688 1728 1730 J
1737 1684 1881 1731 udaeo-

491 1771 586 1799 rum
622 1756 822 1814 superbia
854 1754 1091 1799 refellenda
1128 1764 1220 1800 erat
1248 1764 1460 1815 tanquam
1483 1771 1534 1799 ex
1556 1756 1763 1816 operibus
1785 1755 1880 1816 glo—

490 1826 697 1870 riantium
719 1845 727 1871 :
749 1827 808 1870 sic
830 1835 873 1870 et
889 1826 1103 1870 Gentibus
1122 1825 1442 1870 occurrendum
1465 1835 1556 1882 est,
1583 1841 1638 1870 ne
1665 1836 1874 1887 tanquam
1893 1840 1896 1842 ·

493 1900 514 1941 J
522 1898 655 1942 udaeis
678 1897 844 1956 praelati
864 1898 1135 1957 superbiant.

549 1971 728 2013 LXVII.
752 1968 881 2022 Quod
904 1978 1050 2012 autem
1072 1968 1178 2013 dicit
1196 1988 1205 2013 :
1234 1987 1255 2011 «
1280 1971 1420 2028 Prope
1442 1977 1507 2012 est
1528 1968 1715 2013 verbum
1736 1969 1784 2013 in
1805 1984 1878 2015 ore

492 2059 512 2082 »
548 2049 645 2095 tuo,
671 2049 713 2084 et
734 2041 779 2084 in
803 2039 934 2085 corde
954 2049 1029 2085 tuo
1047 2074 1057 2094 ‚
1080 2040 1164 2084 hoc
1186 2049 1250 2084 est
1280 2040 1465 2084 verbum
1500 2039 1604 2083 fidei
1626 2041 1745 2100 quod
1767 2056 1880 2100 prae-

491 2129 510 2153 »
546 2112 768 2156 dicamus8
790 2131 798 2156 z
831 2112 932 2172 quia
957 2112 990 2155 si
1017 2111 1262 2155 confitearis
1282 2111 1330 2154 in
1355 2126 1429 2156 ore
1446 2119 1525 2155 tuo
1543 2111 1645 2172 quia
1664 2111 1875 2158 Dominus

492 2200 511 2223 »
547 2192 611 2226 est
631 2185 777 2238 Jcsus,
802 2191 846 2226 et
864 2181 1097 2226 credideris
1135 2181 1181 2225 in
1215 2181 1346 2226 corde
1369 2190 1446 2226 tuo
1476 2182 1579 2242 quia
1607 2185 1722 2227 Deus
1748 2182 1875 2228 illum

492 2271 513 2293 »
548 2254 809 2299 suscitavita
832 2254 1038 2308 mortuis,
1075 2252 1216 2297 salvus
1247 2253 1342 2297 eris.
1369 2253 1512 2299 Corde
1546 2254 1662 2298 enim
1685 2254 1877 2300 creditur
1920 2303 1921 2306 Ἰ

489 2341 509 2364 »
545 2323 599 2368 ad
615 2325 841 2384 justitiam,
859 2340 932 2369 ore
955 2333 1100 2369 autem
1122 2323 1334 2369 confessio
1357 2326 1406 2368 fit
1427 2325 1473 2369 in
1495 2325 1681 2370 salutem
1697 2328 1729 2370 ⁹.
1753 2343 1773 2368 »
1794 2329 1875 2371 To-

485 2402 554 2438 tus
573 2395 640 2438 hic
663 2394 783 2439 locus
800 2395 856 2440 ad
871 2394 980 2440 illud
995 2395 1201 2450 refertur,
1217 2395 1338 2455 quod
1352 2396 1552 2455 superius
1569 2396 1678 2443 dixit
1701 2416 1711 2443 ε
1732 2415 1753 2440 α
1770 2399 1876 2441 Ver-

535 2516 542 2532 ¹
564 2512 707 2543 Reti-act.
729 2521 817 2551 xxm,
837 2522 866 2542 n.
888 2510 920 2552 3,
935 2509 1014 2553 4,-
1034 2517 1045 2533 ²
1063 2512 1280 2551 R01n.1x‚27,
1299 2514 1334 2542 et
1349 2511 1421 2543 lsa'i.
1437 2521 1470 2552 x,
1490 2509 1747 2554 22.—3Ep11es.
1765 2522 1800 2554 11,
1818 2521 1870 2545 20.

486 2585 527 2590 —-
546 2569 560 2597 4
582 2569 663 2600 Osee
692 2579 725 2607 u,
752 2566 806 2608 24.
829 2584 869 2590 -
888 2566 902 2590 ⁵
926 2569 998 2602 lsai'.
1019 2578 1052 2609 x,
1084 2575 1137 2600 22.
1159 2564 1229 2590 -6
1247 2569 1339 2600 Joan.
1359 2578 1401 2610 x,
1423 2566 1473 2603 16.
1496 2575 1564 2604 -7
1596 2570 1689 2603 Rom.
1713 2579 1752 2610 x,
1775 2579 1806 2602 1.
1829 2585 1870 2592 —
1918 2570 1919 2574 ’

489 2625 503 2644 ⁵
524 2624 604 2656 thid.
630 2623 664 2665 8,
682 2629 713 2656 ct
731 2625 824 2656 Deut.
844 2634 919 2666 xxx,
945 2622 997 2665 ¹4·
1014 2639 1055 2647 —-
1073 2630 1088 2655 9
1103 2624 1191 2657 Rom.
1210 2634 1242 2665 x,
1257 2635 1292 2666 9,
1313 2633 1363 2657 ιο,
