1924 3309
474 226 557 261 280
913 231 946 260 S.
983 231 1214 261 Aucusrmi
1246 233 1427 262 EPISCOPI

474 304 602 344 Deus,
629 300 842 360 Loquitur
864 299 1100 360 aliquando
1124 313 1199 357 per
1222 299 1400 360 aliquod
1418 301 1779 357 instrumentum,
1805 303 1861 346 si-
1881 328 1885 358 k

471 380 545 415 cut
568 385 644 430 per
684 368 878 414 codicem
912 369 1156 414 divinarum
1191 370 1513 429 Scripturarum
1537 391 1544 415 :
1568 371 1765 430 loquitur
1784 387 1862 431 per
1882 359 1886 419 i

473 440 652 501 aliquod
674 441 937 485 elementum
962 437 1116 482 mundi
1133 473 1144 493 ‚
1165 439 1275 484 sicut
1295 456 1371 499 per
1393 440 1560 485 stellam
1580 441 1717 499 Magis
1737 441 1862 485 locu-

476 522 541 557 tus
561 521 624 556 est
638 515 668 556 1.
690 512 807 565 Quid
833 520 895 555 est
917 511 1033 554 enim
1054 510 1217 555 locutio
1233 546 1244 566 ‚
1269 511 1351 555 nisi
1375 512 1636 570 significatio
1656 511 1863 557 volunta-

473 585 551 630 tis?
565 583 781 642 Loquitur
798 598 874 642 per
896 591 1072 636 sortem,
1097 582 1208 625 sicut
1229 581 1283 626 de
1305 583 1489 627 Matthia
1505 583 1551 627 in
1573 583 1720 627 locum
1738 585 1761 627 J
1767 583 1864 627 udae
1886 595 1891 647 q

473 653 718 700 ordinando
740 654 912 698 locutus
935 661 998 696 est
1021 672 1028 696 :
1056 651 1254 712 loquitur
1276 669 1353 713 per
1377 655 1566 698 animam
1593 653 1827 698 humanam
1851 689 1862 710 ,
1888 654 1893 703 1

473 728 584 770 sicut·
605 741 682 784 per
706 725 968 783 Prophetam
994 743 1002 768 z
1028 723 1224 784 loquitur
1246 740 1323 784 per
1357 724 1575 784 Angelum
1596 760 1607 780 ,
1643 725 1755 769 sicut
1785 729 1867 769 Pa·
1899 722 1903 725 ’

476 797 761 840 triarcharum
795 803 837 838 et
861 795 1177 853 Prophetarum
1202 803 1245 838 et
1266 794 1578 854 Apostolorum
1602 795 1866 855 quibusdam

479 867 675 911 locutum
698 881 787 910 esse
811 866 1045 925 accipimus
1057 869 1074 891 '²
1100 885 1110 910 ;
1134 865 1331 926 loquitur
1362 881 1438 925 per
1462 866 1651 926 aliquam
1672 866 1868 911 vocalem
1893 874 1897 907 1

477 947 794 998 sonantemque
816 945 1057 981 creaturam
1071 972 1081 991 ⁷
1108 937 1219 981 sicut
1238 936 1292 980 de
1310 936 1424 981 coelo
1442 951 1567 981 voces
1589 935 1724 981 factas
1740 972 1751 991 ,
1768 953 1870 981 curn
1894 909 1899 968 l

478 1008 615 1053 oculis
639 1008 786 1052 nullus
808 1007 1047 1062 videretur,
1072 1007 1256 1066 legimus
1278 1018 1321 1052 et
1343 1017 1554 1052 tenemus.
1573 1009 1659 1067 Ipsi
1681 1007 1871 1068 denique
1895 969 1900 1039 l

478 1080 670 1134 homini,
705 1095 794 1123 non
823 1078 1090 1122 extrinsecus
1122 1094 1200 1138 per
1223 1094 1346 1122 aures
1368 1080 1458 1139 ejus
1484 1088 1560 1122 aut
1589 1078 1765 1134 oculos,
1798 1078 1873 1122 sed

480 1152 597 1193 intus
619 1152 662 1193 in
683 1151 827 1193 animo
852 1165 939 1194 non
965 1166 1054 1193 uno
1075 1150 1208 1194 modo
1236 1153 1349 1194 Deus
1372 1149 1568 1209 loquitur
1591 1169 1598 1193 z
1633 1149 1708 1194 sed
1730 1159 1806 1193 aut
1828 1151 1873 1193 in

479 1220 641 1265 somnis
661 1255 671 1273 ,
697 1221 806 1264 sicut
836 1221 988 1263 Laban
1014 1222 1145 1276 Syro,
1171 1235 1226 1263 ne
1248 1219 1385 1264 Jacob
1420 1235 1591 1264 servum
1616 1221 1707 1279 ejus
1728 1220 1773 1263 in
1796 1219 1874 1263 ali·
1900 1213 1904 1242 ἲ

483 1306 571 1351 quo
593 1289 802 1345 laederet,
829 1299 872 1334 et
895 1290 1108 1344 Pharaoni
1133 1289 1186 1333 de
1205 1299 1370 1349 septem
1389 1291 1513 1334 annis
1534 1289 1751 1349 opulentis
1774 1290 1874 1334 toti·
1901 1244 1906 1348 l

484 1365 674 1422 demque
709 1362 928 1406 sterilibus
956 1362 1301 1406 demonstratum
1326 1371 1415 1419 θεῖς
1452 1371 1527 1406 aut
1555 1362 1709 1421 spiritu
1730 1361 1875 1406 homi-
1903 1356 1909 1466 ι

484 1436 549 1478 nis
575 1444 822 1494 assumpto,
862 1449 994 1493 quam
1022 1435 1161 1477 Graeci
1183 1434 1361 1478 extasim
1393 1442 1551 1477 vocant
1568 1468 1578 1487 ‚
1604 1433 1714 1477 sicut
1736 1433 1876 1476 oranti
1904 1467 1909 1487 f

485 1510 613 1550 Petro
635 1522 709 1551 vas
732 1506 911 1564 plenum
935 1503 1292 1549 similitudinibus
1324 1504 1641 1548 crediturarum
1670 1504 1875 1548 Gentium
1906 1507 1910 1544 ἱ

484 1577 624 1620 visum
646 1585 709 1619 est
741 1576 1005 1619 submissum
1034 1590 1123 1618 esse
1155 1576 1209 1618 de
1241 1575 1383 1632 coelo3
1409 1583 1482 1618 aut
1510 1576 1554 1618 in
1587 1575 1676 1633 ipsa
1702 1583 1874 1626 mente,

486 1663 587 1690 cum
621 1646 806 1706 quisque
829 1647 1098 1705 majestatem
1121 1645 1189 1690 vel
1208 1645 1481 1690 voluntatem
1514 1644 1738 1702 intelligit,
1769 1645 1878 1688 sicut
1910 1646 1912 1694 Ξ

488 1718 577 1775 ipsc
597 1721 750 1761 Petrus
772 1733 822 1761 ex
843 1717 916 1761 illa
939 1718 1028 1776 ipsa
1046 1717 1224 1767 visione,
1241 1716 1348 1776 quid
1371 1732 1414 1759 se
1432 1731 1558 1774 agere
1580 1716 1712 1760 vellet
1735 1716 1882 1760 Domi·
1910 1721 1914 1774 l,

1911 1777 1915 1798 l

489 1803 592 1837 nus,
630 1788 747 1841 apud
780 1803 824 1830 se
855 1788 998 1840 ipsum
1032 1787 1266 1839 cogitando
1289 1786 1509 1839 cognovit.
1538 1789 1637 1826 Non
1661 1786 1777 1826 enim
1801 1787 1882 1828 hoc
1912 1810 1915 1842 j

490 1855 723 1914 quisquam
747 1861 916 1911 potest,
942 1851 1023 1895 nisi
1046 1851 1162 1910 apud
1185 1867 1229 1895 se
1261 1852 1378 1895 intus
1400 1861 1583 1896 sonante
1605 1853 1796 1912 quodam
1822 1864 1882 1899 ta-
1913 1856 1916 1916 ζ

492 1926 578 1969 cito
602 1923 789 1967 clamore
809 1922 999 1966 veritatis
1024 1936 1270 1979 agnoscere.
1308 1922 1523 1982 Loquitur
1546 1924 1676 1967 etiam
1707 1927 1819 1968 Deus
1840 1925 1882 1968 in
1914 1940 1917 1980 '3

495 1996 711 2038 bonorum
756 1992 1061 2052 malorumque
1098 1992 1377 2036 conscientia.
1410 1994 1517 2037 Nam
1557 2002 1599 2037 et
1642 1994 1882 2053 approbare
1914 1981 1918 2049 l

494 2064 614 2125 quod
638 2064 748 2107 bene
770 2063 896 2117 facit,
922 2072 964 2106 et
993 2063 1239 2121 improbare
1261 2063 1381 2123 quod
1414 2073 1566 2122 peccat
1582 2099 1592 2118 ‚
1619 2079 1748 2109 nemo
1771 2074 1883 2110 recte
1915 2055 1919 2131 ᾗ

497 2144 637 2196 potest
652 2170 663 2189 ,
695 2135 774 2178 nisi
799 2134 854 2178 ad
887 2133 1038 2177 eadem
1061 2133 1134 2177 illa
1157 2134 1203 2177 in
1229 2133 1402 2178 silentio
1425 2134 1565 2178 cordis
1587 2134 1657 2179 vel
1680 2134 1884 2180 laudante
1917 2132 1921 2209 ξ

497 2207 566 2251 vel
583 2207 799 2252 clamante
822 2220 925 2250 voce
942 2205 1146 2250 veritatis.
1173 2206 1341 2250 Veritas
1365 2215 1511 2250 autem
1533 2209 1645 2251 Deus
1668 2215 1730 2251 est
1752 2226 1761 2253 ε
1787 2222 1884 2268 quae
1918 2216 1921 2275 ’ὲ

498 2293 597 2322 cum
634 2288 721 2321 tam
756 2276 905 2321 multis
940 2276 1077 2320 modis
1109 2275 1316 2335 loquatur
1353 2277 1604 2321 hominibus
1632 2278 1822 2322 ethonis
1844 2287 1884 2322 et
1919 2285 1923 2332 ξ

500 2348 644 2403 malis,
670 2356 952 2408 (quanquam
976 2363 1064 2392 non
1087 2362 1260 2402 omneS,
1296 2347 1456 2407 quibus
1487 2358 1552 2392 tot
1580 2347 1718 2393 modis
1741 2349 1883 2409 loqui·
1920 2350 1924 2392 ³.

504 2429 597 2473 tur,
624 2420 786 2477 possint
808 2434 984 2479 quoque
1013 2419 1104 2478 ejus
1125 2418 1411 2462 substantiam
1443 2428 1733 2479 naturamque
1761 2434 1882 2464 cons·
1921 2404 1924 2451 3

503 2491 643 2548 picere
663 2492 704 2547 ς)
725 2490 821 2550 quis
844 2490 1073 2535 hominum
1097 2498 1238 2549 potest
1265 2489 1535 2549 conjiciendo
1554 2499 1630 2535 aut
1650 2489 1881 2549 cogitando
1922 2507 1924 2510 ⁴

556 2582 560 2597 ¹
585 2576 897 2615 Manl1.11,z³..-—2
921 2579 991 2607 ‚xi-t.
1013 2587 1035 2617 ι,
1055 2575 1109 2607 26.
