1867 3320
300 268 437 296 samio
471 270 570 308 xm,
605 270 658 296 niz
692 269 836 298 ver-ms
869 272 1175 301 EchnsmsTrcr.
1334 268 1409 303 521

49 352 69 374 u
104 333 249 388 vobis,
274 349 364 378 uon
381 333 534 393 perdet
555 334 800 379 mercedem
818 351 938 380 suam
962 341 988 380 ¹.
1019 357 1037 378 ι)
1062 339 1211 383 Fidem
1243 356 1417 401 quoque

45 402 235 462 possidet
256 418 358 447 cum
379 405 573 462 proximo
594 405 639 448 in
654 414 909 464 paupertate
931 407 1046 465 ejus3
1066 407 1163 452 ideo
1184 408 1306 453 bonis
1328 412 1418 469 ejus

44 472 309 532 perfruetur.

104 545 202 587 vlt.
229 544 340 588 Dicit
360 545 439 588 tibi
455 555 498 589 et
522 545 729 589 Dominus
751 554 872 600 tuus,
892 547 982 605 ipse
1003 547 1194 606 quicum
1214 547 1331 593 dives
1352 566 1419 594 es-

46 622 110 658 set
126 648 138 668 ,
158 629 325 673 pauper
340 614 481 659 factus
503 624 567 659 est
591 635 599 659 :
626 616 802 674 exponit
825 616 907 660 tibi
928 615 1080 660 melius
1103 626 1145 660 et
1171 618 1346 663 solidius
1363 620 1420 663 is-

46 692 134 728 tam
152 684 426 728 senteutiam.
444 687 551 729 Nam
570 684 680 729 forte
693 685 747 729 de
764 685 839 730 illo
852 701 1040 746 paupere
1053 702 1183 746 quem
1207 691 1421 747 suscepisti

45 753 91 797 in
112 752 294 798 domum
317 763 462 808 tuam,
489 755 663 799 dubitat
697 755 967 816 aliquantum
989 766 1032 801 et
1055 758 1225 801 haesitat
1259 760 1423 802 animus

45 833 169 880 tuus,
189 834 338 869 utrum
355 841 484 870 verax
504 827 636 870 homo
659 827 729 882 sit,
747 843 802 870 au
823 826 935 871 forte
955 826 1081 871 fallax
1099 829 1322 873 simulator
1342 830 1424 886 hi·-

44 896 210 954 pocrita
242 915 251 940 z
284 896 448 940 titubat
475 897 643 941 animus
669 898 715 941 in
746 896 943 942 facienda
972 899 1258 943 misericordia
1277 936 1287 953 ,
1313 916 1422 960 quo·

43 965 161 1009 niam
184 981 259 1010 cor
279 967 492 1025 inspicere
520 983 609 1012 non
631 978 770 1027 potes,
793 971 878 1012 Fac
899 978 942 1012 et
964 985 1065 1013 cum
1090 970 1204 1014 malo
1222 1005 1232 1024 ‚
1258 980 1306 1014 ut
1324 986 1422 1029 pei·-

43 1036 189 1080 venias
211 1045 255 1080 et
287 1036 342 1080 ad
365 1038 545 1081 bonum.
572 1039 657 1090 Qui
681 1039 828 1081 timuit·
852 1054 908 1082 ne
936 1040 1050 1082 bona
1075 1055 1150 1082 sua
1181 1041 1342 1083 semina
1379 1042 1424 1083 in

44 1104 148 1159 vias,
165 1105 210 1148 in
229 1106 389 1164 spinaS,
409 1107 455 1149 in
471 1106 635 1164 lapides
649 1107 867 1160 caderent,
888 1108 1009 1166 piger
1027 1109 1237 1152 seminare
1252 1110 1420 1164 hyeme,

44 1173 222 1218 esurivit
239 1184 402 1218 aestate.
428 1177 736 1218 Verumtamen
759 1176 862 1218 dicit
885 1177 964 1218 tibi
992 1177 1196 1220 Dominus
1224 1186 1322 1220 tuus
1339 1212 1348 1229 ,
1370 1177 1423 1219 de

43 1259 133 1304 quo
149 1244 303 1304 utique
315 1259 405 1288 non
421 1243 610 1298 dubitas,
629 1246 662 1288 si
680 1245 947 1289 Christianus
957 1261 999 1288 es
1022 1266 1029 1289 :
1053 1249 1176 1304 «Ego
1194 1255 1422 1304 propterte

49 1332 68 1355 »
104 1312 242 1357 factus
264 1329 360 1357 sum
384 1329 574 1372 pauper,
603 1329 702 1357 cum
725 1313 842 1358 dives
861 1330 1009 1358 essem.
1035 1317 1236 1368 Quicum
1264 1317 1305 1358 in
1331 1316 1421 1359 l'or-

49 1401 70 1424 »
105 1399 174 1427 ma
194 1384 269 1427 Dei
287 1393 419 1438 esset,
451 1383 585 1443 (quid
606 1383 679 1427 illa
714 1385 854 1428 forma
885 1385 1073 1441 ditius?)
1111 1401 1196 1429 i-ion
1229 1386 1419 1444 rapinam

49 1472 68 1494 »
103 1454 335 1497 arbitratus
358 1463 420 1497 est
441 1469 530 1497 esse
552 1453 730 1514 aequalis
751 1457 834 1498 Deo
854 1475 866 1511 3
889 1454 963 1498 sed
984 1456 1257 1514 semetipsum
1275 1456 1420 1497 exina-

47 1540 68 1565 η
103 1524 213 1567 nivit
239 1522 423 1567 formam
446 1524 555 1567 servi
578 1524 817 1582 accipiens,
844 1523 979 1583 (quid
1002 1525 1138 1568 forma
1164 1526 1237 1567 Dei
1257 1524 1386 1567 ditius
1404 1531 1420 1564 ζ’

48 1612 68 1635 »
102 1594 211 1653 quid
230 1593 371 1637 forma
407 1595 515 1638 servi
537 1594 768 1653 pauperius
783 1596 830 1650 ?)
850 1595 894 1637 iu
922 1594 1245 1638 similitudinem
1281 1595 1420 1638 homi-

47 1681 67 1704 »
103 1679 208 1706 num
234 1662 399 1716 factus,
424 1663 578 1707 habitu
608 1664 807 1707 inventus
837 1673 885 1707 ut
907 1664 1060 1717 homo,
1092 1664 1328 1707 humiliavit
1352 1680 1419 1706 se—

46 1751 67 1774 »
102 1733 334 1791 metipsum
349 1766 360 1785 ,
382 1732 520 1775 factus
537 1733 746 1775 obediens
770 1746 905 1789 usque
928 1733 981 1774 ad
1005 1742 1186 1775 mortem
1205 1768 1215 1785 ,
1238 1744 1418 1776 mortem

47 1821 66 1844 »
102 1811 247 1846 autem
266 1802 404 1846 crucis
419 1804 451 1843 2.
480 1820 500 1842 υ
521 1800 646 1844 Adde
669 1800 811 1846 adhuc
832 1821 841 1844 ε
872 1822 892 1843 «
925 1802 1037 1845 Sitiit
1060 1802 1102 1844 in
1125 1818 1251 1846 eruce
1269 1838 1279 1856 ‚
1302 1819 1420 1846 acee-

45 1874 108 1932 pit
125 1882 278 1932 potum
296 1907 307 1926 ,
334 1887 420 1916 non
440 1887 460 1916 a
486 1872 728 1924 miserante,
763 1872 837 1916 sed
860 1872 914 1915 ab
957 1871 1211 1928 insultante3
1242 1882 1282 1915 et
1314 1873 1416 1917 bibit

44 1953 215 1988 acetum
250 1944 294 1988 in
318 1952 457 1987 morte
480 1942 575 1986 fons
605 1943 720 1986 vitae.
760 1942 855 1987 Noli
892 1943 1106 1999 aspernari
1129 1977 1139 1993 ‚
1183 1942 1270 1986 noli
1314 1960 1420 1987 con—

45 2023 238 2058 temnere
254 2048 265 2067 ,
299 2011 388 2056 noli
412 2012 581 2056 dicere:
603 2015 716 2069 Ergo
740 2015 850 2055 Deus
875 2027 993 2055 meus
1018 2012 1148 2055 homo
1174 2012 1309 2055 lactus
1328 2023 1388 2056 est
1406 2019 1422 2053 'f

20 2085 160 2141 'Ergo
186 2085 299 2126 Deus
322 2097 443 2125 meus
465 2082 628 2125 occisus
649 2090 735 2135 est,
755 2081 981 2124 crucifixus
1004 2083 1084 2124 est?
1099 2081 1254 2134 Etiam,
1278 2081 1418 2139 plano,

43 2153 116 2207 ita,
133 2152 361 2197 crucifixus
378 2161 455 2194 est.
478 2155 708 2209 Paupertas
722 2152 811 2210 ejus
828 2151 901 2193 tibi
920 2151 1258 2194 commendatur.
1278 2156 1420 2207 long«-

43 2239 65 2266 a
99 2232 141 2266 te
164 2221 275 2267 suit:
301 2222 610 2281 propinquavit
642 2221 720 2265 tibi
744 2230 1008 2280 paupertate.
1037 2241 1053 2261 «ι
1087 2220 1230 2263 Fidem
1253 2223 1417 2279 possid«-

48 2313 66 2335 »
101 2309 200 2338 cum
225 2294 422 2353 proximo
448 2302 521 2336 tuo
544 2293 584 2335 in
613 2301 864 2350 paupertate
885 2292 1058 2349 ipsius.»
1083 2295 1208 2334 (Ivi-te
1232 2293 1298 2334 lm·
1324 2308 1415 2334 uu<-

41 2379 172 2424 quam
205 2362 406 2416 vacillat,
441 2377 651 2422 nusquam
684 2361 835 2418 caligat
869 2362 942 2403 ista
978 2362 1202 2404 sonu-ntia.
1235 2365 1313 2404 Pro
1339 2378 1413 2404 no-

42 2434 158 2477 mine
188 2433 392 2492 proximi,
425 2434 569 2490 accipe
599 2447 756 2475 nomeu
781 2432 934 2474 Clu-isti
952 2466 961 2480 ,
988 2440 1028 2472 et
1056 2431 1226 2472 humili>-
1253 2432 1407 2488 :im-ipa

41 2501 225 2547 Humilis
247 2503 361 2546 enim
384 2502 585 2560 congruis
610 2500 782 2552 humili,
805 2500 937 2543 altuni
961 2499 1131 2542 humilis
1152 2501 1270 2557 cupis
1296 2520 1301 2542 z
1328 2502 1405 2542 Ιιιι-

93 2594 99 2608 ¹
122 2587 231 2618 Manli.
256 2598 285 2623 1,
306 2587 360 2627 41,
385 2587 424 2626 ’ιί
471 2604 499 2605 ⁷⁷
529 2594 537 2606 ¹
563 2586 660 2626 Philip
695 2597 713 2615 u
746 2588 780 2618 θ’),
807 2590 845 2612 vt·
