1867 3320
298 275 438 305 sunno
468 276 596 317 xxm,
630 278 685 306 nn
715 266 770 307 24
803 279 933 309 vnnsu
964 282 1112 313 PsALm
1143 289 1274 317 Lxxu.
1371 282 1452 321 375

101 350 312 408 amatores
325 342 453 387 ?Non
473 342 626 386 terruit
646 343 728 388 nisi
749 354 971 390 amatores.
996 350 1214 410 Numquid
1229 354 1330 399 dixit
1352 375 1360 399 ;
1382 360 1453 401 Pa-

99 427 195 457 cem
215 411 443 457 sectamini
463 426 564 456 cum
581 413 782 458 omnibus
799 449 810 469 ,
834 424 878 459 et
897 416 1271 465 sanctificationem
1289 457 1299 476 ,
1323 440 1448 483 quam

98 481 176 543 qui
196 497 286 526 non
307 480 512 525 habuerit
528 516 540 536 ,
570 481 616 525 in
640 482 785 541 ignem
806 484 1002 529 mittetur
1020 521 1031 540 ,
1060 495 1217 533 aeterno
1241 490 1334 548 igne
1354 509 1451 538 cru-

98 553 286 598 ciabitur
309 587 321 608 ‚
357 550 699 611 infatigabilibus
740 555 973 600 tortoribus
1013 555 1248 602 dabitur-¹?
1275 563 1330 605 Et
1359 578 1454 607 vera

98 631 202 668 sunt
217 658 228 678 ‚
253 631 298 666 et
327 623 423 666 haec
458 637 549 666 non
571 621 692 667 dixit.
718 626 964 669 Amatorem
995 634 1037 670 te
1058 625 1193 670 voluit
1217 642 1303 671 esse
1329 630 1454 686 boni,

99 708 190 738 non
212 692 543 738 formidatorem
570 692 673 735 mali
695 709 706 736 .-
731 702 775 737 et
795 711 847 736 ex
863 708 914 738 eo
930 695 1019 753 ipso
1035 695 1152 755 quod
1171 695 1432 742 desiderabas
1446 735 1458 754 ,

100 762 201 807 inde
238 771 282 807 te
318 762 489 807 terruit.
521 764 662 806 Deum
698 762 863 807 videbis
897 783 905 808 :
944 774 1166 824 propterea
1199 768 1431 812 contemnis
1449 804 1460 822 ‚

100 841 329 893 propterea
356 832 468 876 rixas
483 866 493 886 ‚
529 840 757 891 propterea
778 833 925 878 turbas
954 849 1111 879 moves.
1133 839 1314 880 «Pacem
1330 847 1463 881 secta-

107 922 126 946 »
160 903 269 947 mini
289 918 392 947 cum
413 902 619 947 omnibus
635 937 645 957 ‚
667 911 710 947 et
729 904 1121 960 sanctificationem,
1158 907 1245 950 sine
1278 922 1361 967 qua
1386 923 1461 950 ne-

105 993 126 1017 »
161 989 234 1018 mo
255 973 399 1033 potuit
426 972 574 1018 videre
591 975 744 1017 Deum.
780 992 800 1014 »
824 975 963 1027 Quam
979 974 1097 1018 stulti
1119 985 1255 1019 essent
1279 975 1366 1021 duo
1387 992 1462 1021 vo-

2 1101 4 1104 ·
101 1044 239 1088 lentes
252 1043 400 1088 videre
414 1042 549 1087 solem
564 1043 794 1099 oriturum,
810 1044 844 1088 si
859 1043 1169 1088 contenderent
1184 1045 1292 1088 inter
1306 1059 1364 1099 se,
1383 1061 1464 1104 qua

42 1143 43 1146 =
100 1123 224 1175 parte
249 1115 440 1160 oriturus
461 1123 571 1158 esset
590 1149 601 1170 ‚
630 1123 673 1159 et
697 1113 917 1174 quomodo
949 1113 1084 1158 videri
1110 1123 1275 1174 posset,
1307 1124 1349 1158 et
1369 1124 1464 1159 nata

101 1185 215 1230 inter
246 1200 292 1230 se
319 1185 612 1231 controversia
640 1185 884 1244 litigarent,
911 1183 1118 1243 litigando
1145 1201 1187 1229 se
1221 1186 1432 1230 caederent
1450 1220 1460 1239 ,

100 1255 311 1302 caedendo
331 1255 480 1301 oculos
502 1271 601 1300 suos
620 1256 931 1314 extinguerent,
954 1265 1003 1299 ut
1020 1254 1142 1299 illum
1161 1264 1300 1299 ortum
1322 1254 1463 1298 videre

101 1341 191 1371 non
211 1327 416 1386 possent?
436 1330 552 1386 Ergo
575 1336 624 1372 ut
647 1327 785 1371 Deum
810 1313 952 1371 videre
978 1326 1198 1385 possimus,
1224 1325 1307 1368 fide
1336 1325 1462 1368 corda

103 1395 367 1442 mundemus
381 1432 392 1453 ,
416 1397 624 1442 charitate
645 1412 860 1452 sanemus,
881 1410 982 1456 pace
1003 1396 1240 1439 firmemus:
1265 1394 1363 1453 quia
1383 1394 1462 1437 hoc

102 1467 246 1527 ipsum
279 1466 398 1512 unde
431 1467 618 1512 invicem
656 1466 895 1527 diligimus,
927 1468 1014 1526 jam
1047 1480 1095 1510 ex
1132 1464 1204 1510 illo
1224 1472 1308 1514 est,
1337 1477 1462 1522 quem

104 1536 251 1584 videre
271 1536 580 1583 desideramus.

155 1676 164 1693 ¹
186 1669 296 1703 Florus
314 1670 354 1703 ad
371 1670 471 1703 Hebr.
495 1679 557 1711 xu,
579 1668 629 1709 14.
