1867 3320
394 296 602 327 zmsromz
633 291 688 322 An
719 287 907 321 GALATAS
937 284 1172 317 nxPoSrno.
1426 271 1476 310 91

101 373 157 416 Et
172 367 272 413 ideo
293 365 504 412 Dominus
526 378 615 407 non
637 361 719 415 ait,
747 357 902 403 Tollite
918 355 1076 415 jugum
1100 364 1247 395 meum
1271 358 1316 393 et
1334 347 1483 393 discite

101 458 125 486 a
146 454 216 484 me
235 473 245 494 ,
271 436 479 497 quoniam
496 430 786 494 quatriduana
806 428 861 472 de
878 423 1086 486 sepulcris
1123 419 1331 465 cadavera
1359 433 1485 462 exus-

101 512 204 565 cito,
219 518 352 569 atque
375 506 520 552 omnia
543 501 758 548 daemonia
781 499 835 544 de
854 494 1108 556 corporibus
1124 490 1356 536 hominum
1371 504 1487 533 mor-

101 583 268 640 bosque
285 576 457 638 depello
472 611 483 632 ,
509 584 553 619 et
577 581 731 619 caetera
754 566 1008 630 hujusmodi
1034 584 1043 610 :
1066 563 1142 609 sed
1168 581 1189 604 «
1210 558 1365 605 Tollite
1385 593 1396 613 ‚
1421 559 1488 602 in-

104 670 125 695 »
159 651 276 711 quit,
294 650 451 709 jugum
467 660 614 690 meum
630 679 641 699 ,
667 652 710 687 et
732 641 883 686 discite
905 655 928 684 a
950 651 1021 681 me
1037 634 1139 695 quia
1160 631 1276 676 mitis
1297 644 1392 674 sum
1411 663 1422 684 ‚
1447 637 1489 672 et

104 741 126 765 »
159 718 339 766 humilis
353 716 485 763 corde
505 719 534 760 ¹.
573 733 593 757 »
619 713 701 759 Illa
718 712 833 757 enim
856 710 978 768 signa
1000 714 1102 751 sunt
1119 739 1130 759 ,
1156 715 1301 747 rerum
1317 699 1489 759 spirita-

102 792 211 837 lium
235 810 244 836 :
269 790 419 833 mitem
438 796 585 831 autem
609 799 700 829 esse
716 792 759 827 et
780 780 994 837 humilem
1021 774 1240 821 charitatis
1261 784 1490 817 conserva-

102 872 242 908 torem
259 896 271 916 ,
296 875 362 904 res
385 859 489 917 ipsae
509 854 720 915 spiritales
741 860 842 897 sunt
864 849 919 895 ad
941 864 1047 909 quas
1066 862 1142 907 per
1162 844 1236 890 illa
1258 842 1490 895 dicuntur,

103 933 181 994 qui
203 922 340 977 oculis
355 926 546 988 corporis
568 923 703 969 dediti
725 923 858 966 fidem
876 917 1161 964 invisibilium
1177 951 1187 971 ,
1213 914 1315 975 quia
1332 913 1418 972 jam
1438 909 1493 955 de

104 1004 217 1049 notis
234 1002 489 1060 usitatisque
513 1012 603 1042 non
620 1003 819 1056 possunt,
833 992 888 1037 de
906 991 1028 1036 novis
1046 998 1088 1034 et
1102 985 1338 1047 repentinis
1350 982 1495 1027 visibi-

104 1075 219 1119 libus
241 1079 460 1134 quaerunt.
485 1069 527 1114 Si
550 1081 651 1125 ergo
674 1075 716 1110 et
738 1063 801 1108 illi
829 1063 905 1124 qui
931 1060 1149 1120 cogebant
1174 1058 1333 1101 Gentes
1350 1053 1496 1114 judai-

105 1161 217 1200 zare,
243 1143 495 1188 didicissent
516 1139 643 1184 mites
661 1152 750 1182 esse
768 1145 811 1180 et
831 1133 1019 1179 humiles
1045 1128 1192 1183 corde,
1218 1125 1338 1188 quod
1361 1141 1384 1168 a
1411 1127 1497 1168 Do-

106 1217 227 1262 mino
250 1219 404 1259 Petrus
422 1212 662 1268 didicerat3
688 1208 838 1253 saltem
861 1213 1055 1250 correcto
1072 1210 1195 1246 tanto
1212 1199 1305 1243 viro
1329 1196 1381 1241 ad
1405 1196 1496 1238 imi-

106 1286 288 1333 tandum
320 1283 637 1336 invitarentur,
674 1294 754 1323 nec
785 1284 991 1337 putarent
1023 1269 1306 1329 Evangelium
1337 1265 1497 1312 Christi

100 1357 277 1419 justitiae
300 1370 389 1400 suae
412 1363 625 1412 tanquam
652 1349 850 1393 debitum
886 1344 1105 1390 redditum
1124 1376 1134 1396 ,
1164 1360 1183 1382 «
1210 1339 1285 1383 sed
1315 1337 1498 1382 scientes

109 1449 129 1471 »
165 1427 374 1489 quoniam
395 1440 483 1469 non
500 1422 761 1483 justificatur
782 1420 916 1463 homo
934 1431 985 1460 ex
1008 1412 1215 1473 operibus
1239 1409 1392 1466 Legis,
1418 1407 1499 1450 nisi

111 1520 132 1542 υ
167 1514 244 1559 per
266 1496 398 1541 fidem
416 1495 577 1540 Christi
601 1495 703 1536 Jesu
719 1492 735 1515 2
753 1526 764 1545 ,
789 1508 809 1530 »
837 1497 886 1532 ut
905 1485 1084 1546 impleat
1107 1497 1237 1543 opera
1252 1479 1376 1538 Legis
1393 1514 1403 1533 ‚
1429 1476 1501 1521 ad-

104 1573 285 1631 juvante
317 1565 617 1610 infirmitatem
657 1576 805 1615 suam,
837 1574 926 1603 non
958 1556 1112 1600 merito
1134 1569 1237 1606 suo,
1269 1551 1345 1596 sed
1367 1549 1501 1608 gratia

111 1640 215 1693 Dei,
241 1651 330 1681 non
352 1636 573 1693 exigerent
591 1632 645 1676 de
665 1630 882 1675 Gentibus
926 1625 1117 1672 carnales
1141 1623 1265 1682 Legis
1296 1621 1502 1666 observa-

111 1711 250 1755 tiones
266 1743 276 1763 ,
297 1707 373 1751 sed
394 1720 471 1765 per
488 1705 622 1763 ipsam
641 1702 820 1759 gratiam
844 1699 971 1752 fidei,
997 1695 1201 1756 spiritalia
1225 1708 1355 1753 opera
1379 1691 1502 1749 Legis

112 1796 185 1825 eos
226 1775 407 1837 implere
442 1789 565 1834 posse
597 1777 924 1829 cognoscerent.
963 1767 1179 1820 Quoniam
1211 1779 1262 1807 ex
1299 1762 1502 1822 operibus

113 1851 263 1910 Legis,
293 1863 394 1893 cum
416 1847 502 1891 suis
523 1844 689 1889 viribus
712 1858 761 1886 ea
783 1841 970 1902 quisque
994 1837 1222 1891 tribuerit,
1247 1850 1336 1879 non
1358 1833 1504 1892 gratiae

114 1920 355 1967 miserantis
379 1917 479 1971 Dei,
506 1931 594 1960 non
610 1912 922 1975 justificabitur
938 1909 1078 1954 omnis
1096 1923 1212 1960 caro,
1231 1905 1276 1950 id
1295 1914 1381 1958 est,
1407 1919 1504 1948 om-

115 1994 182 2038 nis
203 1993 336 2036 homo
351 2024 362 2043 ,
387 1989 477 2033 sive
499 2001 649 2031 omnes
671 1983 902 2028 carnaliter
934 1980 1182 2025 sentientes.
1213 1980 1269 2021 Et
1291 1975 1389 2020 ideo
1411 1974 1503 2029 illi,

116 2064 310 2125 quicum
328 2063 418 2122 jam
436 2067 578 2103 essent
599 2056 680 2101 sub
720 2058 831 2112 Lege
863 2052 1036 2098 Christo
1074 2049 1355 2094 crediderunt
1374 2081 1385 2100 ‚
1417 2061 1504 2090 non

117 2136 219 2196 quia
236 2133 344 2194 jussi
366 2141 516 2186 erant,
543 2130 619 2174 sed
641 2137 689 2172 ut
704 2125 1045 2187 justificarentur
1062 2157 1073 2176 ,
1098 2127 1312 2165 venerunt
1335 2116 1388 2162 ad
1406 2132 1505 2176 gra-

120 2206 223 2250 tiam
246 2204 363 2248 fidei.

178 2278 298 2320 XVl.
328 2278 611 2318 Peccatorum
635 2278 780 2313 autem
805 2281 963 2311 nornen
985 2263 1196 2308 Gentibus
1213 2262 1507 2319 imposuerant

118 2345 286 2400 Judaei,
302 2347 390 2404 jam
414 2351 582 2387 vetusta
601 2339 790 2400 quadam
814 2335 1012 2395 superbia
1030 2369 1040 2387 ‚
1064 2343 1268 2392 tanquam
1289 2329 1366 2389 ipsi
1397 2328 1504 2387 justi

120 2426 259 2461 essent
280 2451 290 2470 ‚
318 2413 506 2458 videndo
529 2410 732 2471 stipulam
757 2409 798 2452 in
821 2405 948 2451 oculo
972 2405 1112 2448 alieno
1130 2439 1140 2457 ‚
1164 2412 1206 2446 ct
1228 2417 1317 2446 non
1342 2399 1506 2444 trabem

120 2490 163 2533 in
185 2503 278 2531 suo.
307 2483 556 2530 Secundum
579 2496 730 2526 eorum
767 2493 931 2523 morem
961 2476 1134 2519 locutus
1158 2471 1391 2532 Apostolus
1414 2469 1471 2512 ait
1496 2487 1502 2511 :

124 2578 144 2600 n
179 2560 265 2603 Nos
283 2565 435 2600 natura
452 2552 616 2607 Judaei,
637 2560 679 2595 et
698 2565 785 2594 non
804 2566 853 2592 ex
869 2546 1082 2591 Gentibus
1102 2543 1389 2605 peccatori-5³,
1419 2558 1438 2580 υ
1461 2537 1503 2581 id

170 2647 178 2665 ¹
201 2640 319 2672 Mutii».
343 2650 389 2681 xi,
409 2648 463 2680 29.
480 2654 521 2661 -·
539 2645 550 2660 ²
576 2636 677 2671 Galat.
703 2647 735 2676 n,
757 2635 805 2667 16.
828 2650 863 2656 -·
891 2632 900 2654 ³
921 2631 999 2663 lbid.
1023 2630 1068 2662 15.
