1924 3309
470 279 552 318 498
932 287 966 318 s.
1001 287 1231 318 Aucusnm
1262 290 1443 318 EPISCOH

465 370 638 399 versum
663 364 901 415 utrumque
918 357 1224 400 inconcussum
1250 355 1412 399 habere
1429 368 1518 409 cor,
1539 367 1595 397 ne
1615 352 1661 396 in
1682 352 1757 397 illa
1779 352 1857 397 de-

465 426 600 481 fluas,
635 441 690 470 ne
713 426 758 470 in
780 425 854 471 illa
885 425 1110 486 frangaris.
1143 424 1358 469 Habendo
1380 439 1480 482 ergo
1511 423 1851 478 continentiam,

463 495 671 541 hahendo
692 498 823 541 etiam
845 497 1146 541 sustinentiam
1160 530 1170 550 ‚
1198 510 1299 539 cum
1318 496 1433 539 hona
1457 494 1711 554 temporalia
1732 503 1855 538 tran-

463 568 628 624 sierint,
659 577 702 613 et
720 568 833 613 mala
855 584 955 629 quae
973 566 1220 611 inferantur
1237 581 1326 611 non
1348 576 1503 623 erunt3
1527 566 1710 610 habebis
1726 580 1856 610 omne

463 638 631 684 bonum
649 675 660 695 ‚
690 639 872 684 habebis
906 637 1078 682 nullum
1116 637 1297 682 malum.
1332 636 1436 682 Ideo
1467 638 1512 680 in
1533 636 1719 681 lectione
1748 634 1857 696 quid

460 709 588 754 nobis
605 710 773 755 dictum
792 711 878 753 est?
891 727 912 750 «
930 707 1030 764 Fili,
1049 706 1260 753 accedens
1277 708 1331 752 ad
1352 707 1605 753 servitutem
1618 707 1711 762 Dei,
1730 707 1855 751 stain

463 797 484 821 »
515 781 683 841 justitia
714 790 757 824 et
790 779 948 823 timore
968 814 978 834 ‚
1005 788 1049 822 et
1068 794 1264 839 praepara
1286 779 1473 823 animam
1496 788 1613 823 tuam
1633 778 1687 822 ad
1711 787 1856 822 tenta-

463 869 483 892 »
521 853 699 896 tionem.
740 851 942 910 Deprime
979 866 1053 895 cor
1082 860 1208 894 tuum
1227 886 1237 906 ‚
1267 859 1310 894 et
1332 851 1523 907 sustine3
1546 859 1595 894 ut
1617 858 1780 894 crescat
1810 849 1856 893 in

462 940 482 963 »
518 922 760 968 novissimis
780 922 869 967 vita
889 924 1005 966 tua1.
1034 940 1055 963 )>
1081 924 1178 967 Non
1200 931 1249 966 ut
1271 922 1404 966 modo
1420 957 1430 977 ‚
1456 921 1531 965 sed
1548 922 1659 965 utin
1683 920 1857 966 novissi-

459 993 539 1036 mis
560 993 647 1038 vita
666 1003 742 1038 tua
757 1002 942 1037 crescat:
975 1012 994 1035 «
1020 994 1077 1037 Ut
1099 1002 1262 1037 crescat
1281 993 1328 1037 in
1350 992 1590 1037 novissimis
1611 992 1698 1037 vita
1720 1000 1810 1036 tua.
1829 1008 1851 1033 »

460 1065 708 1119 Quantum,
732 1072 937 1123 putamus
952 1098 963 1118 ‚
988 1063 1171 1107 crescit?
1201 1065 1257 1108 Ut
1279 1064 1354 1108 fiat
1382 1072 1559 1107 aeterna.
1584 1063 1719 1109 Modo
1739 1062 1855 1106 enim

460 1135 548 1178 vita
579 1135 795 1190 humana,
832 1134 1029 1194 quandiu
1066 1133 1325 1193 producitur
1359 1143 1402 1178 et
1437 1133 1613 1178 videtur
1645 1133 1851 1193 produci,

460 1204 670 1249 decrescit
691 1205 836 1264 potius
858 1220 990 1264 quam
1011 1205 1181 1249 crescit>
1207 1205 1433 1249 Attendite
1456 1214 1499 1248 et
1522 1204 1693 1260 videte,
1719 1205 1854 1248 ratio-

461 1274 668 1319 cinamini
697 1284 741 1319 et
762 1275 908 1320 videte
927 1274 1029 1335 quia
1051 1273 1274 1319 decrescit.
1296 1278 1432 1319 Natus
1450 1283 1513 1318 est
1537 1274 1672 1318 homo
1698 1293 1707 1319 :
1731 1274 1855 1319 verbi

459 1346 596 1404 gratia
613 1381 623 1401 ‚
650 1346 876 1390 constituit
910 1344 972 1388 illi
998 1348 1110 1388 Deus
1132 1345 1233 1388 vitae
1269 1360 1359 1388 suae
1392 1345 1664 1403 septuaginta
1688 1359 1850 1388 annos:

457 1416 638 1461 Accedit
655 1416 718 1460 illi
742 1417 831 1461 vita
853 1450 865 1470 ‚
890 1414 1076 1459 dicimus
1093 1450 1103 1469 ‚
1129 1415 1379 1460 crescendo.
1408 1414 1614 1475 Accedit,
1640 1431 1696 1459 an
1725 1415 1855 1459 dece-

458 1485 557 1530 dit?
576 1488 689 1530 Ecce
711 1487 766 1530 de
787 1484 1063 1544 septuaginta
1087 1485 1210 1529 annis
1233 1485 1341 1530 vixit
1363 1486 1582 1546 sexaginta
1597 1520 1608 1541 ‚
1634 1500 1854 1530 remanse—

457 1565 562 1600 runt
594 1557 747 1600 decem
772 1574 782 1601 ε
813 1555 1083 1599 diminutum
1116 1564 1181 1598 est
1217 1554 1340 1615 quod
1371 1564 1463 1600 erat
1485 1556 1787 1616 propositum3
1812 1564 1856 1599 et

459 1636 627 1686 quanto
649 1627 748 1686 plus
769 1626 891 1681 vivit,
907 1634 1032 1670 tanto
1049 1625 1192 1680 minus
1207 1625 1271 1669 illi
1289 1635 1435 1670 restat.
1452 1625 1646 1687 Ideoque
1668 1625 1856 1671 vivendo

460 1698 531 1743 hic
564 1698 776 1744 decrescit
804 1698 918 1753 vita,
953 1713 1044 1741 non
1071 1693 1238 1741 crescit.
1275 1700 1391 1741 Tene
1413 1697 1534 1758 quod
1555 1698 1635 1742 tibi
1658 1697 1855 1758 promisit

460 1772 576 1814 Deus
593 1805 605 1826 ‚
636 1789 657 1813 «
682 1772 739 1814 Ut
761 1777 924 1814 crescat
941 1768 987 1812 in
1009 1767 1251 1813 novissimis
1269 1769 1357 1813 vita
1371 1777 1461 1813 tua.
1491 1786 1512 1810 »

539 1843 618 1884 VI.
655 1841 822 1885 Deinde
856 1840 1052 1899 sequitur
1079 1837 1200 1898 quod
1234 1839 1398 1883 lectum
1421 1855 1512 1884 non
1545 1848 1609 1884 est
1634 1855 1645 1883 .·
1670 1857 1691 1881 «
1715 1839 1856 1883 Omne

469 1929 490 1952 »
525 1910 648 1971 quod
668 1911 746 1954 tibi
769 1910 1023 1968 applicitum
1042 1907 1171 1951 fuerit
1192 1909 1354 1966 accipe,
1380 1917 1423 1951 et
1443 1908 1490 1950 in
1509 1907 1659 1952 dolore
1676 1909 1854 1964 sustine,
1906 1904 1907 1908 ¹

468 1999 490 2022 »
526 1981 626 2025 etin
650 1979 897 2023 humilitate
920 1987 996 2022 tua
1020 1977 1276 2036 patientiam
1297 1978 1426 2021 habe.
1453 1977 1670 2031 Quoniam
1688 1978 1734 2022 in
1756 1979 1856 2037 igne
1886 2018 1888 2022 .

470 2070 490 2093 »
527 2051 739 2111 probatur
757 2064 911 2094 aurum
931 2058 974 2092 et
989 2057 1218 2107 argentum
1236 2083 1247 2104 ,
1273 2048 1478 2093 homines
1487 2064 1589 2093 vero
1609 2049 1857 2109 acceptabi-
1884 2068 1905 2103 ς

473 2140 493 2164 ι)
527 2122 588 2167 les
619 2122 666 2165 in
687 2122 858 2166 camino
882 2118 1195 2163 humiliationis
1209 2122 1241 2162 2.
1271 2135 1292 2160 »
1317 2121 1483 2163 Durum
1507 2119 1702 2176 videtur,
1731 2119 1856 2164 defe-
1873 2132 1906 2181 {3³

472 2193 581 2237 cisti.
603 2195 757 2241 Nonne
771 2190 882 2235 illud
894 2188 1015 2250 quod
1028 2204 1118 2233 non
1139 2187 1287 2233 deficit
1303 2188 1529 2248 perdidisti
1542 2192 1559 2234 P
1572 2189 1702 2235 Multi
1719 2185 1890 2243 multae}

473 2265 702 2324 patiuntur
723 2275 897 2322 propter
919 2259 1150 2320 pecuniam
1173 2259 1428 2319 perituram,
1445 2270 1488 2304 et
1510 2269 1560 2304 tu
1581 2276 1670 2305 non
1690 2261 1754 2306 vis
1771 2244 1893 2320 parii*
1915 2290 1924 2321 fl

473 2343 650 2394 propter
671 2334 805 2378 vitam
838 2331 1118 2375 mansuram?
1157 2330 1223 2374 Sic
1246 2345 1414 2374 recusas
1446 2329 1646 2375 laborare
1670 2346 1749 2391 pro
1782 2311 1889 2427 Dei}

474 2405 706 2465 promissiS,
723 2403 846 2464 quasi
862 2419 950 2447 non
973 2402 1141 2446 labores
1159 2416 1235 2461 pro
1249 2402 1563 2460 cupiditatibus
1578 2402 1677 2446 tuis,
1690 2401 1889 2463 Quantaifj
1919 2417 1923 2426 ¹

474 2478 701 2536 patiuntur
736 2491 812 2534 pro
836 2490 912 2517 sua
936 2472 1164 2532 iniquitate
1197 2472 1408 2526 latrones,
1440 2482 1602 2532 quanta
1630 2463 1880 2531 patiunturt'

472 2564 547 2606 pro
597 2547 683 2591 suis
723 2545 955 2590 sceleribus
1000 2541 1154 2602 perditi
1176 2577 1185 2597 ‚
1233 2558 1309 2601 pro
1362 2558 1438 2586 sua
1478 2542 1673 2603 nequitia
1723 2541 1882 2588 luxu-³7
1901 2548 1902 2553 ’

523 2639 530 2652 “
552 2631 639 2664 Eccii
673 2642 709 2672 ιι,
734 2630 804 2662 1-5.
826 2646 866 2651 --
888 2635 899 2651 ²
919 2627 1000 2660 lbid.
1023 2626 1056 2668 4,
1077 2626 1107 2657 5.
