1924 3309
409 247 491 288 342
840 246 874 276 s.
909 242 1139 274 mensum
1171 237 1352 266 zmscom

413 328 541 379 tian13
583 316 763 380 quando
798 328 869 358 me
901 316 1171 359 convertero,
1199 300 1320 346 dabit
1341 313 1453 343 eam0
1490 297 1625 342 Plane
1645 295 1787 351 dabit,

410 393 590 457 quando
612 401 655 434 te
676 384 938 433 converteris
957 400 967 425 ε
985 377 1061 424 sed
1084 389 1218 436 quare
1241 382 1284 416 te
1299 386 1387 416 non
1409 368 1654 415 convertis?
1676 369 1792 421 Quo-

411 469 526 514 niam
542 461 720 525 quando
733 474 802 503 me
815 461 1085 503 convertero,
1101 446 1238 491 dabit.
1251 447 1298 488 P·
1309 458 1430 488 orsus
1443 440 1621 502 quando
1635 448 1674 483 te
1683 454 1792 484 eon-

412 538 607 591 verteris,
623 532 769 578 dabit:
791 528 865 573 sed
884 528 1021 585 ipsum
1040 517 1218 581 quando
1240 515 1419 576 quando
1441 514 1686 565 esfflQuare
1706 525 1797 556 non

409 610 543 657 hodie
576 607 671 652 est?
693 616 827 663 quare
850 613 938 642 non
969 608 1067 638 cum
1092 601 1140 634 tu
1164 604 1233 633 me
1254 585 1409 631 audis?
1430 598 1564 644 quare
1582 598 1672 627 non
1692 597 1796 627 eum

415 680 604 728 clamas?
622 689 755 737 quare
773 686 859 716 non
878 682 978 713 cum
1001 662 1183 708 laudas?
1206 658 1381 704 Clamor
1402 671 1526 700 meus
1547 654 1602 699 sit
1622 652 1797 713 adjutor

412 769 493 815 pro
520 760 563 794 te
585 769 594 794 :
618 747 779 792 clamor
806 752 908 785 tuus
931 738 985 782 sit
1016 734 1133 779 testis
1166 739 1317 775 contra
1341 738 1398 772 te.
1428 729 1572 780 Quare
1603 739 1691 769 non
1713 724 1797 767 ho-

418 823 520 868 die?
543 833 676 879 quare
698 830 784 859 non
803 809 965 855 modo?
987 808 1116 858 Cras,
1149 800 1322 861 inquit3
1344 796 1662 855 indulgentiam
1691 793 1800 838 mihi

413 899 528 940 Deus
551 886 879 951 promisit.Cras
896 890 944 924 tu
963 878 1040 922 tibi
1060 872 1305 936 promittis?
1328 874 1416 915 Aut
1439 869 1470 911 si
1489 867 1619 921 forte,
1639 865 1672 909 si
1694 864 1802 910 mihi

416 964 522 1022 legis
545 961 600 1005 de
627 959 740 1003 libro
770 962 918 998 sancto
936 985 947 1004 ‚
973 949 1084 992 sicut
1104 940 1420 1001 indulgentiam
1450 938 1528 982 tibi
1551 935 1803 996 promissam

415 1050 503 1081 esse
525 1044 733 1077 converso
749 1062 760 1081 ‚
785 1026 843 1069 sic
865 1022 943 1066 tibi
963 1017 1222 1080 promissum
1246 1012 1480 1058 crastinum
1502 1008 1617 1053 diem
1636 1041 1646 1061 ‚
1672 1005 1802 1051 differ

412 1116 457 1151 et
479 1104 732 1149 crastinum.
757 1100 912 1142 Nonne
933 1094 1015 1136 hoc
1038 1090 1178 1149 primo
1196 1084 1341 1146 posuit
1366 1084 1411 1126 in
1434 1091 1596 1125 terrore
1621 1076 1803 1121 medici-

413 1175 501 1221 nali
517 1209 528 1229 ‚
554 1186 700 1216 nonne
723 1183 820 1212 cum
842 1175 885 1209 te
901 1166 1145 1219 increparet
1163 1158 1245 1201 hoe
1268 1155 1377 1199 dixit
1398 1172 1406 1197 ε
1432 1171 1451 1193 «
1469 1153 1532 1196 Ne
1550 1149 1725 1193 differas
1747 1146 1802 1190 de

414 1267 436 1290 »
472 1245 542 1289 die
562 1244 606 1287 in
633 1241 745 1284 diem
766 1273 776 1291 ‚
804 1235 951 1281 subito
981 1232 1098 1276 enim
1124 1229 1268 1272 veniet
1295 1226 1356 1268 ira
1376 1224 1498 1283 ejus‘?
1524 1239 1544 1261 »
1573 1218 1658 1264 Sed
1680 1218 1802 1262 vide-

412 1319 515 1363 licet
536 1316 668 1359 homo
686 1309 855 1369 sapiens
873 1306 997 1350 times
1016 1318 1071 1346 ne
1089 1300 1186 1361 plus
1204 1297 1364 1341 habeas
1388 1292 1522 1338 biduo
1542 1292 1668 1335 bonae
1684 1289 1802 1334 vitae.

420 1390 462 1435 Si
485 1388 565 1431 erit
595 1383 806 1429 crastinus
839 1378 954 1430 dies,
993 1375 1045 1418 sit
1079 1382 1121 1417 et
1141 1370 1406 1423 hodiernus3
1440 1373 1482 1408 et
1510 1362 1696 1407 biduum
1733 1361 1801 1405 sit.

417 1460 460 1506 Si
482 1457 597 1502 enim
622 1470 710 1498 non
733 1451 815 1495 erit
835 1446 1045 1493 crastinus
1063 1442 1170 1494 dies,
1195 1438 1434 1484 hodiernus
1455 1448 1655 1478 securum
1679 1440 1722 1475 te
1739 1431 1808 1476 in-

414 1529 560 1574 veniet
583 1546 592 1571 :
617 1525 650 1569 si
684 1533 830 1567 autem
867 1518 948 1562 erit
980 1513 1214 1565 crastinus,
1256 1508 1442 1553 addetur
1471 1504 1702 1549 hodierno.
1744 1503 1810 1545 Tu

420 1611 564 1646 autem
595 1596 716 1655 cupis
746 1593 905 1637 habere
928 1593 1103 1645 longam
1127 1585 1258 1628 vitam
1277 1615 1288 1634 ,
1316 1588 1359 1622 et
1382 1593 1472 1622 non
1507 1576 1632 1619 times
1649 1573 1812 1617 habere

417 1672 579 1717 malam
595 1668 746 1712 vitam.
767 1663 849 1706 Diu
867 1661 930 1705 vis
949 1659 1109 1710 vivere,
1133 1663 1177 1697 et
1199 1650 1309 1697 male
1330 1649 1488 1693 vivere.
1503 1649 1701 1702 Longum
1726 1658 1811 1687 ma-

420 1744 512 1787 lum
536 1737 694 1800 quaeris
713 1770 723 1790 ,
748 1746 883 1793 quare
907 1744 995 1772 non
1013 1726 1155 1786 potius
1172 1723 1352 1779 longum
1377 1717 1574 1761 bonum?
1597 1712 1714 1767 Quid
1736 1729 1814 1757 au-

423 1824 511 1860 tem
546 1825 634 1854 non
669 1808 835 1850 bonum
862 1801 1025 1845 habere
1052 1796 1115 1838 vis
1130 1797 1148 1838 Ρ
1185 1791 1282 1837 Sola
1314 1790 1403 1834 vita
1435 1789 1542 1840 erit,
1574 1800 1672 1844 quae
1704 1785 1749 1827 in
1773 1792 1815 1827 te

425 1884 539 1930 m'ala
558 1878 756 1925 incurrit.
788 1872 971 1926 Qualem
994 1877 1154 1910 vestem
1175 1876 1346 1922 quaeras
1368 1894 1378 1913 ‚
1404 1858 1437 1902 si
1460 1858 1720 1913 interrogem
1744 1863 1813 1909 ιθ,

426 1957 585 2000 bonam
610 1945 872 2007 respondes3
898 1938 1071 2000 qualem
1094 1934 1242 1979 villam
1261 1967 1272 1986 ,
1301 1932 1489 1984 bonam3
1517 1925 1689 1986 qualem
1712 1940 1818 1969 con-

423 2031 570 2091 jugem
588 2058 599 2078 ‚
635 2021 826 2072 bonam3
857 2012 1007 2072 quales
1036 2006 1173 2058 filios,
1208 2005 1371 2057 bonos3
1407 1998 1580 2059 qualem
1604 1996 1786 2040 domum
1804 2031 1815 2051 ‚

430 2102 590 2144 bonam
610 2115 621 2152 3
645 2091 778 2136 solam
802 2087 934 2131 vitam
953 2080 1127 2126 malam.
1154 2080 1209 2121 Et
1231 2073 1435 2118 omnibus
1453 2070 1577 2114 bonis
1605 2068 1690 2113 tuis
1715 2083 1820 2127 prae-

429 2169 555 2231 ponis
587 2166 747 2211 vitam,
779 2167 822 2202 et
854 2157 967 2200 inter
1002 2149 1147 2195 omnia
1184 2147 1297 2190 bona
1329 2152 1402 2187 tua
1434 2140 1568 2185 solam
1592 2140 1654 2184 vis
1686 2138 1820 2182 vitam
1886 2042 1891 2276 1

433 2240 607 2286 malam.
629 2238 736 2279 Nam
769 2227 913 2274 omnia
937 2224 1010 2268 illa
1026 2257 1036 2276 ‚
1062 2235 1162 2281 quae
1186 2218 1300 2261 bona
1324 2213 1574 2274 requirebas
1595 2246 1606 2265 ‚
1628 2213 1818 2263 vestem',

438 2313 617 2357 domum
637 2341 646 2357 ,
670 2303 816 2347 villam
832 2335 843 2353 ‚
869 2307 912 2342 et
929 2304 1081 2340 caetera
1097 2327 1107 2346 ,
1134 2298 1308 2349 paratus
1330 2301 1373 2329 es
1392 2284 1494 2328 dare
1516 2298 1595 2342 pro
1615 2282 1704 2326 vita
1731 2289 1819 2324 tua.

441 2384 482 2429 Si
507 2380 583 2425 tibi
611 2376 841 2437 quisquam
867 2367 1021 2413 dixerit
1048 2383 1057 2408 ι
1086 2367 1174 2407 Aut
1195 2360 1249 2403 da
1278 2357 1383 2401 mihi
1412 2354 1556 2400 omnia
1582 2354 1694 2397 bona
1718 2361 1792 2395 tua
1809 2385 1820 2406 ‚
1885 2283 1891 2438 1

443 2463 517 2499 aut
539 2449 688 2494 aufero
705 2446 837 2489 vitam
862 2450 981 2484 tuam
1008 2455 1017 2481 ε
1039 2443 1213 2495 paratus
1231 2446 1273 2473 es
1295 2431 1440 2472 onmia
1461 2427 1574 2470 bona
1598 2433 1671 2468 tua
1694 2422 1821 2476 dare,

443 2534 487 2569 et
516 2522 633 2566 illam
670 2517 796 2561 etiam
822 2511 979 2556 malam
1002 2517 1165 2552 tenere.
1199 2505 1343 2555 Quare
1366 2514 1454 2542 non
1487 2496 1550 2540 vis
1572 2504 1621 2539 ut
1650 2492 1730 2537 tibi
1771 2492 1826 2537 sit
1886 2439 1891 2591 1

443 2597 582 2648 bona,
614 2605 693 2649 pro
715 2602 798 2646 qua
822 2584 950 2628 etiam
974 2578 1087 2624 mala
1107 2575 1182 2621 das
1210 2571 1355 2619 omnia
1379 2570 1528 2614 bona?
1550 2569 1662 2611 Ecce
1683 2562 1825 2609 ablata
