<?xml version="1.0" encoding="UTF-8"?>
<!DOCTYPE html PUBLIC "-//W3C//DTD XHTML 1.0 Transitional//EN"
    "http://www.w3.org/TR/xhtml1/DTD/xhtml1-transitional.dtd">
<html xmlns="http://www.w3.org/1999/xhtml" xml:lang="en" lang="en">
 <head>
  <title>
</title>
<meta http-equiv="Content-Type" content="text/html;charset=utf-8" />
  <meta name='ocr-system' content='tesseract 3.04.00' />
  <meta name='ocr-capabilities' content='ocr_page ocr_carea ocr_par ocr_line ocrx_word'/>
</head>
<body>
  <div class='ocr_page' id='page_1' title='image "./operaomniaaccura17auguuoft_0103.png"; bbox 0 0 1867 3320; ppageno 0'>
   <div class='ocr_carea' id='block_1_1' title="bbox 378 253 1463 290">
    <p class='ocr_par' dir='ltr' id='par_1_1' title="bbox 378 253 1463 290">
     <span class='ocr_line' id='line_1_1' title="bbox 378 253 1463 290; baseline 0.005 -5"><span class='ocrx_word' id='word_1_1' title='bbox 378 257 585 286; x_wconf 70' lang='lat' dir='ltr'>Ems&#39;roLAE</span> <span class='ocrx_word' id='word_1_2' title='bbox 618 257 673 285; x_wconf 76' lang='lat' dir='ltr'>AD</span> <span class='ocrx_word' id='word_1_3' title='bbox 704 256 892 286; x_wconf 76' lang='lat' dir='ltr'>GALATAS</span> <span class='ocrx_word' id='word_1_4' title='bbox 924 259 1160 288; x_wconf 74' lang='lat' dir='ltr'>EXPOSITIO.</span> <span class='ocrx_word' id='word_1_5' title='bbox 1409 253 1463 290; x_wconf 85' lang='lat'>93</span> 
     </span>
    </p>
   </div>
   <div class='ocr_carea' id='block_1_2' title="bbox 74 323 1472 2641">
    <p class='ocr_par' dir='ltr' id='par_1_2' title="bbox 74 323 1472 2506">
     <span class='ocr_line' id='line_1_2' title="bbox 83 323 1462 386; baseline 0.003 -19"><span class='ocrx_word' id='word_1_6' title='bbox 83 323 260 368; x_wconf 85' lang='lat' dir='ltr'>Judaeus</span> <span class='ocrx_word' id='word_1_7' title='bbox 277 333 368 367; x_wconf 85' lang='lat' dir='ltr'>erat</span> <span class='ocrx_word' id='word_1_8' title='bbox 385 358 396 378; x_wconf 91' lang='lat'><strong><em>‚</em></strong></span> <span class='ocrx_word' id='word_1_9' title='bbox 422 332 465 367; x_wconf 89' lang='lat' dir='ltr'>et</span> <span class='ocrx_word' id='word_1_10' title='bbox 486 332 695 383; x_wconf 82' lang='lat' dir='ltr'>tanquam</span> <span class='ocrx_word' id='word_1_11' title='bbox 711 323 998 382; x_wconf 84' lang='lat' dir='ltr'>paedagogum</span> <span class='ocrx_word' id='word_1_12' title='bbox 1019 327 1180 383; x_wconf 80' lang='lat' dir='ltr'>Legem</span> <span class='ocrx_word' id='word_1_13' title='bbox 1213 337 1462 386; x_wconf 81' lang='lat' dir='ltr'>acceperat,</span> 
     </span>
     <span class='ocr_line' id='line_1_3' title="bbox 80 391 1465 455; baseline 0.003 -17"><span class='ocrx_word' id='word_1_14' title='bbox 80 394 188 438; x_wconf 89' lang='lat' dir='ltr'>sicut</span> <span class='ocrx_word' id='word_1_15' title='bbox 213 401 363 453; x_wconf 88' lang='lat' dir='ltr'>postea</span> <span class='ocrx_word' id='word_1_16' title='bbox 399 391 660 437; x_wconf 89' lang='lat' dir='ltr'>manifestat.</span> <span class='ocrx_word' id='word_1_17' title='bbox 689 396 783 438; x_wconf 91' lang='lat' dir='ltr'>Hoc</span> <span class='ocrx_word' id='word_1_18' title='bbox 809 403 956 438; x_wconf 90' lang='lat' dir='ltr'>autem</span> <span class='ocrx_word' id='word_1_19' title='bbox 985 395 1127 453; x_wconf 84' lang='lat' dir='ltr'>agitur</span> <span class='ocrx_word' id='word_1_20' title='bbox 1153 410 1230 454; x_wconf 87' lang='lat' dir='ltr'>per</span> <span class='ocrx_word' id='word_1_21' title='bbox 1260 396 1465 455; x_wconf 84' lang='lat' dir='ltr'>paedago-</span> 
     </span>
     <span class='ocr_line' id='line_1_4' title="bbox 80 465 1467 525; baseline 0.002 -16"><span class='ocrx_word' id='word_1_22' title='bbox 80 479 183 523; x_wconf 85' lang='lat' dir='ltr'>gum</span> <span class='ocrx_word' id='word_1_23' title='bbox 201 500 212 520; x_wconf 88' lang='lat'><strong>‚</strong></span> <span class='ocrx_word' id='word_1_24' title='bbox 234 474 285 509; x_wconf 90' lang='lat' dir='ltr'>ut</span> <span class='ocrx_word' id='word_1_25' title='bbox 305 480 395 509; x_wconf 91' lang='lat' dir='ltr'>non</span> <span class='ocrx_word' id='word_1_26' title='bbox 416 465 471 509; x_wconf 92' lang='lat' dir='ltr'>sit</span> <span class='ocrx_word' id='word_1_27' title='bbox 485 465 748 510; x_wconf 87' lang='lat' dir='ltr'>necessarius</span> <span class='ocrx_word' id='word_1_28' title='bbox 767 465 1032 525; x_wconf 80' lang='lat' dir='ltr'>paedagogus</span> <span class='ocrx_word' id='word_1_29' title='bbox 1048 468 1061 491; x_wconf 82' lang='lat'>1</span> <span class='ocrx_word' id='word_1_30' title='bbox 1086 466 1220 510; x_wconf 86' lang='lat' dir='ltr'>:sicut</span> <span class='ocrx_word' id='word_1_31' title='bbox 1234 481 1310 525; x_wconf 88' lang='lat' dir='ltr'>per</span> <span class='ocrx_word' id='word_1_32' title='bbox 1333 467 1467 513; x_wconf 86' lang='lat' dir='ltr'>ubera</span> 
     </span>
     <span class='ocr_line' id='line_1_5' title="bbox 79 534 1465 596; baseline 0.003 -17"><span class='ocrx_word' id='word_1_33' title='bbox 79 536 272 580; x_wconf 88' lang='lat' dir='ltr'>nutritur</span> <span class='ocrx_word' id='word_1_34' title='bbox 287 534 446 591; x_wconf 85' lang='lat' dir='ltr'>infans,</span> <span class='ocrx_word' id='word_1_35' title='bbox 462 545 512 580; x_wconf 90' lang='lat' dir='ltr'>ut</span> <span class='ocrx_word' id='word_1_36' title='bbox 529 537 620 596; x_wconf 87' lang='lat' dir='ltr'>jam</span> <span class='ocrx_word' id='word_1_37' title='bbox 642 536 853 581; x_wconf 83' lang='lat' dir='ltr'>uberibus</span> <span class='ocrx_word' id='word_1_38' title='bbox 867 552 957 581; x_wconf 93' lang='lat' dir='ltr'>non</span> <span class='ocrx_word' id='word_1_39' title='bbox 979 536 1173 596; x_wconf 84' lang='lat' dir='ltr'>indigeat</span> <span class='ocrx_word' id='word_1_40' title='bbox 1192 558 1203 594; x_wconf 79' lang='lat'><em>3</em></span> <span class='ocrx_word' id='word_1_41' title='bbox 1223 546 1266 581; x_wconf 86' lang='lat' dir='ltr'>et</span> <span class='ocrx_word' id='word_1_42' title='bbox 1287 552 1364 596; x_wconf 88' lang='lat' dir='ltr'>per</span> <span class='ocrx_word' id='word_1_43' title='bbox 1385 554 1465 583; x_wconf 86' lang='lat' dir='ltr'>na-</span> 
     </span>
     <span class='ocr_line' id='line_1_6' title="bbox 81 607 1466 667; baseline 0.002 -17"><span class='ocrx_word' id='word_1_44' title='bbox 81 621 176 650; x_wconf 92' lang='lat' dir='ltr'>vem</span> <span class='ocrx_word' id='word_1_45' title='bbox 192 607 442 666; x_wconf 87' lang='lat' dir='ltr'>pervenitur</span> <span class='ocrx_word' id='word_1_46' title='bbox 459 607 514 651; x_wconf 88' lang='lat' dir='ltr'>ad</span> <span class='ocrx_word' id='word_1_47' title='bbox 528 607 710 666; x_wconf 88' lang='lat' dir='ltr'>patriam</span> <span class='ocrx_word' id='word_1_48' title='bbox 722 643 733 662; x_wconf 77' lang='lat'>,</span> <span class='ocrx_word' id='word_1_49' title='bbox 754 617 803 651; x_wconf 90' lang='lat' dir='ltr'>ut</span> <span class='ocrx_word' id='word_1_50' title='bbox 814 608 905 667; x_wconf 86' lang='lat' dir='ltr'>jam</span> <span class='ocrx_word' id='word_1_51' title='bbox 922 607 1022 653; x_wconf 90' lang='lat' dir='ltr'>navi</span> <span class='ocrx_word' id='word_1_52' title='bbox 1040 623 1148 667; x_wconf 89' lang='lat' dir='ltr'>opus</span> <span class='ocrx_word' id='word_1_53' title='bbox 1166 623 1254 652; x_wconf 91' lang='lat' dir='ltr'>non</span> <span class='ocrx_word' id='word_1_54' title='bbox 1271 608 1339 652; x_wconf 87' lang='lat' dir='ltr'>sit.</span> <span class='ocrx_word' id='word_1_55' title='bbox 1370 608 1466 653; x_wconf 87' lang='lat' dir='ltr'>Sive</span> 
     </span>
     <span class='ocr_line' id='line_1_7' title="bbox 79 677 1467 737; baseline 0.002 -17"><span class='ocrx_word' id='word_1_56' title='bbox 79 691 155 736; x_wconf 87' lang='lat' dir='ltr'>per</span> <span class='ocrx_word' id='word_1_57' title='bbox 173 680 331 736; x_wconf 84' lang='lat' dir='ltr'>Legem</span> <span class='ocrx_word' id='word_1_58' title='bbox 363 677 610 736; x_wconf 84' lang='lat' dir='ltr'>spiritaliter</span> <span class='ocrx_word' id='word_1_59' title='bbox 631 677 897 722; x_wconf 86' lang='lat' dir='ltr'>intellectam</span> <span class='ocrx_word' id='word_1_60' title='bbox 930 678 1036 737; x_wconf 88' lang='lat' dir='ltr'>Legi</span> <span class='ocrx_word' id='word_1_61' title='bbox 1075 687 1273 723; x_wconf 88' lang='lat' dir='ltr'>mortuus</span> <span class='ocrx_word' id='word_1_62' title='bbox 1297 688 1386 734; x_wconf 89' lang='lat' dir='ltr'>est,</span> <span class='ocrx_word' id='word_1_63' title='bbox 1413 695 1467 724; x_wconf 91' lang='lat' dir='ltr'>ne</span> 
     </span>
     <span class='ocr_line' id='line_1_8' title="bbox 79 745 1468 808; baseline 0.002 -18"><span class='ocrx_word' id='word_1_64' title='bbox 79 747 160 791; x_wconf 91' lang='lat' dir='ltr'>sub</span> <span class='ocrx_word' id='word_1_65' title='bbox 183 762 232 791; x_wconf 89' lang='lat' dir='ltr'>ea</span> <span class='ocrx_word' id='word_1_66' title='bbox 253 745 484 792; x_wconf 79' lang='lat' dir='ltr'>carnaliter</span> <span class='ocrx_word' id='word_1_67' title='bbox 505 747 683 792; x_wconf 87' lang='lat' dir='ltr'>viveret.</span> <span class='ocrx_word' id='word_1_68' title='bbox 710 750 818 792; x_wconf 92' lang='lat' dir='ltr'>Nam</span> <span class='ocrx_word' id='word_1_69' title='bbox 836 748 920 793; x_wconf 89' lang='lat' dir='ltr'>hoc</span> <span class='ocrx_word' id='word_1_70' title='bbox 942 747 1074 793; x_wconf 91' lang='lat' dir='ltr'>modo</span> <span class='ocrx_word' id='word_1_71' title='bbox 1089 764 1165 808; x_wconf 90' lang='lat' dir='ltr'>per</span> <span class='ocrx_word' id='word_1_72' title='bbox 1183 752 1344 808; x_wconf 86' lang='lat' dir='ltr'>Legem</span> <span class='ocrx_word' id='word_1_73' title='bbox 1364 750 1468 808; x_wconf 86' lang='lat' dir='ltr'>Legi</span> 
     </span>
     <span class='ocr_line' id='line_1_9' title="bbox 80 818 1468 880; baseline 0.001 -18"><span class='ocrx_word' id='word_1_74' title='bbox 80 827 128 862; x_wconf 92' lang='lat' dir='ltr'>ut</span> <span class='ocrx_word' id='word_1_75' title='bbox 158 827 433 863; x_wconf 85' lang='lat' dir='ltr'>morerentur</span> <span class='ocrx_word' id='word_1_76' title='bbox 452 818 651 874; x_wconf 85' lang='lat' dir='ltr'>volebat,</span> <span class='ocrx_word' id='word_1_77' title='bbox 677 834 778 864; x_wconf 91' lang='lat' dir='ltr'>cum</span> <span class='ocrx_word' id='word_1_78' title='bbox 801 819 1011 879; x_wconf 75' lang='lat' dir='ltr'>eis‘paulo</span> <span class='ocrx_word' id='word_1_79' title='bbox 1039 829 1137 880; x_wconf 88' lang='lat' dir='ltr'>post</span> <span class='ocrx_word' id='word_1_80' title='bbox 1159 822 1218 865; x_wconf 87' lang='lat' dir='ltr'>ait</span> <span class='ocrx_word' id='word_1_81' title='bbox 1244 840 1252 865; x_wconf 75' lang='grc' dir='ltr'>ε</span> <span class='ocrx_word' id='word_1_82' title='bbox 1289 840 1309 863; x_wconf 88' lang='lat'>«</span> <span class='ocrx_word' id='word_1_83' title='bbox 1330 821 1468 866; x_wconf 86' lang='lat' dir='ltr'>Dicite</span> 
     </span>
     <span class='ocr_line' id='line_1_10' title="bbox 81 889 1468 950; baseline 0.003 -21"><span class='ocrx_word' id='word_1_84' title='bbox 81 906 101 929; x_wconf 92' lang='lat'>»</span> <span class='ocrx_word' id='word_1_85' title='bbox 137 889 241 932; x_wconf 90' lang='lat' dir='ltr'>mihi</span> <span class='ocrx_word' id='word_1_86' title='bbox 279 890 361 933; x_wconf 87' lang='lat' dir='ltr'>suh</span> <span class='ocrx_word' id='word_1_87' title='bbox 400 892 514 949; x_wconf 87' lang='lat' dir='ltr'>Lege</span> <span class='ocrx_word' id='word_1_88' title='bbox 550 889 746 934; x_wconf 88' lang='lat' dir='ltr'>volentes</span> <span class='ocrx_word' id='word_1_89' title='bbox 798 905 887 934; x_wconf 91' lang='lat' dir='ltr'>esse</span> <span class='ocrx_word' id='word_1_90' title='bbox 902 925 912 944; x_wconf 82' lang='grc'>,</span> <span class='ocrx_word' id='word_1_91' title='bbox 952 894 1113 950; x_wconf 89' lang='lat' dir='ltr'>Legem</span> <span class='ocrx_word' id='word_1_92' title='bbox 1153 907 1244 936; x_wconf 91' lang='lat' dir='ltr'>non</span> <span class='ocrx_word' id='word_1_93' title='bbox 1284 891 1468 949; x_wconf 78' lang='lat' dir='ltr'>legistis?</span> 
     </span>
     <span class='ocr_line' id='line_1_11' title="bbox 82 959 1464 1020; baseline 0.004 -19"><span class='ocrx_word' id='word_1_94' title='bbox 82 976 101 999; x_wconf 93' lang='lat'>»</span> <span class='ocrx_word' id='word_1_95' title='bbox 140 959 355 1018; x_wconf 88' lang='lat' dir='ltr'>Scriptum</span> <span class='ocrx_word' id='word_1_96' title='bbox 379 969 443 1003; x_wconf 89' lang='lat' dir='ltr'>est</span> <span class='ocrx_word' id='word_1_97' title='bbox 465 960 580 1004; x_wconf 90' lang='lat' dir='ltr'>enim</span> <span class='ocrx_word' id='word_1_98' title='bbox 594 995 605 1015; x_wconf 92' lang='lat'>,</span> <span class='ocrx_word' id='word_1_99' title='bbox 630 960 753 1020; x_wconf 87' lang='lat' dir='ltr'>quod</span> <span class='ocrx_word' id='word_1_100' title='bbox 774 961 995 1005; x_wconf 88' lang='lat' dir='ltr'>Abraham</span> <span class='ocrx_word' id='word_1_101' title='bbox 1014 962 1124 1006; x_wconf 90' lang='lat' dir='ltr'>duos</span> <span class='ocrx_word' id='word_1_102' title='bbox 1145 961 1255 1006; x_wconf 90' lang='lat' dir='ltr'>filios</span> <span class='ocrx_word' id='word_1_103' title='bbox 1283 962 1438 1006; x_wconf 90' lang='lat' dir='ltr'>habuit</span> <span class='ocrx_word' id='word_1_104' title='bbox 1453 997 1464 1016; x_wconf 84' lang='lat'>‚</span> 
     </span>
     <span class='ocr_line' id='line_1_12' title="bbox 81 1030 1469 1091; baseline 0.006 -23"><span class='ocrx_word' id='word_1_105' title='bbox 81 1046 100 1069; x_wconf 62' lang='grc' dir='ltr'>ι)</span> <span class='ocrx_word' id='word_1_106' title='bbox 138 1037 206 1072; x_wconf 85' lang='lat' dir='ltr'>etc</span> <span class='ocrx_word' id='word_1_107' title='bbox 220 1032 252 1072; x_wconf 74' lang='lat'>2.</span> <span class='ocrx_word' id='word_1_108' title='bbox 283 1047 303 1070; x_wconf 90' lang='lat'>»</span> <span class='ocrx_word' id='word_1_109' title='bbox 330 1039 380 1073; x_wconf 89' lang='lat' dir='ltr'>ut</span> <span class='ocrx_word' id='word_1_110' title='bbox 403 1045 478 1089; x_wconf 89' lang='lat' dir='ltr'>per</span> <span class='ocrx_word' id='word_1_111' title='bbox 509 1030 708 1074; x_wconf 86' lang='lat' dir='ltr'>eamdem</span> <span class='ocrx_word' id='word_1_112' title='bbox 732 1034 892 1090; x_wconf 88' lang='lat' dir='ltr'>Legem</span> <span class='ocrx_word' id='word_1_113' title='bbox 926 1031 1175 1091; x_wconf 87' lang='lat' dir='ltr'>spiritaliter</span> <span class='ocrx_word' id='word_1_114' title='bbox 1199 1031 1469 1077; x_wconf 87' lang='lat' dir='ltr'>intellectam</span> 
     </span>
     <span class='ocr_line' id='line_1_13' title="bbox 78 1100 1467 1161; baseline 0.004 -18"><span class='ocrx_word' id='word_1_115' title='bbox 78 1108 352 1144; x_wconf 86' lang='lat' dir='ltr'>morerentur</span> <span class='ocrx_word' id='word_1_116' title='bbox 365 1100 613 1145; x_wconf 88' lang='lat' dir='ltr'>carnalibus</span> <span class='ocrx_word' id='word_1_117' title='bbox 628 1102 1004 1147; x_wconf 86' lang='lat' dir='ltr'>observationibus</span> <span class='ocrx_word' id='word_1_118' title='bbox 1021 1103 1159 1161; x_wconf 84' lang='lat' dir='ltr'>Legis.</span> <span class='ocrx_word' id='word_1_119' title='bbox 1176 1102 1305 1156; x_wconf 87' lang='lat' dir='ltr'>Quod</span> <span class='ocrx_word' id='word_1_120' title='bbox 1322 1114 1467 1148; x_wconf 86' lang='lat' dir='ltr'>autem</span> 
     </span>
     <span class='ocr_line' id='line_1_14' title="bbox 78 1169 1466 1232; baseline 0.003 -18"><span class='ocrx_word' id='word_1_121' title='bbox 78 1169 278 1230; x_wconf 87' lang='lat' dir='ltr'>adjungit</span> <span class='ocrx_word' id='word_1_122' title='bbox 306 1190 315 1216; x_wconf 74' lang='grc' dir='ltr'>ε</span> <span class='ocrx_word' id='word_1_123' title='bbox 341 1190 360 1213; x_wconf 92' lang='lat'>«</span> <span class='ocrx_word' id='word_1_124' title='bbox 386 1174 442 1216; x_wconf 89' lang='lat' dir='ltr'>Ut</span> <span class='ocrx_word' id='word_1_125' title='bbox 458 1174 547 1216; x_wconf 92' lang='lat' dir='ltr'>Deo</span> <span class='ocrx_word' id='word_1_126' title='bbox 566 1172 709 1216; x_wconf 90' lang='lat' dir='ltr'>vivam</span> <span class='ocrx_word' id='word_1_127' title='bbox 725 1174 740 1198; x_wconf 75' lang='lat'><strong>3</strong></span> <span class='ocrx_word' id='word_1_128' title='bbox 760 1207 770 1227; x_wconf 83' lang='lat'>‚</span> <span class='ocrx_word' id='word_1_129' title='bbox 800 1191 819 1213; x_wconf 78' lang='lat'>»</span> <span class='ocrx_word' id='word_1_130' title='bbox 844 1176 934 1217; x_wconf 89' lang='lat' dir='ltr'>Deo</span> <span class='ocrx_word' id='word_1_131' title='bbox 951 1174 1058 1218; x_wconf 90' lang='lat' dir='ltr'>vivit</span> <span class='ocrx_word' id='word_1_132' title='bbox 1079 1174 1154 1232; x_wconf 88' lang='lat' dir='ltr'>qui</span> <span class='ocrx_word' id='word_1_133' title='bbox 1167 1174 1248 1217; x_wconf 80' lang='lat' dir='ltr'>sul)</span> <span class='ocrx_word' id='word_1_134' title='bbox 1272 1177 1362 1218; x_wconf 93' lang='lat' dir='ltr'>Deo</span> <span class='ocrx_word' id='word_1_135' title='bbox 1380 1184 1466 1232; x_wconf 73' lang='lat' dir='ltr'>est3</span> 
     </span>
     <span class='ocr_line' id='line_1_15' title="bbox 78 1241 1468 1301; baseline 0.002 -17"><span class='ocrx_word' id='word_1_136' title='bbox 78 1241 181 1299; x_wconf 83' lang='lat' dir='ltr'>Legi</span> <span class='ocrx_word' id='word_1_137' title='bbox 203 1250 349 1285; x_wconf 89' lang='lat' dir='ltr'>autem</span> <span class='ocrx_word' id='word_1_138' title='bbox 374 1241 450 1301; x_wconf 89' lang='lat' dir='ltr'>qui</span> <span class='ocrx_word' id='word_1_139' title='bbox 468 1242 550 1285; x_wconf 89' lang='lat' dir='ltr'>sub</span> <span class='ocrx_word' id='word_1_140' title='bbox 569 1244 685 1300; x_wconf 82' lang='lat' dir='ltr'>Lege</span> <span class='ocrx_word' id='word_1_141' title='bbox 703 1251 766 1286; x_wconf 89' lang='lat' dir='ltr'>est</span> <span class='ocrx_word' id='word_1_142' title='bbox 787 1261 797 1287; x_wconf 89' lang='grc'>;</span> <span class='ocrx_word' id='word_1_143' title='bbox 817 1243 898 1286; x_wconf 90' lang='lat' dir='ltr'>sub</span> <span class='ocrx_word' id='word_1_144' title='bbox 922 1246 1034 1300; x_wconf 84' lang='lat' dir='ltr'>Lege</span> <span class='ocrx_word' id='word_1_145' title='bbox 1057 1252 1204 1287; x_wconf 81' lang='lat' dir='ltr'>autem</span> <span class='ocrx_word' id='word_1_146' title='bbox 1234 1243 1367 1298; x_wconf 88' lang='lat' dir='ltr'>vivit,</span> <span class='ocrx_word' id='word_1_147' title='bbox 1401 1244 1468 1287; x_wconf 90' lang='lat' dir='ltr'>in-</span> 
     </span>
     <span class='ocr_line' id='line_1_16' title="bbox 76 1313 1468 1374; baseline 0.003 -19"><span class='ocrx_word' id='word_1_148' title='bbox 76 1321 291 1371; x_wconf 86' lang='lat' dir='ltr'>quantum</span> <span class='ocrx_word' id='word_1_149' title='bbox 307 1313 491 1373; x_wconf 86' lang='lat' dir='ltr'>quisque</span> <span class='ocrx_word' id='word_1_150' title='bbox 514 1322 715 1371; x_wconf 86' lang='lat' dir='ltr'>peccator</span> <span class='ocrx_word' id='word_1_151' title='bbox 737 1323 816 1369; x_wconf 82' lang='lat' dir='ltr'>est,</span> <span class='ocrx_word' id='word_1_152' title='bbox 832 1313 874 1357; x_wconf 87' lang='lat' dir='ltr'>id</span> <span class='ocrx_word' id='word_1_153' title='bbox 892 1323 970 1369; x_wconf 84' lang='lat' dir='ltr'>est,</span> <span class='ocrx_word' id='word_1_154' title='bbox 992 1314 1253 1374; x_wconf 86' lang='lat' dir='ltr'>inquantum</span> <span class='ocrx_word' id='word_1_155' title='bbox 1278 1331 1301 1358; x_wconf 92' lang='lat' dir='ltr'>a</span> <span class='ocrx_word' id='word_1_156' title='bbox 1324 1324 1468 1359; x_wconf 85' lang='lat' dir='ltr'>vetere</span> 
     </span>
     <span class='ocr_line' id='line_1_17' title="bbox 75 1383 1468 1440; baseline 0.001 -14"><span class='ocrx_word' id='word_1_157' title='bbox 75 1383 251 1427; x_wconf 86' lang='lat' dir='ltr'>homine</span> <span class='ocrx_word' id='word_1_158' title='bbox 269 1398 358 1427; x_wconf 93' lang='lat' dir='ltr'>non</span> <span class='ocrx_word' id='word_1_159' title='bbox 376 1393 439 1427; x_wconf 90' lang='lat' dir='ltr'>est</span> <span class='ocrx_word' id='word_1_160' title='bbox 461 1392 654 1427; x_wconf 87' lang='lat' dir='ltr'>mutatus</span> <span class='ocrx_word' id='word_1_161' title='bbox 672 1404 682 1440; x_wconf 77' lang='lat'><em>3</em></span> <span class='ocrx_word' id='word_1_162' title='bbox 705 1399 783 1427; x_wconf 88' lang='lat' dir='ltr'>sua</span> <span class='ocrx_word' id='word_1_163' title='bbox 806 1385 921 1428; x_wconf 89' lang='lat' dir='ltr'>enim</span> <span class='ocrx_word' id='word_1_164' title='bbox 943 1384 1030 1428; x_wconf 88' lang='lat' dir='ltr'>vita</span> <span class='ocrx_word' id='word_1_165' title='bbox 1052 1384 1159 1429; x_wconf 88' lang='lat' dir='ltr'>vivit</span> <span class='ocrx_word' id='word_1_166' title='bbox 1176 1419 1186 1440; x_wconf 84' lang='lat'>,</span> <span class='ocrx_word' id='word_1_167' title='bbox 1205 1394 1248 1429; x_wconf 89' lang='lat' dir='ltr'>et</span> <span class='ocrx_word' id='word_1_168' title='bbox 1263 1384 1361 1429; x_wconf 90' lang='lat' dir='ltr'>ideo</span> <span class='ocrx_word' id='word_1_169' title='bbox 1380 1388 1468 1429; x_wconf 83' lang='lat' dir='ltr'>Lex</span> 
     </span>
     <span class='ocr_line' id='line_1_18' title="bbox 74 1454 1464 1515; baseline 0.002 -17"><span class='ocrx_word' id='word_1_170' title='bbox 74 1470 201 1514; x_wconf 90' lang='lat' dir='ltr'>supra</span> <span class='ocrx_word' id='word_1_171' title='bbox 226 1454 352 1498; x_wconf 89' lang='lat' dir='ltr'>illum</span> <span class='ocrx_word' id='word_1_172' title='bbox 369 1464 430 1499; x_wconf 90' lang='lat' dir='ltr'>est</span> <span class='ocrx_word' id='word_1_173' title='bbox 455 1474 463 1499; x_wconf 87' lang='lat'>:</span> <span class='ocrx_word' id='word_1_174' title='bbox 489 1455 594 1515; x_wconf 84' lang='lat' dir='ltr'>quia</span> <span class='ocrx_word' id='word_1_175' title='bbox 611 1455 687 1515; x_wconf 93' lang='lat' dir='ltr'>qui</span> <span class='ocrx_word' id='word_1_176' title='bbox 705 1470 799 1500; x_wconf 89' lang='lat' dir='ltr'>eam</span> <span class='ocrx_word' id='word_1_177' title='bbox 815 1471 904 1499; x_wconf 92' lang='lat' dir='ltr'>non</span> <span class='ocrx_word' id='word_1_178' title='bbox 921 1454 1091 1514; x_wconf 88' lang='lat' dir='ltr'>implet,</span> <span class='ocrx_word' id='word_1_179' title='bbox 1108 1454 1223 1500; x_wconf 89' lang='lat' dir='ltr'>infra</span> <span class='ocrx_word' id='word_1_180' title='bbox 1245 1455 1365 1501; x_wconf 88' lang='lat' dir='ltr'>illam</span> <span class='ocrx_word' id='word_1_181' title='bbox 1386 1467 1464 1501; x_wconf 87' lang='lat' dir='ltr'>est.</span> 
     </span>
     <span class='ocr_line' id='line_1_19' title="bbox 74 1525 1470 1587; baseline 0.001 -16"><span class='ocrx_word' id='word_1_182' title='bbox 74 1528 181 1571; x_wconf 92' lang='lat' dir='ltr'>Nam</span> <span class='ocrx_word' id='word_1_183' title='bbox 200 1527 318 1586; x_wconf 87' lang='lat' dir='ltr'>justo</span> <span class='ocrx_word' id='word_1_184' title='bbox 342 1529 430 1570; x_wconf 85' lang='lat' dir='ltr'>Lex</span> <span class='ocrx_word' id='word_1_185' title='bbox 452 1526 594 1585; x_wconf 85' lang='lat' dir='ltr'>posita</span> <span class='ocrx_word' id='word_1_186' title='bbox 618 1541 707 1570; x_wconf 89' lang='lat' dir='ltr'>non</span> <span class='ocrx_word' id='word_1_187' title='bbox 728 1534 792 1569; x_wconf 87' lang='lat' dir='ltr'>est</span> <span class='ocrx_word' id='word_1_188' title='bbox 808 1561 818 1580; x_wconf 86' lang='lat'>,</span> <span class='ocrx_word' id='word_1_189' title='bbox 852 1525 897 1570; x_wconf 91' lang='lat' dir='ltr'>id</span> <span class='ocrx_word' id='word_1_190' title='bbox 914 1535 978 1570; x_wconf 90' lang='lat' dir='ltr'>est</span> <span class='ocrx_word' id='word_1_191' title='bbox 1011 1527 1214 1586; x_wconf 89' lang='lat' dir='ltr'>imposita</span> <span class='ocrx_word' id='word_1_192' title='bbox 1232 1562 1242 1581; x_wconf 88' lang='lat'>,</span> <span class='ocrx_word' id='word_1_193' title='bbox 1269 1537 1319 1571; x_wconf 92' lang='lat' dir='ltr'>ut</span> <span class='ocrx_word' id='word_1_194' title='bbox 1340 1543 1470 1587; x_wconf 85' lang='lat' dir='ltr'>supra</span> 
     </span>
     <span class='ocr_line' id='line_1_20' title="bbox 75 1595 1470 1658; baseline 0.003 -20"><span class='ocrx_word' id='word_1_195' title='bbox 75 1595 198 1640; x_wconf 89' lang='lat' dir='ltr'>illum</span> <span class='ocrx_word' id='word_1_196' title='bbox 222 1597 307 1641; x_wconf 79' lang='lat' dir='ltr'>sit⁴</span> <span class='ocrx_word' id='word_1_197' title='bbox 339 1615 348 1640; x_wconf 91' lang='lat'>:</span> <span class='ocrx_word' id='word_1_198' title='bbox 370 1598 415 1639; x_wconf 92' lang='lat' dir='ltr'>in</span> <span class='ocrx_word' id='word_1_199' title='bbox 436 1596 510 1640; x_wconf 85' lang='lat' dir='ltr'>illa</span> <span class='ocrx_word' id='word_1_200' title='bbox 535 1606 599 1641; x_wconf 86' lang='lat' dir='ltr'>est</span> <span class='ocrx_word' id='word_1_201' title='bbox 631 1596 745 1640; x_wconf 88' lang='lat' dir='ltr'>enim</span> <span class='ocrx_word' id='word_1_202' title='bbox 774 1597 920 1655; x_wconf 81' lang='lat' dir='ltr'>potius</span> <span class='ocrx_word' id='word_1_203' title='bbox 947 1613 1080 1657; x_wconf 87' lang='lat' dir='ltr'>quam</span> <span class='ocrx_word' id='word_1_204' title='bbox 1116 1598 1196 1642; x_wconf 88' lang='lat' dir='ltr'>sub</span> <span class='ocrx_word' id='word_1_205' title='bbox 1227 1598 1328 1655; x_wconf 79' lang='lat' dir='ltr'>illa;</span> <span class='ocrx_word' id='word_1_206' title='bbox 1367 1598 1470 1658; x_wconf 82' lang='lat' dir='ltr'>quia</span> 
     </span>
     <span class='ocr_line' id='line_1_21' title="bbox 76 1666 1469 1727; baseline 0.001 -16"><span class='ocrx_word' id='word_1_207' title='bbox 76 1683 165 1713; x_wconf 91' lang='lat' dir='ltr'>non</span> <span class='ocrx_word' id='word_1_208' title='bbox 186 1683 263 1711; x_wconf 85' lang='lat' dir='ltr'>sua</span> <span class='ocrx_word' id='word_1_209' title='bbox 284 1667 372 1712; x_wconf 91' lang='lat' dir='ltr'>vita</span> <span class='ocrx_word' id='word_1_210' title='bbox 388 1668 523 1722; x_wconf 86' lang='lat' dir='ltr'>vivit,</span> <span class='ocrx_word' id='word_1_211' title='bbox 540 1667 612 1711; x_wconf 91' lang='lat' dir='ltr'>cui</span> <span class='ocrx_word' id='word_1_212' title='bbox 630 1666 884 1712; x_wconf 84' lang='lat' dir='ltr'>coercendae</span> <span class='ocrx_word' id='word_1_213' title='bbox 901 1672 987 1711; x_wconf 78' lang='lat' dir='ltr'>Lex</span> <span class='ocrx_word' id='word_1_214' title='bbox 1006 1668 1263 1727; x_wconf 89' lang='lat' dir='ltr'>imponitur.</span> <span class='ocrx_word' id='word_1_215' title='bbox 1284 1672 1339 1713; x_wconf 80' lang='lat' dir='ltr'>L&#39;t</span> <span class='ocrx_word' id='word_1_216' title='bbox 1354 1671 1469 1713; x_wconf 88' lang='lat' dir='ltr'>enim</span> 
     </span>
     <span class='ocr_line' id='line_1_22' title="bbox 77 1738 1469 1799; baseline 0.002 -17"><span class='ocrx_word' id='word_1_217' title='bbox 77 1739 136 1783; x_wconf 90' lang='lat' dir='ltr'>sic</span> <span class='ocrx_word' id='word_1_218' title='bbox 153 1738 317 1793; x_wconf 87' lang='lat' dir='ltr'>dicam,</span> <span class='ocrx_word' id='word_1_219' title='bbox 345 1738 434 1798; x_wconf 91' lang='lat' dir='ltr'>ipsa</span> <span class='ocrx_word' id='word_1_220' title='bbox 457 1739 649 1798; x_wconf 84' lang='lat' dir='ltr'>quodam</span> <span class='ocrx_word' id='word_1_221' title='bbox 673 1739 805 1782; x_wconf 91' lang='lat' dir='ltr'>modo</span> <span class='ocrx_word' id='word_1_222' title='bbox 827 1741 940 1797; x_wconf 88' lang='lat' dir='ltr'>Lege</span> <span class='ocrx_word' id='word_1_223' title='bbox 961 1739 1089 1794; x_wconf 86' lang='lat' dir='ltr'>vivit,</span> <span class='ocrx_word' id='word_1_224' title='bbox 1116 1739 1313 1799; x_wconf 87' lang='lat' dir='ltr'>quicum</span> <span class='ocrx_word' id='word_1_225' title='bbox 1332 1740 1469 1785; x_wconf 82' lang='lat' dir='ltr'>dilee-</span> 
     </span>
     <span class='ocr_line' id='line_1_23' title="bbox 78 1810 1470 1870; baseline 0.001 -16"><span class='ocrx_word' id='word_1_226' title='bbox 78 1810 194 1855; x_wconf 86' lang='lat' dir='ltr'>tione</span> <span class='ocrx_word' id='word_1_227' title='bbox 207 1810 385 1870; x_wconf 85' lang='lat' dir='ltr'>justitiae</span> <span class='ocrx_word' id='word_1_228' title='bbox 403 1811 520 1869; x_wconf 86' lang='lat' dir='ltr'>juste</span> <span class='ocrx_word' id='word_1_229' title='bbox 542 1811 648 1854; x_wconf 89' lang='lat' dir='ltr'>vivit</span> <span class='ocrx_word' id='word_1_230' title='bbox 665 1845 675 1864; x_wconf 86' lang='lat'>‚</span> <span class='ocrx_word' id='word_1_231' title='bbox 702 1826 790 1854; x_wconf 90' lang='lat' dir='ltr'>non</span> <span class='ocrx_word' id='word_1_232' title='bbox 812 1811 989 1869; x_wconf 85' lang='lat' dir='ltr'>proprio</span> <span class='ocrx_word' id='word_1_233' title='bbox 1013 1827 1061 1854; x_wconf 86' lang='lat' dir='ltr'>ac</span> <span class='ocrx_word' id='word_1_234' title='bbox 1090 1812 1339 1856; x_wconf 84' lang='lat' dir='ltr'>transitorio</span> <span class='ocrx_word' id='word_1_235' title='bbox 1358 1847 1368 1867; x_wconf 90' lang='lat'>‚</span> <span class='ocrx_word' id='word_1_236' title='bbox 1394 1812 1470 1856; x_wconf 85' lang='lat' dir='ltr'>sed</span> 
     </span>
     <span class='ocr_line' id='line_1_24' title="bbox 79 1880 1472 1939; baseline 0.001 -14"><span class='ocrx_word' id='word_1_237' title='bbox 79 1882 301 1926; x_wconf 89' lang='lat' dir='ltr'>communi</span> <span class='ocrx_word' id='word_1_238' title='bbox 323 1896 371 1924; x_wconf 89' lang='lat' dir='ltr'>ac</span> <span class='ocrx_word' id='word_1_239' title='bbox 395 1880 539 1924; x_wconf 86' lang='lat' dir='ltr'>stabili</span> <span class='ocrx_word' id='word_1_240' title='bbox 557 1880 751 1939; x_wconf 86' lang='lat' dir='ltr'>gaudens</span> <span class='ocrx_word' id='word_1_241' title='bbox 767 1881 899 1924; x_wconf 91' lang='lat' dir='ltr'>bono.</span> <span class='ocrx_word' id='word_1_242' title='bbox 922 1883 978 1925; x_wconf 92' lang='lat' dir='ltr'>Et</span> <span class='ocrx_word' id='word_1_243' title='bbox 998 1880 1096 1926; x_wconf 89' lang='lat' dir='ltr'>ideo</span> <span class='ocrx_word' id='word_1_244' title='bbox 1118 1882 1252 1927; x_wconf 86' lang='lat' dir='ltr'>Paulo</span> <span class='ocrx_word' id='word_1_245' title='bbox 1267 1898 1357 1928; x_wconf 91' lang='lat' dir='ltr'>non</span> <span class='ocrx_word' id='word_1_246' title='bbox 1379 1892 1472 1927; x_wconf 83' lang='lat' dir='ltr'>erat</span> 
     </span>
     <span class='ocr_line' id='line_1_25' title="bbox 82 1949 1466 2012; baseline 0.003 -17"><span class='ocrx_word' id='word_1_247' title='bbox 82 1955 168 1996; x_wconf 85' lang='lat' dir='ltr'>Lex</span> <span class='ocrx_word' id='word_1_248' title='bbox 187 1950 474 2010; x_wconf 79' lang='lat' dir='ltr'>imponenda,</span> <span class='ocrx_word' id='word_1_249' title='bbox 500 1950 575 2010; x_wconf 86' lang='lat' dir='ltr'>qui</span> <span class='ocrx_word' id='word_1_250' title='bbox 593 1949 726 2005; x_wconf 86' lang='lat' dir='ltr'>dicit,</span> <span class='ocrx_word' id='word_1_251' title='bbox 766 1969 785 1992; x_wconf 90' lang='lat'>«</span> <span class='ocrx_word' id='word_1_252' title='bbox 807 1951 917 1994; x_wconf 84' lang='lat' dir='ltr'>Vivo</span> <span class='ocrx_word' id='word_1_253' title='bbox 951 1960 1096 1995; x_wconf 85' lang='lat' dir='ltr'>autern</span> <span class='ocrx_word' id='word_1_254' title='bbox 1126 1953 1216 2011; x_wconf 83' lang='lat' dir='ltr'>jam</span> <span class='ocrx_word' id='word_1_255' title='bbox 1241 1968 1330 1998; x_wconf 91' lang='lat' dir='ltr'>non</span> <span class='ocrx_word' id='word_1_256' title='bbox 1358 1969 1438 2012; x_wconf 83' lang='lat' dir='ltr'>ego</span> <span class='ocrx_word' id='word_1_257' title='bbox 1456 1988 1466 2008; x_wconf 85' lang='lat'>,</span> 
     </span>
     <span class='ocr_line' id='line_1_26' title="bbox 84 2021 1470 2081; baseline 0.004 -19"><span class='ocrx_word' id='word_1_258' title='bbox 84 2041 103 2062; x_wconf 92' lang='lat'>»</span> <span class='ocrx_word' id='word_1_259' title='bbox 139 2023 244 2066; x_wconf 89' lang='lat' dir='ltr'>vivit</span> <span class='ocrx_word' id='word_1_260' title='bbox 262 2037 365 2066; x_wconf 89' lang='lat' dir='ltr'>vero</span> <span class='ocrx_word' id='word_1_261' title='bbox 384 2022 426 2064; x_wconf 92' lang='lat' dir='ltr'>in</span> <span class='ocrx_word' id='word_1_262' title='bbox 447 2036 517 2064; x_wconf 90' lang='lat' dir='ltr'>me</span> <span class='ocrx_word' id='word_1_263' title='bbox 539 2021 737 2066; x_wconf 87' lang='lat' dir='ltr'>Christus</span> <span class='ocrx_word' id='word_1_264' title='bbox 757 2024 788 2065; x_wconf 76' lang='lat'>⁵.</span> <span class='ocrx_word' id='word_1_265' title='bbox 820 2040 838 2062; x_wconf 88' lang='lat'>»</span> <span class='ocrx_word' id='word_1_266' title='bbox 866 2021 967 2073; x_wconf 82' lang='lat' dir='ltr'>Quis</span> <span class='ocrx_word' id='word_1_267' title='bbox 991 2038 1093 2081; x_wconf 87' lang='lat' dir='ltr'>ergo</span> <span class='ocrx_word' id='word_1_268' title='bbox 1117 2023 1275 2067; x_wconf 89' lang='lat' dir='ltr'>audeat</span> <span class='ocrx_word' id='word_1_269' title='bbox 1297 2025 1470 2069; x_wconf 86' lang='lat' dir='ltr'>Christo</span> 
     </span>
     <span class='ocr_line' id='line_1_27' title="bbox 83 2092 1470 2152; baseline 0.001 -16"><span class='ocrx_word' id='word_1_270' title='bbox 83 2096 241 2151; x_wconf 82' lang='lat' dir='ltr'>Legem</span> <span class='ocrx_word' id='word_1_271' title='bbox 275 2093 500 2152; x_wconf 88' lang='lat' dir='ltr'>imponere</span> <span class='ocrx_word' id='word_1_272' title='bbox 518 2127 528 2147; x_wconf 82' lang='lat'><strong>‚</strong></span> <span class='ocrx_word' id='word_1_273' title='bbox 555 2092 630 2152; x_wconf 83' lang='lat' dir='ltr'>qui</span> <span class='ocrx_word' id='word_1_274' title='bbox 662 2092 766 2135; x_wconf 85' lang='lat' dir='ltr'>vivit</span> <span class='ocrx_word' id='word_1_275' title='bbox 789 2092 832 2135; x_wconf 87' lang='lat' dir='ltr'>in</span> <span class='ocrx_word' id='word_1_276' title='bbox 859 2092 1024 2137; x_wconf 75' lang='lat' dir='ltr'>Paulo?</span> <span class='ocrx_word' id='word_1_277' title='bbox 1059 2096 1154 2138; x_wconf 93' lang='lat' dir='ltr'>Non</span> <span class='ocrx_word' id='word_1_278' title='bbox 1188 2095 1303 2138; x_wconf 87' lang='lat' dir='ltr'>enim</span> <span class='ocrx_word' id='word_1_279' title='bbox 1338 2095 1470 2139; x_wconf 86' lang='lat' dir='ltr'>audet</span> 
     </span>
     <span class='ocr_line' id='line_1_28' title="bbox 79 2162 1469 2222; baseline 0.001 -15"><span class='ocrx_word' id='word_1_280' title='bbox 79 2164 176 2222; x_wconf 84' lang='lat' dir='ltr'>quis</span> <span class='ocrx_word' id='word_1_281' title='bbox 197 2162 341 2207; x_wconf 88' lang='lat' dir='ltr'>dicere</span> <span class='ocrx_word' id='word_1_282' title='bbox 372 2163 591 2208; x_wconf 83' lang='lat' dir='ltr'>Christum</span> <span class='ocrx_word' id='word_1_283' title='bbox 622 2178 710 2207; x_wconf 88' lang='lat' dir='ltr'>non</span> <span class='ocrx_word' id='word_1_284' title='bbox 743 2172 856 2206; x_wconf 86' lang='lat' dir='ltr'>recte</span> <span class='ocrx_word' id='word_1_285' title='bbox 886 2164 1053 2217; x_wconf 77' lang='lat' dir='ltr'>vivere,</span> <span class='ocrx_word' id='word_1_286' title='bbox 1089 2173 1136 2207; x_wconf 91' lang='lat' dir='ltr'>ut</span> <span class='ocrx_word' id='word_1_287' title='bbox 1167 2164 1205 2207; x_wconf 83' lang='lat' dir='ltr'>ci</span> <span class='ocrx_word' id='word_1_288' title='bbox 1228 2164 1469 2209; x_wconf 82' lang='lat' dir='ltr'>coercendo</span> 
     </span>
     <span class='ocr_line' id='line_1_29' title="bbox 83 2234 1469 2294; baseline 0.001 -17"><span class='ocrx_word' id='word_1_289' title='bbox 83 2237 166 2278; x_wconf 83' lang='lat' dir='ltr'>Lex</span> <span class='ocrx_word' id='word_1_290' title='bbox 192 2234 455 2293; x_wconf 84' lang='lat' dir='ltr'>imponenda</span> <span class='ocrx_word' id='word_1_291' title='bbox 477 2234 545 2277; x_wconf 89' lang='lat' dir='ltr'>sit.</span> <span class='ocrx_word' id='word_1_292' title='bbox 577 2252 595 2274; x_wconf 87' lang='lat'>«</span> <span class='ocrx_word' id='word_1_293' title='bbox 621 2235 747 2286; x_wconf 87' lang='lat' dir='ltr'>Quod</span> <span class='ocrx_word' id='word_1_294' title='bbox 772 2242 916 2277; x_wconf 83' lang='lat' dir='ltr'>autem</span> <span class='ocrx_word' id='word_1_295' title='bbox 940 2249 1057 2277; x_wconf 83' lang='lat' dir='ltr'>nunc</span> <span class='ocrx_word' id='word_1_296' title='bbox 1080 2234 1177 2278; x_wconf 90' lang='lat' dir='ltr'>vivo</span> <span class='ocrx_word' id='word_1_297' title='bbox 1197 2270 1206 2287; x_wconf 92' lang='lat'>,</span> <span class='ocrx_word' id='word_1_298' title='bbox 1233 2236 1396 2294; x_wconf 83' lang='lat' dir='ltr'>inquit,</span> <span class='ocrx_word' id='word_1_299' title='bbox 1425 2236 1469 2278; x_wconf 87' lang='lat' dir='ltr'>in</span> 
     </span>
     <span class='ocr_line' id='line_1_30' title="bbox 85 2303 1467 2364; baseline 0.004 -19"><span class='ocrx_word' id='word_1_300' title='bbox 85 2322 105 2345; x_wconf 91' lang='lat'>»</span> <span class='ocrx_word' id='word_1_301' title='bbox 141 2321 269 2349; x_wconf 86' lang='lat' dir='ltr'>carne</span> <span class='ocrx_word' id='word_1_302' title='bbox 288 2340 298 2360; x_wconf 89' lang='lat'>‚</span> <span class='ocrx_word' id='word_1_303' title='bbox 330 2325 347 2346; x_wconf 91' lang='lat'>»</span> <span class='ocrx_word' id='word_1_304' title='bbox 373 2305 474 2364; x_wconf 83' lang='lat' dir='ltr'>quia</span> <span class='ocrx_word' id='word_1_305' title='bbox 497 2320 584 2349; x_wconf 91' lang='lat' dir='ltr'>non</span> <span class='ocrx_word' id='word_1_306' title='bbox 611 2313 749 2363; x_wconf 82' lang='lat' dir='ltr'>posset</span> <span class='ocrx_word' id='word_1_307' title='bbox 773 2303 916 2347; x_wconf 74' lang='lat' dir='ltr'>dicere</span> <span class='ocrx_word' id='word_1_308' title='bbox 939 2305 1158 2348; x_wconf 81' lang='lat' dir='ltr'>Christum</span> <span class='ocrx_word' id='word_1_309' title='bbox 1183 2305 1326 2349; x_wconf 84' lang='lat' dir='ltr'>adhuc</span> <span class='ocrx_word' id='word_1_310' title='bbox 1348 2321 1467 2350; x_wconf 89' lang='lat' dir='ltr'>mor-</span> 
     </span>
     <span class='ocr_line' id='line_1_31' title="bbox 85 2375 1465 2430; baseline 0.002 -12"><span class='ocrx_word' id='word_1_311' title='bbox 85 2376 224 2420; x_wconf 77' lang='lat' dir='ltr'>taliter</span> <span class='ocrx_word' id='word_1_312' title='bbox 248 2378 391 2420; x_wconf 70' lang='lat' dir='ltr'>vivere</span> <span class='ocrx_word' id='word_1_313' title='bbox 410 2411 420 2430; x_wconf 84' lang='lat'>,</span> <span class='ocrx_word' id='word_1_314' title='bbox 441 2376 526 2419; x_wconf 87' lang='lat' dir='ltr'>vita</span> <span class='ocrx_word' id='word_1_315' title='bbox 551 2385 694 2418; x_wconf 80' lang='lat' dir='ltr'>autem</span> <span class='ocrx_word' id='word_1_316' title='bbox 720 2376 761 2418; x_wconf 86' lang='lat' dir='ltr'>in</span> <span class='ocrx_word' id='word_1_317' title='bbox 785 2392 913 2418; x_wconf 76' lang='lat' dir='ltr'>carne</span> <span class='ocrx_word' id='word_1_318' title='bbox 938 2375 1126 2418; x_wconf 79' lang='lat' dir='ltr'>mortalis</span> <span class='ocrx_word' id='word_1_319' title='bbox 1142 2386 1226 2430; x_wconf 80' lang='lat' dir='ltr'>cst,</span> <span class='ocrx_word' id='word_1_320' title='bbox 1251 2396 1270 2418; x_wconf 88' lang='lat'>«</span> <span class='ocrx_word' id='word_1_321' title='bbox 1296 2378 1339 2420; x_wconf 90' lang='lat' dir='ltr'>in</span> <span class='ocrx_word' id='word_1_322' title='bbox 1364 2378 1465 2430; x_wconf 67' lang='lat' dir='ltr'>fido,</span> 
     </span>
     <span class='ocr_line' id='line_1_32' title="bbox 87 2446 1467 2506; baseline 0.003 -20"><span class='ocrx_word' id='word_1_323' title='bbox 87 2465 105 2486; x_wconf 90' lang='lat'>»</span> <span class='ocrx_word' id='word_1_324' title='bbox 140 2447 309 2506; x_wconf 84' lang='lat' dir='ltr'>inquit,</span> <span class='ocrx_word' id='word_1_325' title='bbox 342 2447 439 2490; x_wconf 87' lang='lat' dir='ltr'>vivo</span> <span class='ocrx_word' id='word_1_326' title='bbox 466 2446 563 2489; x_wconf 83' lang='lat' dir='ltr'>Filii</span> <span class='ocrx_word' id='word_1_327' title='bbox 589 2446 661 2489; x_wconf 82' lang='lat' dir='ltr'>Dei</span> <span class='ocrx_word' id='word_1_328' title='bbox 688 2465 696 2490; x_wconf 89' lang='lat'>:</span> <span class='ocrx_word' id='word_1_329' title='bbox 728 2465 745 2487; x_wconf 74' lang='lat' dir='ltr'><em>n</em></span> <span class='ocrx_word' id='word_1_330' title='bbox 775 2455 821 2489; x_wconf 83' lang='lat' dir='ltr'>ut</span> <span class='ocrx_word' id='word_1_331' title='bbox 842 2447 967 2489; x_wconf 77' lang='lat' dir='ltr'>ctiam</span> <span class='ocrx_word' id='word_1_332' title='bbox 993 2446 1049 2489; x_wconf 84' lang='lat' dir='ltr'>sic</span> <span class='ocrx_word' id='word_1_333' title='bbox 1067 2447 1263 2490; x_wconf 80' lang='lat' dir='ltr'>Christus</span> <span class='ocrx_word' id='word_1_334' title='bbox 1287 2449 1400 2491; x_wconf 81' lang='lat' dir='ltr'>vivat</span> <span class='ocrx_word' id='word_1_335' title='bbox 1425 2449 1467 2490; x_wconf 86' lang='lat' dir='ltr'>in</span> 
     </span>
    </p>

    <p class='ocr_par' dir='ltr' id='par_1_3' title="bbox 84 2543 1466 2641">
     <span class='ocr_line' id='line_1_33' title="bbox 132 2543 1466 2587; baseline -0.001 -10"><span class='ocrx_word' id='word_1_336' title='bbox 132 2552 139 2567; x_wconf 88' lang='lat'>¹</span> <span class='ocrx_word' id='word_1_337' title='bbox 167 2546 269 2577; x_wconf 73' lang='lat' dir='ltr'>Galat.</span> <span class='ocrx_word' id='word_1_338' title='bbox 295 2557 344 2585; x_wconf 79' lang='grc' dir='ltr'>ιιι,</span> <span class='ocrx_word' id='word_1_339' title='bbox 367 2554 419 2587; x_wconf 55' lang='grc' dir='ltr'>τί.</span> <span class='ocrx_word' id='word_1_340' title='bbox 447 2561 487 2568; x_wconf 91' lang='lat'>--</span> <span class='ocrx_word' id='word_1_341' title='bbox 504 2551 515 2566; x_wconf 74' lang='lat'>⁷</span> <span class='ocrx_word' id='word_1_342' title='bbox 533 2545 577 2576; x_wconf 84' lang='lat' dir='ltr'>ld.</span> <span class='ocrx_word' id='word_1_343' title='bbox 597 2555 641 2585; x_wconf 85' lang='grc' dir='ltr'>ιν,</span> <span class='ocrx_word' id='word_1_344' title='bbox 663 2554 718 2585; x_wconf 75' lang='lat'>21,</span> <span class='ocrx_word' id='word_1_345' title='bbox 735 2549 857 2576; x_wconf 81' lang='lat' dir='ltr'>etc.--</span> <span class='ocrx_word' id='word_1_346' title='bbox 880 2543 953 2574; x_wconf 24' lang='lat'>3111*</span> <span class='ocrx_word' id='word_1_347' title='bbox 977 2555 1013 2584; x_wconf 76' lang='grc' dir='ltr'>ιι,</span> <span class='ocrx_word' id='word_1_348' title='bbox 1037 2555 1087 2586; x_wconf 70' lang='lat'>¹9·</span> <span class='ocrx_word' id='word_1_349' title='bbox 1104 2544 1466 2586; x_wconf 59' lang='lat' dir='ltr'>—41‘1&#39;i··1.=,9.—</span> 
     </span>
     <span class='ocr_line' id='line_1_34' title="bbox 84 2599 342 2641; baseline 0.008 -10"><span class='ocrx_word' id='word_1_350' title='bbox 84 2599 98 2622; x_wconf 77' lang='lat'>⁵</span> <span class='ocrx_word' id='word_1_351' title='bbox 117 2601 216 2632; x_wconf 77' lang='lat' dir='ltr'>Galat.</span> <span class='ocrx_word' id='word_1_352' title='bbox 235 2612 270 2641; x_wconf 85' lang='lat' dir='ltr'>n,</span> <span class='ocrx_word' id='word_1_353' title='bbox 291 2610 342 2633; x_wconf 78' lang='lat'>20.</span> 
     </span>
    </p>
   </div>
  </div>
 </body>
</html>
