1867 3320
279 229 417 256 saturo
448 227 619 266 xxxva,
655 230 708 257 nn
741 231 984 260 novamus
1015 232 1261 263 sumamus.
1370 223 1451 264 487

80 292 384 338 contremiscat
405 301 602 337 sanctum
634 292 867 338 concilium
892 295 1044 354 judicii
1077 299 1172 352 Dei,
1209 314 1309 343 cum
1340 299 1455 345 bona

82 363 345 408 conscientia
380 362 550 417 veniat,
577 361 760 421 gloriosa
794 364 941 410 veniat
979 384 988 410 :
1019 367 1120 426 quia
1157 368 1288 427 ipsius
1315 384 1455 414 mem-

84 434 164 479 bra
184 443 308 489 sunt,
333 442 376 479 et
396 433 528 493 ipsius
542 433 619 478 filii
636 442 760 490 sunt,
779 434 856 494 qui
876 444 978 481 sunt
998 451 1098 480 eum
1114 438 1203 496 ejus
1230 439 1321 484 viro
1339 440 1457 500 judi-

84 514 239 550 catum.

143 577 242 620 XX.
272 593 293 616 «
311 574 521 620 Sindones
544 572 659 627 fecit„
677 583 720 619 et
741 574 976 620 vendidit¹.
998 594 1018 619 »
1032 577 1147 621 Bene
1166 579 1266 637 quia
1286 597 1307 621 «
1323 579 1464 626 sindo—

88 665 109 690 »
145 662 220 691 nes
243 645 346 691 fecit
371 664 381 693 ε
416 664 436 687 »
460 661 595 706 quare
620 665 640 688 «
675 645 905 692 vendidit?
927 666 948 690 >i
975 648 1055 693 nisi
1090 649 1191 709 quia
1220 665 1308 694 non
1343 667 1466 711 quae-

88 735 110 759 »
145 717 202 761 rit
231 717 383 762 datum
399 751 414 772 ,
439 717 515 761 sed
537 717 716 778 requirit
736 716 943 763 fructum.
972 737 992 761 »
1018 719 1323 764 Venditionem
1352 722 1467 766 enim

85 788 209 832 istam
228 788 372 847 Primo
393 786 640 846 intelligite,
662 786 829 844 fratres,
851 788 1096 847 gratuitam.
1119 792 1174 835 Et
1195 788 1349 851 aliquis
1364 792 1468 837 emit

88 857 252 917 gratis?
275 857 318 902 Si
339 857 470 915 gratis
491 856 605 910 tollit
624 892 635 912 ‚
672 873 760 902 non
783 859 888 903 emit
914 878 922 903 :
947 859 981 903 si
999 860 1101 904 emit
1118 894 1129 915 ‚
1155 860 1342 920 pretium
1362 860 1462 917 dat,

87 944 177 974 non
199 928 330 988 gratis
345 928 474 973 tollit.
498 931 554 973 Et
569 929 647 973 uhi
660 938 723 974 est
743 949 752 974 ε
769 948 789 972 «
806 930 891 983 Qui
907 931 1045 986 sititis,
1063 932 1206 976 venite
1219 931 1274 977 ad
1291 948 1464 993 aquam,

89 1018 111 1042 »
146 999 278 1044 emite
300 999 422 1044 vobis
436 999 528 1043 sine
545 1010 722 1058 argento
736 1002 784 1044 ²?
803 1018 830 1043 ».
848 999 1034 1054 Quando
1051 1002 1155 1046 emis
1166 1037 1178 1056 ‚
1203 1018 1292 1047 non
1314 1018 1469 1062 argen-

88 1079 183 1115 tum
205 1069 305 1129 das3
325 1079 367 1114 et
389 1079 535 1114 tamen
558 1070 677 1114 emis.
706 1070 749 1115 Si
767 1071 887 1125 emis,
913 1069 1078 1131 aliquid
1098 1072 1198 1130 das3
1216 1087 1305 1117 non
1327 1081 1471 1118 tamen

89 1149 316 1198 argentum
339 1139 415 1185 das
447 1159 456 1184 ι
481 1149 524 1184 te
549 1140 690 1199 ipsum
718 1139 808 1185 das.
845 1139 1054 1185 Sindones
1091 1141 1207 1185 enim
1235 1141 1391 1186 referte
1417 1141 1472 1187 ad

89 1209 162 1254 illa
187 1209 325 1264 linea,
345 1225 446 1270 quae
467 1208 673 1268 spiritalia
695 1219 825 1264 sunt,
851 1226 949 1270 quae
972 1210 1074 1255 facit
1097 1220 1139 1255 et
1161 1211 1368 1271 praedicat
1393 1213 1472 1258 ista

90 1279 248 1325 mulier
268 1295 346 1339 per
367 1295 516 1325 omnes
545 1289 691 1325 terras.
732 1283 789 1325 Et
810 1279 921 1325 forte
943 1281 1128 1325 vendere
1159 1280 1341 1326 dicenda
1369 1291 1434 1327 est
1460 1301 1469 1328 ι

90 1351 193 1411 quia
215 1349 326 1396 dixit
347 1350 579 1410 Apostolus
607 1370 616 1396 z
647 1369 666 1393 «
693 1351 734 1396 Si
768 1366 846 1395 nos
869 1351 991 1395 vobis
1011 1351 1215 1411 spiritalia
1243 1352 1473 1397 seminavi-

94 1440 115 1464 »
149 1437 268 1477 mus,
287 1436 496 1480 magnum
512 1431 596 1477 est,
617 1422 651 1466 si
670 1421 856 1466 carnalia
875 1431 1012 1466 vestra
1036 1430 1247 1466 metamus
1261 1423 1306 1464 ³?
1333 1442 1351 1463 »
1371 1426 1472 1468 Ete-

91 1492 184 1537 nim
203 1491 312 1537 ratio
332 1490 407 1536 illa
428 1500 492 1535 est
508 1491 597 1535 dati
620 1501 662 1536 et
685 1492 876 1551 accepti:
903 1507 1001 1535 nam
1022 1492 1067 1534 in
1084 1492 1202 1536 omui
1225 1491 1473 1537 venditione

92 1563 202 1608 ratio
225 1561 315 1607 dati
348 1571 392 1607 et
421 1562 586 1622 accepti
609 1571 817 1608 versatur.
854 1561 1142 1608 Contristatur
1166 1571 1309 1607 autem
1332 1565 1473 1623 Apos-

93 1634 208 1680 tolus
226 1633 428 1679 adversus
451 1632 653 1694 quaedam
676 1633 790 1689 fora,
812 1633 888 1678 ubi
912 1649 1001 1678 non
1023 1633 1219 1679 vendidit
1239 1633 1441 1679 sindones
1463 1655 1472 1680 ς

98 1725 120 1749 «
152 1704 305 1760 Nulla,
339 1705 504 1765 inquit,
530 1704 635 1748 mihi
656 1703 844 1748 Ecclesia
878 1705 1215 1748 communicavit
1244 1705 1288 1748 in
1312 1706 1475 1750 ratione

97 1794 119 1818 »
152 1776 244 1821 dati
262 1786 306 1822 et
328 1777 536 1836 accepti&
567 1793 586 1816 »
614 1775 698 1821 Sed
722 1774 794 1819 ille
815 1775 891 1835 qui
908 1775 966 1820 sic
990 1774 1214 1829 vendidit,
1243 1791 1332 1820 non
1354 1793 1477 1837 quae·

95 1847 152 1891 rit
173 1846 349 1900 datum,
393 1845 469 1889 sed
503 1846 683 1904 requirit
703 1844 895 1889 fructum
931 1864 940 1890 2
972 1860 1027 1889 ne
1058 1847 1181 1905 quasi
1208 1844 1478 1892 venditorem

95 1916 320 1974 Evangelii
344 1916 517 1975 putetis.
554 1918 628 1959 Est
648 1915 828 1975 quidem
850 1914 923 1959 ille
945 1925 1170 1960 mercator.
1194 1917 1363 1961 Domini
1384 1919 1476 1972 sui,

97 1987 172 2032 sed
195 1986 328 2043 magis
344 1986 531 2045 pretium
554 1985 726 2045 quaerit.
748 1987 857 2030 Nam
875 1985 1091 2045 quidquid
1109 2001 1280 2044 prorsus
1302 1987 1478 2045 vendit3

97 2057 174 2103 dat
195 2056 400 2117 spiritalia
423 2075 432 2102 ι
458 2065 502 2100 et
529 2055 636 2116 quid
657 2055 846 2116 quaerit?
868 2054 979 2100 forte
1007 2056 1224 2100 earnalia?
1258 2058 1481 2103 Debentur

100 2127 279 2189 quidem
301 2135 344 2172 et
364 2126 442 2170 ista
467 2145 475 2171 :
494 2126 570 2169 sed
591 2141 678 2170 non
695 2125 781 2185 ipsa
800 2126 1022 2185 quaerebat
1039 2126 1283 2185 Apostolus,
1304 2125 1450 2172 dicens
1469 2146 1480 2174 ;

63 2206 67 2208 ’
105 2218 126 2242 (ι
160 2200 259 2243 Non
292 2196 408 2241 enim
431 2212 581 2257 quaero
604 2206 769 2252 vestra,
801 2197 875 2241 sed
899 2212 972 2241 vos
1007 2198 1159 2255 ipsos‘v.
1201 2216 1218 2237 »ι
1246 2199 1351 2241 Date
1382 2214 1485 2257 ergo

102 2268 290 2329 pretium
304 2303 316 2323 ‚
341 2267 442 2312 date
461 2283 535 2313 vos
552 2268 681 2327 ipsos.
701 2270 850 2328 Neque
867 2269 980 2311 euim
1000 2278 1042 2312 et
1057 2267 1214 2326 loseph
1236 2269 1277 2311 iu
1293 2270 1484 2328 AEgypto

103 2339 321 2386 frumenta
344 2354 432 2384 non
470 2338 688 2383 vendebat
713 2358 721 2383 :
747 2348 789 2382 et
814 2348 954 2383 tamen
977 2338 1087 2396 ipsos
1106 2347 1317 2391 unientes,
1337 2345 1484 2384 'servos

105 2410 244 2469 regios
269 2409 468 2454 faciebat.
496 2409 701 2454 voh-»ntes
724 2411 865 2454 vivore
893 2410 933 2452 in
960 2408 1026 2452 illa
1055 2408 1185 2462 lianc,
1219 2410 1484 2467 accipiebant

175 2511 183 2529 ¹
205 2508 297 2537 l'rov.
320 2505 548 2544 xxxl,22.—¹
571 2506 641 2542 Irin.
660 2516 709 2536 ιν,
739 2517 765 2534 ι.
790 2521 823 2526 -
851 2503 967 2535 ⁵«Coi
1004 2515 1046 2542 ιι,
1077 2515 1124 2534 ιι.
1148 2515 1207 2529 ν---ο
1226 2503 1326 2544 ΓΙιέΙψ
1361 2515 1406 2540 ιν,
1433 2515 1478 2533 m.

109 2577 150 2583 —
169 2558 182 2583 5
203 2572 219 2590 Ἃ
239 2561 311 2593 (jor.
336 2571 390 2601 xii,
409 2560 457 2602 14.
