1924 3309
395 302 418 340 β’(

425 303 446 338 27!

453 301 477 339 Φ

921 307 1258 338 ΔΝΝΟΤΑΤΙΟΝΕδ.

806 479 1061 521 Annorum
1080 475 1145 532 (7)
1167 487 1263 533 pag.
1292 477 1390 517 335.

475 652 536 693 De
570 649 636 693 his
669 645 949 693 Marcellinus
981 647 1138 691 Comes
1160 645 1206 689 in
1234 644 1476 699 Chronico,
1508 644 1711 689 Monaxio
1739 652 1783 688 et

396 719 540 765 Plinta
562 720 680 765 Coss.
702 733 816 762 anno
838 717 997 763 Christi
1014 717 1211 762 CDXIX.
1230 714 1400 760 silultoe
1422 713 1702 760 Palaestinoe
1721 716 1783 758 σι’-

397 793 567 837 vitares
609 789 826 850 villaeque
868 801 1006 834 terroe
1029 797 1159 833 motu
1188 786 1430 847 collapsa).
1467 785 1638 832 BIultce
1673 796 1783 831 tunc

397 862 639 920 utriusque
673 877 816 905 sexus
854 861 1124 905 vicinarum
1154 858 1370 921 gentium
1396 858 1617 903 nationes
1637 893 1652 913 ,
1684 865 1785 901 tam

397 934 499 977 visu
522 948 669 991 quum
691 930 860 976 auditu
886 930 1178 990 perterritae,
1210 938 1356 986 atque
1385 926 1593 973 credulce
1605 964 1621 984 ,
1645 943 1787 972 sacro

405 1002 749 1064 Clm'stt'fbnte
779 1001 956 1047 ablutae
990 1011 1099 1045 sunt
1134 1018 1144 1044 .·
1177 1000 1481 1057 omniumque
1516 997 1786 1059 baptizato-

401 1090 504 1118 rum
521 1075 567 1117 ιή
582 1075 750 1118 tunicis
764 1088 887 1117 crux
917 1070 1101 1116 Christi
1114 1069 1371 1115 salvatoris
1396 1069 1659 1114 divinitatis
1673 1078 1789 1113 nutu

403 1162 463 1189 ea.-
489 1143 664 1202 templo
695 1145 929 1202 impressu
954 1140 1157 1203 refulsit.
1189 1140 1354 1185 Idatius
1377 1156 1553 1201 quoque
1579 1150 1724 1185 noster
1746 1141 1790 1184 in

401 1216 618 1261 Chronico
635 1234 642 1258 :
670 1213 894 1258 Durunte
914 1213 1136 1272 episcopo
1155 1227 1247 1270 quo
1263 1227 1430 1270 supra,
1452 1211 1497 1255 id
1516 1221 1580 1255 est
1603 1214 1627 1255 J
1631 1227 1787 1265 oanne‚

399 1287 683 1348 gravissimo
722 1294 860 1328 terrce
900 1292 1029 1327 motu
1075 1291 1251 1326 sanctu
1287 1283 1332 1326 in
1375 1280 1648 1327 Jerusalem
1685 1281 1790 1326 loca

403 1365 718 1416 quassantur,
752 1364 835 1399 ete.
861 1357 917 1398 Et
955 1355 999 1398 in
1034 1353 1170 1397 Fastis
1197 1353 1402 1397 Monaxio
1425 1363 1467 1398 et
1497 1353 1639 1398 Plinta
1661 1372 1669 1398 :
1695 1352 1791 1397 His

409 1426 694 1474 Consulibus
715 1426 765 1472 S.
793 1424 1011 1470 Joatmes
1033 1423 1287 1484 epistolam
1317 1423 1483 1487 dirigit
1506 1441 1597 1485 per
1619 1422 1793 1469 Eccle-

403 1502 502 1544 sz'us
529 1497 656 1542 orbis
683 1508 948 1551 terrarum,
981 1510 1085 1554 quoe
1114 1493 1324 1540 habetur
1344 1493 1404 1539 de
1429 1495 1580 1558 signis
1607 1494 1791 1540 terrori-

410 1569 587 1628 busque
605 1568 826 1616 dz'vinitus
843 1567 1152 1628 perpetratis.
1180 1569 1396 1613 Smmonn.

847 1742 1108 1784 ΑΝΝΟΤΑΤΙΟ
1139 1740 1199 1794 (8)
1230 1734 1360 1782 Ibt'cl.

470 1910 602 1955 Sitifis
619 1945 629 1965 ,
655 1925 755 1969 quae
787 1908 1020 1967 provinciae
1043 1907 1089 1950 in
1112 1905 1257 1950 Africa
1279 1921 1440 1951 nomen
1464 1904 1611 1961 dedit,
1636 1904 1682 1950 id
1703 1914 1794 1962 est,

410 1980 684 2027 Mauritaniae
709 1977 914 2024 Sitifensi.
945 1980 1006 2021 De
1031 1977 1114 2021 hoc
1138 1977 1230 2036 ejus
1251 1976 1436 2021 civitatis
1459 1986 1585 2020 terrae
1602 1985 1723 2021 motu
1745 1991 1798 2020 an

410 2051 688 2097 meminerint
705 2050 804 2102 alii,
824 2065 914 2094 non
936 2049 1078 2093 habeo
1101 2058 1389 2108 compertum.
1411 2049 1677 2108 Episcopum
1698 2063 1799 2092 sane

414 2123 621 2168 Sitifitum
644 2121 772 2166 fuisse
803 2129 973 2165 constat
1000 2121 1219 2165 Novatum
1240 2154 1251 2174 ,
1276 2119 1352 2179 qui
1383 2128 1426 2163 et
1450 2120 1533 2164 hoc
1568 2119 1661 2178 ipso
1684 2133 1798 2163 anno

412 2192 610 2238 interfuit
625 2228 636 2248 ,
658 2191 1004 2252 subscripsitque
1019 2189 1202 2235 coneilio
1224 2190 1555 2249 Carthaginensi
1576 2197 1673 2249 post
1694 2205 1798 2234 eon-

411 2266 601 2310 sulatum
614 2263 794 2309 Honorii
815 2265 918 2317 XII,
935 2272 978 2307 et
1001 2262 1148 2322 paucis
1166 2271 1266 2305 ante
1289 2261 1410 2306 annis
1429 2260 1664 2307 Collationi
1688 2276 1799 2321 quo-

412 2352 498 2397 que
520 2335 846 2382 Donatistarum
869 2334 1068 2378 affuerat.
1097 2335 1310 2379 Sinmonn.
