1867 3320
385 274 590 302 massora:
622 274 677 302 Λυ
714 276 908 303 nolimus
942 279 1173 305 Expostulo.
1419 270 1472 308 49

94 351 283 381 earnem.
305 336 522 382 Addendo
546 353 649 398 ergo
666 374 676 394 ‚
706 359 725 380 «
746 339 987 384 secundum
1015 358 1187 386 carnem
1207 378 1217 397 ‚
1247 364 1265 384 υ
1291 347 1474 390 servavit

92 404 306 450 divinitati
328 406 583 466 dignitatem
607 424 744 452 suam.
758 413 862 462 Quae
882 425 970 455 non
986 410 1127 456 solum
1149 413 1301 455 semini
1320 415 1470 470 David,

92 474 166 520 sed
189 491 268 520 nec
286 475 413 520 alicui
435 477 641 536 angelicae
671 487 745 522 aut
765 479 952 538 cujusvis
971 480 1338 526 excellentissimae
1360 499 1474 529 crea·
1506 526 1512 531 .

92 554 201 589 turae
224 546 492 605 generationi
516 547 647 591 tribui
670 557 839 607 potest3
863 549 1219 611 quandoquidem
1250 553 1391 611 ipsum
1413 564 1476 598 est

93 615 285 659 Verbum
310 616 409 671 Dei,
435 632 512 676 per
531 617 652 676 quod
675 617 787 662 saeta
808 628 910 663 sunt
931 621 1092 679 omnia.
1119 621 1248 674 Quod
1280 623 1472 668 Verbum

90 700 140 730 ex
161 686 322 730 semine
345 687 482 731 David
503 703 603 732 earo
626 688 790 732 lactum
810 698 898 744 est,
924 699 968 734 et
989 691 1203 736 habitavit
1220 693 1265 736 in
1287 694 1412 738 nobis
1431 697 1439 720 ¹
1462 729 1473 749 ‚

92 771 178 801 non
203 764 417 800 mutatum
436 765 479 801 et
500 771 757 801 conversum
780 758 825 802 in
847 775 1021 804 carnem
1038 781 1050 819 3
1066 761 1143 805 sed
1165 778 1293 807 carne
1317 774 1364 807 ut
1382 781 1476 809 car-

91 826 262 870 nalibus
276 836 566 884 congruenter
580 837 807 887 appareret
822 829 1044 875 indutum.
1057 834 1330 892 Quapropter
1343 837 1377 878 Α
1384 851 1478 894 pos-

90 894 204 941 tolus
222 912 311 941 non
327 897 467 941 solum
483 912 534 942 eo
548 898 683 942 verbo
700 897 821 957 quod
838 899 897 942 ait
917 918 925 944 :
946 919 964 941 «
979 902 1220 946 seeundum
1245 919 1436 960 carnem,
1451 924 1471 947 »

91 965 405 1010 humanitatem
428 982 451 1010 a
472 966 698 1011 divinitate
716 967 911 1012 distinxit
930 988 939 1013 :
959 969 1033 1013 sed
1050 971 1177 1014 etiam
1200 971 1273 1016 illo
1291 989 1380 1032 quo
1398 975 1473 1030 ait,

95 1055 116 1078 «
151 1034 288 1080 faetus
325 1046 402 1080 est.
433 1055 452 1077 »
478 1039 575 1082 Non
609 1046 673 1081 est
707 1037 822 1081 enim
852 1037 991 1082 factus
1028 1042 1268 1084 seeundum
1291 1043 1334 1086 id
1358 1044 1478 1103 quod

92 1107 284 1152 Verbum
314 1107 388 1151 Dei
420 1115 496 1151 est.
529 1125 547 1148 α
572 1107 729 1151 Omnia
759 1123 834 1167 per
857 1109 997 1167 ipsum
1021 1108 1133 1154 faeta
1156 1115 1288 1155 sunt²
1315 1132 1323 1156 ε
1352 1131 1370 1152 »
1396 1129 1477 1158 nee

92 1176 183 1220 fieri
207 1191 307 1221 cum
325 1176 526 1221 omnibus
549 1186 691 1236 posset
714 1192 937 1237 perquem
958 1177 1068 1223 facta
1087 1190 1188 1224 sunt
1206 1183 1364 1225 omnia.
1392 1185 1478 1227 Ne-

91 1262 176 1306 que
198 1255 298 1290 ante
320 1247 466 1291 omnia
506 1246 643 1291 factus
666 1256 750 1300 est,
791 1256 839 1290 ut
878 1262 953 1306 per
978 1247 1115 1306 ipsum
1150 1250 1303 1295 fierent
1335 1253 1478 1296 omnia

91 1316 184 1375 ipso
200 1316 316 1360 enim
333 1325 530 1376 excepto,
551 1316 586 1360 si
600 1324 700 1360 ante
721 1315 825 1359 illa
811 1331 901 1375 jam
923 1316 1063 1361 factus
1081 1327 1204 1373 esset,
1228 1335 1318 1364 non
1340 1331 1482 1366 essent

90 1385 163 1431 illa
200 1387 344 1431 omnia
366 1402 465 1447 quae
503 1402 581 1446 per
610 1386 734 1430 illum
757 1387 938 1443 tierent3
970 1402 1048 1430 nec
1072 1398 1246 1445 possent
1273 1405 1372 1434 vere
1394 1391 1478 1436 dici

90 1454 204 1500 facta
235 1455 380 1500 omnia
399 1470 476 1514 per
498 1455 672 1514 ipsum,
700 1455 745 1497 in
768 1454 956 1514 quibus
947 1469 1036 1514 lpse
1061 1471 1150 1500 non
1172 1466 1311 1513 esset,
1336 1460 1369 1503 si
1391 1460 1480 1519 ipse

91 1527 220 1571 etiam
237 1526 378 1571 factus
400 1534 524 1569 esset.
550 1527 607 1569 Et
628 1524 727 1568 ideo
749 1523 983 1584 Apostolus
1005 1541 1105 1570 eum
1126 1526 1291 1573 factum
1317 1530 1482 1576 diceret

90 1597 336 1650 Christum,
362 1594 558 1650 addidit,
584 1613 603 1636 «
628 1593 868 1639 seeundum
891 1610 1063 1639 carnem
1089 1615 1097 1639 :
1132 1615 1151 1637 »
1173 1606 1221 1641 ut
1238 1600 1481 1645 seeundum

91 1666 283 1711 Verbum
307 1665 428 1725 quod
450 1674 514 1709 est
536 1663 670 1709 Filius
693 1664 797 1718 Dei,
823 1680 911 1708 non
934 1665 1097 1710 lactum
1122 1682 1146 1710 a
1164 1670 1253 1712 Deo
1268 1703 1280 1725 ,
1305 1669 1380 1714 sed
1403 1686 1482 1715 na—

92 1745 185 1781 tum
206 1751 296 1780 esse
317 1743 591 1779 monstraret.

151 1808 203 1849 V.
225 1805 441 1850 Eumdem
459 1819 560 1849 sane
579 1805 721 1863 ipsum
745 1822 762 1844 ι(
791 1802 865 1863 qui
886 1803 1125 1847 seeundum
1152 1820 1325 1851 carnem
1345 1809 1481 1853 sactus

94 1893 115 1917 »
149 1885 213 1920 est
233 1891 283 1920 ex
305 1876 468 1919 semine
492 1872 650 1928 David,
676 1872 1027 1932 praedestinatum
1053 1872 1157 1918 dicit
1180 1875 1339 1921 Filium
1373 1880 1444 1922 Dei
1466 1915 1476 1934 ,

94 1964 113 1987 η
148 1946 194 1990 in
220 1946 410 1990 virtute²⁵
430 1964 437 1989 :
457 1963 477 1985 n
495 1959 585 1989 non
606 1942 846 1987 secundum
869 1958 1064 1998 carnem,
1093 1963 1112 1985 «
1138 1944 1212 1988 sed
1235 1948 1476 1993 seeundum

94 2033 114 2057 n
151 2016 388 2075 Spiritum:
418 2034 436 2055 n
469 2030 549 2058 nec
579 2012 822 2074 quemlibet
856 2013 1082 2072 spiritum,
1118 2014 1192 2058 sed
1220 2034 1239 2056 «
1268 2018 1474 2076 Spiritum

92 2104 112 2128 n
147 2084 495 2131 sanctificationis
515 2099 566 2128 ex
584 2083 896 2127 resurrectione
919 2092 1238 2128 mortuorum.»
1267 2089 1316 2130 ln
1336 2104 1476 2135 resur-

92 2157 281 2201 rectione
303 2155 417 2199 enim
432 2154 567 2198 virtus
584 2152 805 2197 morientis
826 2161 1020 2211 apparet,
1040 2161 1087 2196 ut
1105 2152 1350 2199 diceretur«
1368 2174 1475 2218 prm-

94 2246 115 2270 »
149 2227 388 2272 destinatus
404 2225 449 2269 in
462 2224 622 2269 virtute
643 2221 880 2267 seeundum
895 2222 1102 2281 Spiritum
1127 2225 1474 2277 sanctificationis

96 2316 116 2339 n
150 2312 200 2341 ex
223 2295 533 2340 resunectione
556 2302 893 2338 mortuorum.»
922 2291 1083 2335 Deinde
1100 2295 1380 2343 sanctificatio
1409 2303 1474 2345 vi*

93 2376 180 2413 tam
203 2380 359 2411 novam
375 2363 502 2418 fecit,
526 2378 624 2424 quae
648 2362 690 2406 in
712 2361 885 2406 Domini
905 2361 1038 2405 nostri
1063 2365 1374 2412 resurrectione
1390 2373 1475 2431 sig-

92 2446 190 2484 nata
212 2446 290 2481 est.
321 2435 443 2480 Unde
466 2434 579 2478 idem
604 2432 836 2492 Apostolus
859 2430 942 2475 alio
973 2430 1069 2476 loco
1090 2431 1227 2478 dicit:
1253 2454 1271 2475 «
1299 2438 1341 2480 Si
1365 2459 1472 2488 con-

96 2526 116 2551 »
149 2507 388 2555 surrexistis
410 2520 511 2551 eum
532 2504 722 2558 Christo,
743 2519 842 2563 qum
864 2517 1034 2547 sursum
1055 2513 1157 2548 sunt
1178 2508 1375 2565 quaerite,
1400 2517 1471 2563 ubi

142 2595 261 2627 Ἰοειη.
289 2603 311 2632 ι,
333 2591 381 2632 ι’..
400 2607 440 2614 -
464 2597 475 2613 ²
495 2589 541 2621 inl.
561 2600 584 2630 i,
607 2588 635 2621 3.
663 2605 701 2612 —
726 2586 844 2620 Minu..
865 2599 887 2628 t,
907 2586 938 2628 4.

255 2654 406 2688 0¹¹1V.
1265 2643 1286 2681 -'o
