1867 3320
382 303 588 331 EPISTOLAE
621 303 674 329 An
706 301 892 329 GALATAs
925 302 1157 330 EXPOSITIO.
1380 294 1460 333 113

88 388 108 412 »
143 370 317 414 timore:
343 367 418 412 sed
439 368 659 428 accepistis
683 367 890 426 Spiritum
913 365 1159 425 adoptionis
1180 366 1366 413 filiorum
1383 405 1393 425 ,
1412 372 1459 415 in

88 457 108 482 »
142 455 230 500 quo
252 439 508 494 clamamus,
535 439 661 483 Abba
679 474 689 493 ,
716 441 842 482 Pater
858 440 887 480 ¹.
909 455 928 478 »
955 440 1089 481 Recte
1107 445 1252 481 autem
1274 439 1328 483 de
1350 456 1461 499 prae-

84 510 218 556 sentia
232 519 275 554 et
288 509 342 553 de
359 509 476 554 dono
500 509 682 567 Spiritus
704 509 841 552 sancti
862 507 1047 567 probare
1069 507 1207 552 voluit
1229 510 1457 568 Gentibus,

84 579 201 641 quod
223 580 466 639 pertineant
488 578 542 623 ad
574 578 898 638 permissionem
920 577 1196 622 haereditatis.
1220 581 1317 624 Non
1345 581 1462 626 enim

82 649 420 709 evangelizatum
446 658 508 693 est
540 649 754 693 Gentibus
772 683 782 703 ,
809 648 889 692 nisi
922 657 1020 708 post
1041 663 1267 693 ascensum
1289 652 1463 696 Domini

82 729 125 764 et
155 719 390 764 adventum
414 720 595 779 Spiritus
630 719 780 764 sancti.
806 721 1042 778 Coeperant
1069 719 1183 763 enim
1200 721 1291 780 jam
1320 721 1463 766 Judaei

82 790 256 836 credere
271 826 281 845 ,
306 806 405 835 cum
428 791 473 834 in
502 791 623 835 terris
646 790 790 834 adhuc
813 790 949 842 Filius
973 791 1048 834 Dei
1071 789 1299 835 mortalem
1321 793 1463 837 homi-

82 875 178 905 nem
209 870 390 920 gereret,
416 861 527 905 sicut
544 861 586 904 in
611 859 846 918 Evangelio
868 860 1077 919 scriptum
1100 870 1163 905 est
1187 881 1195 905 ε
1221 861 1299 905 ubi
1322 878 1462 923 quan-

80 947 210 991 quam
240 941 283 976 et
316 933 574 977 Chananaeae
612 930 804 974 mulieris
827 930 958 974 fidem
978 931 1068 990 ipse
1095 930 1363 978 laudaverit'2
1384 969 1395 988 ,
1420 944 1464 979 et

79 1001 192 1046 illius
228 1002 530 1056 CenturioniS,
568 1001 623 1044 de
655 1016 744 1060 quo
781 1001 866 1055 ait,
906 1016 995 1045 non
1029 1016 1073 1045 se
1094 1002 1308 1047 invenisse
1332 1003 1462 1048 talem

79 1072 208 1118 fidem
230 1073 275 1117 in
297 1072 454 1117 Israel3
482 1092 490 1116 z
516 1081 661 1116 tamen
685 1073 858 1132 proprie
881 1081 985 1117 tunc
1023 1075 1048 1116 J
1053 1072 1188 1117 udaeis
1210 1089 1299 1119 esse
1329 1090 1461 1120 evan-

79 1144 305 1202 gelizatum
324 1179 335 1199 ,
360 1144 504 1188 verbis
520 1144 653 1203 ipsius
678 1144 850 1188 Domini
875 1144 975 1188 satis
997 1143 1162 1188 clarum
1186 1154 1265 1201 est,
1285 1162 1384 1191 cum
1407 1147 1462 1192 ad

75 1215 208 1274 ipsius
235 1215 496 1260 Chananaeae
529 1214 878 1274 deprecationem
902 1215 1036 1269 dixit,
1062 1231 1149 1259 non
1173 1231 1217 1261 se
1247 1232 1335 1262 esse
1356 1220 1462 1264 mis-

76 1300 171 1330 sum
194 1285 274 1329 nisi
297 1284 352 1329 ad
379 1299 479 1329 oves
508 1300 607 1343 quae
627 1285 851 1343 perierunt
873 1284 1029 1329 domus
1053 1286 1208 1330 Israel⁴
1231 1307 1240 1332 ;
1261 1297 1304 1332 et
1327 1290 1463 1334 Disci-

75 1356 201 1417 pulos
223 1370 323 1400 cum
347 1356 554 1410 mitteret,
582 1355 640 1399 ait
664 1374 673 1399 ε
697 1358 787 1400 «In
807 1355 922 1399 viam
945 1356 1151 1401 Gentium
1176 1373 1231 1401 ne
1254 1359 1458 1416 abieritis,

78 1444 98 1468 »
134 1436 177 1471 et
192 1426 238 1470 in
255 1426 449 1471 civitates
469 1425 832 1470 Samaritanorum
851 1440 906 1469 ne
921 1425 1170 1471 introieritis
1187 1449 1197 1485 3
1213 1428 1288 1473 sed
1309 1429 1367 1473 ite
1380 1432 1462 1490 pri-

79 1513 98 1537 »
132 1510 254 1540 mum
288 1496 340 1539 ad
365 1510 465 1539 oves
492 1510 592 1554 quae
616 1495 840 1553 perierunt
869 1495 1025 1540 domus
1049 1496 1221 1541 Israe15.
1254 1499 1460 1545 Gentium

75 1576 221 1612 autem
244 1565 363 1611 aliud
384 1566 497 1610 ovile
519 1565 751 1625 appellavit
769 1600 779 1620 ,
800 1581 899 1610 cum
920 1565 1082 1611 diceret
1104 1586 1112 1611 z
1144 1586 1162 1608 «
1185 1569 1338 1614 Habeo
1357 1570 1461 1615 alias

78 1657 98 1680 »
132 1654 231 1684 oves
253 1653 339 1698 que
368 1653 456 1682 non
478 1646 580 1681 sunt
603 1637 658 1680 de
681 1638 764 1680 hoc
787 1636 910 1690 ovili,
936 1652 1043 1696 quas
1066 1646 1211 1682 tamen
1230 1654 1274 1683 se
1293 1640 1461 1686 adduc-

76 1727 96 1750 »
134 1717 280 1752 turum
303 1708 377 1762 ait,
392 1716 441 1751 ut
455 1716 562 1751 esset
577 1721 690 1750 unus
710 1722 826 1764 greiz,
843 1716 884 1750 et
900 1722 1011 1751 unus
1029 1717 1174 1766 pastor
1189 1712 1204 1733 ⁶
1219 1728 1227 1753 ε
1243 1728 1263 1750 »
1279 1711 1458 1770 quando

73 1788 242 1834 autem,
274 1779 353 1822 nisi
380 1787 476 1837 post
499 1777 853 1822 clarificationem
877 1779 1029 1821 suam?
1055 1781 1154 1822 Post
1176 1782 1457 1826 resurrectio-

74 1865 170 1894 nem
189 1859 335 1894 autem
353 1849 481 1892 etiam
505 1848 559 1892 ad
583 1849 741 1891 Gentes
762 1847 1001 1906 Discipulos
1020 1849 1150 1901 misit,
1176 1865 1276 1894 curn
1298 1867 1369 1896 eos
1387 1853 1457 1897 in-

72 1921 198 1965 terim
227 1918 508 1976 Jerosolymae
540 1932 711 1962 manere
729 1919 922 1978 jussisset
939 1953 949 1971 ‚
976 1918 1115 1963 donec
1133 1920 1192 1964 eis
1214 1923 1454 1968 secundum

71 1990 394 2049 promissionem
411 2002 530 2032 suam
547 1988 753 2046 Spiritum
770 1997 967 2031 sanctum
982 1989 1210 2034 mitteret⁷.
1223 1993 1334 2036 Cum
1351 2010 1453 2052 crgo

72 2061 244 2106 dixisset
276 2059 506 2120 Apostolus
529 2078 537 2103 z
562 2059 712 2102 «Misit
732 2062 842 2102 Deus
868 2058 1026 2102 Filium
1051 2075 1194 2115 suum,
1218 2061 1380 2108 factum
1402 2081 1452 2109 ex

75 2150 95 2173 η
131 2131 334 2184 muliere,
370 2129 535 2174 factum
557 2129 639 2174 sub
662 2132 773 2186 Lege
788 2164 798 2183 ‚
825 2138 875 2173 ut
892 2144 963 2173 eos
985 2130 1060 2189 qui
1089 2133 1170 2174 sub
1200 2134 1312 2190 Lege
1330 2145 1452 2180 erant

74 2220 94 2243 »
129 2202 385 2254 redimeret,
411 2210 460 2244 ut
482 2199 759 2258 adoptionem
783 2198 971 2243 filiorum
996 2201 1254 2259 accipiamus
1270 2204 1307 2246 ⁸:
1332 2223 1350 2243 »
1369 2221 1451 2249 res-

74 2273 206 2328 tabat,
233 2282 281 2316 ut
298 2274 425 2316 ctiam
444 2272 619 2324 Gentes,
644 2286 742 2330 quac
766 2285 851 2314 non
875 2279 997 2314 erant
1019 2270 1099 2314 sub
1121 2275 1245 2329 Lege,
1264 2273 1317 2317 ad
1338 2291 1451 2320 cam-

71 2343 169 2389 dem
205 2353 347 2388 tamen
385 2341 660 2400 adoptionem
698 2340 886 2385 filiorum
923 2341 1136 2400 pertinere
1164 2345 1408 2391 ostenderet
1435 2368 1444 2391 ;

0 2442 3 2467 ;
70 2413 189 2474 quod
210 2412 265 2458 dc
283 2413 417 2458 sancti
438 2412 619 2471 Spiritus
642 2410 775 2466 dono,
799 2411 872 2470 qui
892 2411 1093 2454 omnibus
1116 2410 1242 2457 datus
1261 2424 1339 2465 est,
1365 2417 1447 2462 do-

70 2495 151 2531 cet.
183 2484 304 2529 Unde
321 2499 365 2528 se
379 2483 509 2527 etiam
535 2486 685 2526 Petrus
700 2482 755 2526 de
780 2482 994 2541 baptizato
1018 2482 1315 2530 incircumciso
1330 2490 1445 2533 Cen-

131 2586 247 2615 ¹ss0111.
272 2593 339 2623 vni,
363 2581 411 2613 15.
434 2597 474 2603 -
503 2586 515 2602 ²
535 2579 653 2611 Mattti.
679 2589 733 2619 xv,
754 2579 806 2611 28.
832 2595 870 2602 —
892 2577 969 2610 ³111.
993 2589 1060 2618 vni,
1088 2591 1135 2612 ιο.
1164 2597 1203 2603 -
1224 2581 1239 2610 4
1255 2582 1302 2615 ld.
1320 2594 1371 2622 xv,
1390 2586 1443 2626 '¹4⁴

73 2655 113 2662 —
132 2638 264 2680 ⁵1‹i.x,
281 2639 312 2671 5.
340 2654 381 2661 —-
399 2635 414 2659 ⁶
429 2639 519 2669 Joau.
545 2647 576 2677 ι,
596 2635 647 2668 ι6.
669 2643 736 2668 -7
758 2639 829 2668 Act.
847 2646 868 2673 ι,
890 2634 919 2676 4.
937 2652 976 2661 -
995 2635 1010 2658 ³
1028 2635 1245 2680 Ga1a1.1v,4.

283 2703 436 2732 cxxiv·
1264 2696 1288 2729 8
