1867 3320
320 275 646 306 PROPOSITIONES
678 277 734 304 Ex
766 273 968 305 mus-rom
1000 274 1055 305 An
1087 275 1301 307 ROMANos.
1445 268 1500 307 37

115 344 273 388 dicitur
293 343 339 387 in
362 342 539 387 Psalmis
561 361 570 387 :
592 341 742 396 «Quid
763 342 892 387 detur
913 342 1011 397 tibi,
1034 351 1109 387 aut
1128 343 1235 403 quid
1257 354 1501 404 apponatur

116 434 136 457 »
172 414 251 459 tibi
274 414 329 458 ad
359 413 555 473 linguam
578 412 869 458 subdolam1?
894 432 913 455 »
945 414 1119 473 Sagittae
1143 415 1332 473 potentis
1364 426 1502 461 acutae

114 500 214 530 cum
235 484 499 529 carbonibus
522 484 831 528 vastatoribus.

173 556 353 598 LXXII.
379 553 505 607 Quod
532 563 679 598 autem
702 554 760 598 ait
782 573 790 598 :
823 574 842 596 (ι.
863 554 1014 598 Omnis
1038 553 1183 598 anima
1215 554 1501 614 potestatibus

115 644 135 667 n
170 625 497 669 sublimioribus
520 624 695 669 subdita
717 626 771 669 sit
794 644 802 669 :
826 640 914 669 non
937 634 999 670 est
1026 625 1142 669 enim
1164 634 1354 685 potestas
1376 626 1455 670 nisi
1479 642 1503 670 a

116 714 136 738 n
172 697 311 750 De02,
341 713 360 736 »
387 695 621 739 rectissime
633 697 725 756 jam
748 705 921 751 monet,
949 711 1003 739 ne
1035 697 1131 756 quis
1153 711 1204 740 eo
1225 695 1345 756 quod
1367 712 1391 740 a
1413 699 1504 741 Do·-

114 767 232 811 mino
249 781 328 810 suo
345 766 391 810 in
408 766 653 810 libertatem
670 775 849 811 vocatus
867 775 946 820 est,
967 765 1197 827 factusque
1214 767 1502 821 ChristianuS,

115 836 348 881 extollatur
382 837 426 881 in
449 836 693 896 superbiam
711 871 722 891 ,
749 845 792 880 et
825 850 914 880 non
937 836 1171 880 arbitretur
1188 837 1233 879 in
1256 837 1385 896 hujus
1407 837 1507 881 vitae

115 908 269 952 itinere
290 906 550 951 servandum
576 922 665 950 esse
689 906 887 951 ordinem
911 922 1056 962 suum,
1076 916 1118 951 et
1136 908 1424 966 potestatibus
1441 923 1510 951 su-

115 977 386 1024 blimioribus
401 1013 411 1031 ‚
437 978 598 1038 quibus
620 993 698 1037 pro
714 987 908 1038 tempore
928 993 1071 1022 rerum
1098 978 1400 1038 temporalium
1425 994 1507 1037 gu-

115 1049 311 1093 bernatio
334 1047 492 1093 tradita
529 1057 619 1104 est,
652 1058 776 1108 putet
799 1064 885 1094 non
906 1064 950 1093 se
973 1064 1063 1093 esse
1079 1048 1375 1093 subdendum.
1397 1051 1509 1094 Cum

116 1120 231 1164 enim
253 1128 500 1164 constemus
524 1134 575 1163 ex
597 1120 740 1164 anima
765 1128 808 1163 et
829 1134 1034 1179 corpore,
1070 1128 1113 1163 et
1135 1119 1333 1179 quandiu
1360 1119 1405 1163 in
1427 1120 1508 1162 hac

115 1190 202 1236 vita
226 1190 453 1250 temporali
476 1206 625 1235 sumus
644 1227 654 1245 ,
681 1192 810 1235 ctiam
834 1191 964 1235 rebus
987 1191 1302 1250 temporalibus
1325 1190 1380 1234 ad
1403 1191 1509 1234 sub-

115 1260 273 1305 sidium
307 1261 517 1319 degendae
537 1261 667 1320 hujus
703 1262 802 1304 vitae
826 1269 1030 1318 utamur3
1069 1270 1241 1319 oportet
1271 1276 1348 1304 nos
1373 1276 1421 1304 ex
1461 1275 1511 1303 ea

115 1341 238 1391 parte
253 1366 264 1386 ,
287 1347 386 1390 quae
410 1331 463 1374 ad
489 1332 599 1375 lianc
624 1331 754 1374 vitam
775 1331 964 1389 pertinet
984 1366 994 1386 ,
1021 1331 1220 1375 subditos
1243 1346 1332 1374 esse
1365 1340 1512 1390 potes-

118 1403 254 1456 tibus,
280 1401 325 1444 id
342 1410 426 1455 est,
450 1401 701 1444 hominibus
725 1416 789 1444 res
809 1402 1021 1444 humanas
1047 1417 1147 1445 cum
1171 1401 1319 1460 aliquo
1342 1402 1509 1445 honore

118 1471 535 1516 administrantibus.
557 1472 621 1513 Ex
645 1469 718 1514 illa
741 1486 843 1514 vero
870 1479 1012 1529 parte,
1038 1486 1124 1530 qua
1147 1470 1365 1514 credimus
1393 1474 1504 1523 Deo,

119 1552 161 1586 ct
184 1543 226 1585 in
250 1556 431 1600 regnum
454 1543 545 1601 ejus
563 1555 786 1595 vocamur,
805 1556 894 1585 non
912 1556 990 1586 nos
1010 1550 1183 1600 oportet
1201 1542 1291 1585 essc
1314 1540 1513 1586 subditos

118 1612 323 1672 cuiquam
362 1611 529 1655 homini
546 1646 556 1665 ,
598 1611 788 1670 idipsum
820 1612 865 1654 in
899 1611 1024 1654 nobis
1059 1620 1251 1655 evertere
1289 1612 1509 1670 cupienti,

118 1682 237 1743 quod
256 1685 368 1726 Deus
391 1682 445 1726 ad
466 1682 599 1726 vitam
621 1690 828 1726 aeternam
845 1681 1009 1726 donare
1027 1680 1230 1740 dignatus
1249 1691 1324 1725 est.
1355 1683 1395 1726 Si
1415 1684 1511 1741 quis

119 1768 222 1811 ergo
240 1760 392 1811 putat,
418 1752 625 1811 quoniam
645 1751 916 1796 Christianus
935 1759 1025 1804 est,
1053 1765 1141 1795 non
1165 1751 1247 1794 sibi
1265 1766 1355 1795 esse
1373 1753 1511 1795 vecti-

121 1823 189 1883 gal
212 1820 502 1877 reddendum,
523 1830 598 1866 aut,
620 1822 836 1865 tributum
857 1856 866 1876 ,
894 1830 969 1865 aut
989 1836 1078 1865 non
1101 1836 1189 1865 esse
1211 1822 1509 1866 exhibendum

120 1895 331 1938 honorem
365 1892 564 1937 debitum
595 1893 653 1937 eis
687 1908 786 1952 quac
821 1893 915 1937 haee
938 1901 1092 1936 curant
1114 1892 1425 1951 potestatibus,
1468 1895 1509 1936 in

120 1978 277 2021 magno
300 1979 444 2008 errore
466 1972 674 2007 versatur.
702 1966 811 2006 Item
829 1964 861 2006 si
884 1963 980 2021 quis
999 1978 1042 2006 se
1064 1972 1191 2021 putat
1209 1978 1298 2007 esse
1316 1964 1511 2007 subden-

121 2036 226 2079 dum
242 2069 252 2089 ,
278 2043 327 2077 ut
348 2034 477 2078 etiam
497 2035 541 2077 in
561 2049 681 2077 suam
707 2033 836 2077 [idom
860 2034 1021 2077 habere
1047 2042 1301 2092 potestatem
1323 2036 1508 2077 arbitro-

125 2115 194 2150 tur
215 2119 331 2159 eum,
359 2105 433 2164 qui
452 2104 761 2163 temporalibus
784 2103 1133 2147 administrandis
1152 2102 1295 2164 aliqua
1318 2104 1508 2147 sublimi-

127 2185 210 2220 tate
246 2174 454 2233 praeeellit
474 2195 484 2231 3
524 2175 567 2217 in
590 2175 798 2234 majorem
822 2189 1010 2217 errorem
1032 2174 1206 2217 labitur.
1248 2172 1334 2217 Sed
1359 2174 1511 2218 modus

127 2246 201 2290 iste
217 2245 452 2289 servandus
474 2254 553 2299 cst,
580 2260 709 2304 quem
736 2245 941 2288 Dominus
960 2245 1048 2303 ipsc
1071 2244 1324 2302 praescribit,
1347 2254 1394 2288 ut
1414 2246 1511 2288 rod-

126 2315 280 2360 damus
309 2317 465 2360 Caesari
489 2332 587 2376 quae
611 2316 788 2360 Caesaris
809 2324 910 2359 sunt
927 2351 936 2369 ,
969 2324 1011 2357 vt
1037 2318 1122 2358 Deo
1142 2330 1240 2373 quse
1266 2315 1338 2358 Dci
1362 2325 1462 2359 sunt
1478 2318 1508 2359 ³.

127 2392 383 2446 Quanquam
407 2386 522 2429 enim
553 2385 609 2430 ad
628 2385 736 2429 illud
757 2401 937 2444 regnum
957 2400 1177 2439 vocemur,
1196 2385 1270 2428 ubi
1288 2385 1406 2429 nulla
1431 2387 1511 2429 vrit

128 2465 314 2516 potestas
350 2457 597 2516 hujusmodi
621 2476 630 2502 :
665 2458 706 2500 in
733 2458 814 2501 hoc
846 2466 988 2500 tamen
1013 2456 1164 2499 itinero
1186 2455 1291 2500 dum
1317 2456 1480 2515 agimus
1498 2493 1508 2506 ,

129 2526 266 2570 donec
290 2527 589 2585 perveniamus
619 2527 670 2570 ad
709 2526 814 2570 illud
848 2525 1080 2578 saeculum,
1120 2527 1193 2569 ubi
1217 2527 1262 2570 lit
1286 2528 1509 2571 cvm-natio

177 2618 184 2634 ¹
211 2611 286 2642 Pral,
307 2623 387 2651 cxix,
410 2611 437 2644 3.
460 2628 500 2635 --
517 2618 528 2634 ²
552 2615 640 2644 nm...
664 2622 730 2652 xiii,
754 2624 779 2643 ι.
803 2629 840 2634 -
856 2610 868 2633 ³
891 2611 1004 2642 Manli.
1027 2622 1108 2651 xxii,
1130 2621 1184 2643 01.
