1924 3309
477 279 560 317 208
925 283 959 314 s.
996 283 1226 315 Aucti-snm
1259 286 1440 316 Emscom

474 353 614 414 qualis
629 367 743 408 sum,
760 350 937 412 aequalis
960 353 1090 397 Patri.
1105 351 1202 397 Noli
1224 367 1294 397 me
1315 362 1493 414 tangere
1513 372 1521 398 :
1543 354 1645 415 quia
1662 369 1753 400 non
1769 369 1860 411 me,
1894 358 1897 397 ἐ

474 424 549 470 sed
563 439 739 470 carnem
755 438 895 468 meam
915 424 1068 482 tangis.
1086 423 1201 467 Dicit
1214 423 1329 468 enim
1344 425 1392 469 in
1406 425 1630 471 evectione
1645 425 1864 486 profectus

473 496 539 542 sui
565 495 756 542 Paulus:
786 514 805 537 «
832 497 888 540 Et
917 495 950 538 si
974 509 1233 553 noveramus
1252 495 1497 541 secundum
1520 511 1695 542 carnem
1716 496 1865 542 Chris·
1895 535 1897 540 .

476 585 498 610 »
533 576 651 623 tum,
670 566 747 612 sed
768 582 887 611 nunc
904 566 996 625 jam
1018 580 1108 609 non
1130 566 1330 611 novimus
1350 569 1380 610 ¹.
1408 585 1428 608 »
1457 569 1514 612 Et
1529 602 1540 622 ‚
1567 570 1725 612 Vetera
1743 577 1865 612 tran-

475 659 498 683 »
532 640 697 685 sierunt
713 675 724 696 ,
750 654 849 684 ecce
870 637 982 682 facta
1001 646 1103 681 sunt
1125 652 1238 682 nova
1260 658 1270 694 3
1292 638 1437 682 omnia
1459 647 1606 682 autem
1624 654 1677 683 ex
1698 642 1861 684 De02.»
1896 675 1898 693 ᾗ

476 711 595 766 Quid
618 721 683 757 est
698 747 708 766 ‚
731 729 751 753 «
766 712 825 755 Et
846 710 879 754 si
898 724 1158 754 noveramus
1175 708 1416 754 secundum
1435 726 1609 755 carnem
1625 711 1862 767 Christum,
1896 701 1898 713 ¹

476 802 497 826 »
533 783 610 829 sed
633 798 751 828 nunc
772 783 863 842 jam
888 796 977 826 non
1007 781 1242 826 novimus?
1267 799 1287 822 »
1313 781 1424 835 Quia
1447 781 1625 842 quando
1649 797 1751 827 eum
1778 799 1868 828 car-

474 854 632 899 naliter
666 867 954 908 noveramus,
979 867 1069 897 non
1092 852 1355 912 putabamus
1382 852 1462 896 nisi
1491 853 1593 912 quia
1614 854 1746 899 homo
1777 863 1866 898 erat
1897 843 1900 887 3

480 933 646 969 tantum
670 940 682 968 .·
705 933 749 968 at
776 938 879 967 vero
903 932 1000 982 post
1026 938 1158 982 quam
1183 923 1319 981 gratia
1348 924 1440 983 ejus
1462 922 1605 967 illuxit
1623 924 1749 969 nobis
1767 959 1778 978 ,
1806 925 1866 968 in·
1898 938 1900 980 ξ

479 995 722 1040 telleximus
748 994 943 1038 Verbum
976 993 1144 1054 aequale
1170 993 1299 1038 Patri.
1329 993 1522 1038 Tenebat
1551 1010 1654 1053 ergo
1671 1030 1681 1049 ,
1707 1003 1750 1039 et
1769 993 1866 1039 luc·
1898 991 1900 1006 ⁵

476 1067 670 1122 tabatur‚
688 1065 811 1126 quasi
828 1080 929 1109 eum
952 1063 1113 1110 carnali
1130 1064 1285 1108 habitu
1310 1064 1448 1109 Jacob
1471 1064 1675 1124 amplecti
1696 1064 1862 1110 volens.

477 1137 557 1183 Ille
589 1146 735 1182 autem
764 1135 938 1181 dicebat
966 1155 974 1180 ;
1005 1135 1224 1179 «Dimitte
1257 1150 1355 1190 me,
1388 1154 1407 1177 »
1434 1134 1694 1180 carnaliter:
1724 1137 1867 1196 «quia
1900 1184 1901 1187 Ἴ

476 1227 497 1250 »
534 1223 633 1252 ecce
647 1208 738 1267 jam
762 1222 890 1250 mane
908 1215 993 1261 est,
1019 1224 1037 1246 »
1063 1214 1113 1250 ut
1135 1205 1385 1265 spiritaliter
1402 1205 1661 1249 illumineris
1682 1225 1690 1250 :
1718 1205 1762 1249 id
1784 1215 1864 1261 est,
1898 1195 1901 1224 ⁵

473 1276 571 1323 Noli
592 1293 662 1321 me
679 1285 833 1337 putare
848 1275 1071 1320 hominem
1090 1277 1152 1318 3.«
1168 1275 1363 1330 Dimitte,
1385 1276 1486 1336 quia
1502 1277 1594 1335 jam
1611 1291 1740 1320 mane
1756 1285 1863 1321 est.»

473 1352 603 1394 Mane
636 1348 682 1392 in
711 1347 809 1391 luce
841 1346 1036 1390 veritatis
1075 1345 1393 1401 intelleximus,
1428 1355 1473 1390 et
1507 1346 1750 1406 sapientiae,
1792 1362 1867 1406 per

473 1434 607 1479 quam
638 1416 750 1462 facta
786 1426 889 1461 sunt
922 1416 1083 1461 omnia.
1124 1419 1221 1476 Ipsa
1254 1414 1512 1476 perfrueris,
1549 1432 1651 1461 curn
1679 1432 1765 1461 nox
1787 1416 1865 1461 ista

474 1489 718 1544 transierit,
743 1489 827 1533 hoc
850 1497 914 1532 est
941 1486 1145 1548 iniquitas
1167 1487 1297 1547 hujus
1320 1486 1483 1532 saeculi.
1508 1490 1631 1532 Tunc
1648 1488 1765 1532 enim
1789 1488 1865 1532 fiet

474 1577 602 1607 mane
622 1597 632 1617 ,
670 1576 772 1606 cum
807 1560 974 1604 venerit
1002 1559 1235 1614 DominUS,
1267 1568 1316 1603 ut
1337 1559 1398 1603 ita
1431 1575 1454 1602 a
1482 1559 1608 1603 nobis
1636 1558 1863 1614 videatur,

474 1631 848 1695 quemadmodum
870 1631 925 1675 ab
957 1630 1132 1689 Angelis
1159 1629 1348 1674 videtur.
1375 1629 1487 1682 Quia
1518 1645 1636 1674 nunc
1670 1629 1867 1674 videmus
1900 1635 1902 1661 Γ

474 1721 552 1766 per
574 1702 803 1764 speculum
819 1702 865 1746 in
887 1701 1121 1760 aenigmate
1136 1735 1147 1755 ,
1169 1709 1275 1744 tunc
1294 1709 1441 1744 autem
1458 1700 1568 1745 facie
1591 1700 1647 1745 ad
1665 1700 1820 1745 faciem
1832 1702 1862 1743 ⁴.
1900 1689 1903 1731 3

476 1780 719 1822 Teneamus
746 1789 850 1833 ergo
864 1774 949 1817 hoc
967 1808 977 1827 ,
1003 1771 1157 1816 fratres
1177 1807 1187 1826 ,
1211 1770 1331 1832 quod
1349 1771 1514 1816 dictum
1534 1781 1597 1816 est
1618 1792 1625 1816 :
1648 1791 1668 1814 «
1690 1773 1866 1817 Dimitte

478 1868 498 1892 »
533 1864 627 1904 me,
649 1847 752 1908 quia
770 1847 860 1906 jam
883 1860 1011 1889 mane
1033 1854 1110 1888 est.
1134 1862 1153 1885 »
1180 1844 1264 1888 Sed
1287 1843 1360 1888 ille
1381 1842 1489 1904 quid
1511 1843 1647 1887 dixit?
1667 1862 1687 1885 «
1710 1846 1808 1889 Non
1826 1853 1867 1888 te
1900 1839 1903 1882 Ᾰ

479 1938 499 1961 »
535 1918 777 1971 dimittam,
805 1915 885 1959 nisi
904 1930 973 1958 me
994 1913 1296 1958 benedixeris?
1320 1932 1339 1954 »
1361 1913 1470 1965 Quia
1493 1929 1571 1973 per
1593 1929 1766 1958 carnem
1790 1929 1867 1958 nos

477 1990 596 2051 prius
617 1986 839 2032 benedicit
867 1985 1093 2030 Dominus.
1119 1987 1291 2029 Norunt
1316 1982 1465 2027 fideles
1488 1984 1595 2044 quid
1618 1984 1864 2044 accipiunt,

476 2061 579 2122 quia
598 2075 676 2120 per
696 2072 871 2103 carnem
893 2055 1217 2100 benedicuntur
1235 2075 1246 2112 3
1267 2064 1309 2099 et
1327 2055 1470 2098 sciunt
1491 2054 1591 2114 quia
1614 2070 1702 2099 non
1727 2063 1868 2099 essent

476 2130 720 2185 benedicti,
745 2129 827 2173 nisi
846 2136 946 2172 caro
968 2125 1041 2170 illa
1063 2125 1265 2170 crucifixa
1288 2124 1466 2168 daretur
1486 2139 1566 2183 pro
1588 2124 1733 2169 saeeuli
1761 2125 1863 2170 vita.

477 2200 711 2257 Quomodo
738 2208 883 2244 autem
912 2195 1221 2242 benedicitur?
1245 2194 1353 2248 Quia
1373 2193 1603 2254 praevaluit
1624 2198 1713 2240 Deo
1729 2229 1740 2251 ,
1766 2195 1867 2256 quia
1900 2215 1903 2244 ;

480 2273 623 2318 tenuit
640 2270 834 2325 fortiter,
868 2277 911 2313 et
932 2265 1247 2328 perseveravit,
1273 2274 1316 2309 et
1337 2264 1392 2309 de
1414 2265 1614 2309 manibus
1632 2281 1722 2311 non
1744 2265 1867 2310 dimi·

479 2345 558 2399 sit,
578 2343 699 2404 quod
721 2340 862 2386 amisit
886 2339 1039 2384 Adam.
1066 2340 1306 2382 Teneamus
1323 2351 1427 2395 ergo
1445 2335 1593 2380 fideles
1611 2336 1732 2396 quod
1753 2352 1867 2381 acce·

479 2415 622 2475 pimus
638 2449 648 2468 ,
674 2422 723 2457 ut
744 2410 946 2456 benedici
965 2423 1223 2453 mereamur.

544 2486 661 2529 VIII.
690 2487 791 2527 Pars
814 2481 934 2526 arida
956 2479 1093 2524 Jacob
1116 2477 1383 2524 Christianos
1406 2476 1541 2522 malos
1557 2477 1797 2536 significat,
1819 2485 1867 2521 ut

480 2557 525 2600 in
541 2555 634 2615 ipso
657 2553 794 2598 Jacob
817 2561 861 2597 et
882 2549 1127 2596 benedictio
1144 2549 1198 2594 sit
1213 2583 1224 2604 ‚
1246 2557 1289 2592 et
1305 2547 1579 2592 claudicatio.
1607 2547 1866 2593 Benedictus

529 2647 537 2664 ¹
555 2649 574 2673 2
592 2643 665 2673 Cor.
679 2649 712 2681 v,
735 2639 787 2672 16.
808 2654 849 2661 -
870 2644 881 2660 ²
904 2636 986 2671 Ibid.
1013 2646 1063 2678 ¹7·
1083 2651 1124 2658 -—
1142 2632 1155 2660 3
1172 2632 1320 2667 subaud.
1347 2638 1483 2668 tantum.
1507 2632 1576 2663 —4
1597 2645 1608 2666 1
1636 2635 1708 2668 Cor.
1725 2644 1794 2676 xm,
1814 2642 1863 2666 12.
