1867 3320
400 357 539 392 sunno
572 368 675 409 xm,
714 376 758 402 ιΝ
791 377 952 409 rsALMo
987 387 1039 424 11,
1079 381 1144 417 10.
1384 396 1462 433 293

96 425 204 473 tem,
242 421 407 468 etiamsi
428 437 614 484 potestas
636 436 792 496 injusta
811 444 987 492 damnet
1011 459 1052 494 te
1070 487 1080 506 ‚
1106 456 1214 501 Deus
1239 462 1376 518 justus
1393 484 1464 514 co-

92 489 266 535 ronabit
293 500 349 536 te.
374 497 437 540 Ac
460 513 536 557 per
559 503 640 549 hoc
664 515 711 550 tu
734 511 945 569 justitiam
968 527 1067 565 tene
1086 558 1097 576 ‚
1124 533 1172 569 tu
1207 527 1314 576 bene
1333 536 1426 581 vive
1453 560 1461 584 :

90 565 133 600 et
153 557 243 602 sive
273 560 478 622 damnet,
515 571 603 616 sive
637 576 849 638 absolvat,
887 587 1065 636 habebis
1097 592 1270 643 laudem
1293 617 1341 646 ex
1373 606 1459 652 illa.

88 628 245 674 Beatus
272 632 345 677 ifle
361 637 397 690 ¹,
429 641 550 699 cujus
576 644 645 691 hic
678 655 850 710 sanguis
873 655 992 704 fusus
1014 672 1099 718 est,
1132 681 1278 714 nonne
1301 688 1351 717 ex
1375 676 1463 735 ipsa

86 706 298 756 potestate
313 737 324 756 ,
351 716 583 769 antequam
603 725 646 760 et
669 734 690 762 a
713 736 798 780 qua
827 726 940 772 visus
963 740 1026 775 est
1052 734 1265 795 judicari,
1291 741 1461 791 laudem

83 766 251 814 invenit
267 773 285 815 i>
301 775 624 828 Confessionem
642 792 858 848 promisit,
886 797 928 840 in
952 800 1037 844 fide
1061 810 1292 861 permansit
1319 832 1326 855 :
1353 829 1461 860 mor-

84 847 167 882 tem
183 856 273 885 non
296 843 466 904 timuit,
491 856 744 912 sanguinem
763 861 902 918 fudit,
927 869 1150 919 diabolum
1172 879 1288 925 vicit.

151 911 247 954 VII.
272 915 327 957 Ut
348 931 451 975 ergo
472 936 561 966 non
584 925 673 971 sitis
706 930 866 991 iniquae
889 944 1140 994 potestatis'2

75 978 271 1026 homines
292 985 422 1031 vultis
443 989 602 1038 habere
623 996 668 1040 in
685 999 879 1048 homines
903 1017 1114 1065 potestate

72 1063 127 1092 ne
165 1066 363 1109 perverse
390 1060 622 1121 judicetis,
662 1078 705 1113 et
728 1082 828 1117 ante
850 1076 893 1119 in
923 1080 1063 1126 anima
1096 1088 1296 1142 pereatis,
1323 1107 1453 1150 quam

69 1133 334 1181 quemquam
364 1127 408 1171 in
438 1146 568 1177 carne
586 1139 787 1194 perdatis.
811 1145 951 1190 Judex
972 1165 1062 1193 esse
1080 1154 1140 1197 vis

66 1190 272 1250 meritis‚)
288 1195 355 1238 vel
371 1203 579 1256 pecunia:
600 1211 797 1255 nondum
817 1218 1098 1273 reprehendo.
1122 1226 1182 1268 Fo

63 1259 266 1315 prodesse
288 1267 410 1324 cupis
433 1271 562 1317 rebus
592 1275 790 1325 humanis
806 1318 816 1337 ‚
838 1294 880 1328 et
903 1290 1006 1332 emis
1031 1299 1077 1333 ut
1097 1297 1258 1354 prosis,
1286 1309 1333 1343 ut
1353 1316 1444 1345 ser-

60 1326 148 1371 vias
170 1331 372 1390 justitiae,
408 1353 498 1384 non
529 1347 666 1401 parcis
701 1355 912 1407 pecuniae.
941 1359 1060 1403 Prius
1086 1375 1320 1422 propterte
1353 1381 1443 1416 esto

50 1396 186 1455 judex
201 1401 246 1444 in
269 1412 312 1446 te
336 1423 344 1449 :
371 1409 488 1466 prius
500 1413 650 1470 judica
673 1417 727 1461 de
752 1429 792 1464 te
809 1456 820 1476 ,
847 1433 895 1467 ut
917 1425 971 1469 de
994 1435 1203 1487 penetrali
1225 1440 1442 1484 conscien-

54 1466 125 1511 tiae
155 1485 331 1518 securus
364 1481 571 1535 procedas
606 1485 661 1529 ad
694 1488 892 1536 alterum.
931 1499 980 1540 In
1012 1508 1051 1542 te
1083 1502 1224 1561 ipsum
1254 1508 1370 1563 redi,
1400 1520 1439 1554 te

51 1540 242 1598 attende,
266 1553 309 1588 te
330 1545 513 1605 discute,
540 1561 583 1597 te
604 1557 721 1602 audi.
742 1560 806 1603 lbi
831 1571 872 1607 te
895 1566 994 1611 volo
1016 1573 1196 1628 probare
1218 1578 1435 1638 integrum

41 1608 234 1667 judicem
252 1648 263 1665 ,
293 1617 366 1658 ubi
390 1634 478 1664 non
501 1626 658 1680 quaeris
683 1637 849 1676 testem.
879 1639 1113 1686 procedere
1137 1648 1197 1689 vis
1228 1665 1325 1689 cum
1358 1665 1434 1707 po—

46 1687 219 1734 testate,
241 1690 290 1725 ut
307 1683 416 1727 alter
438 1690 515 1730 tibi
538 1694 654 1735 dicat
676 1697 730 1737 de
752 1701 887 1744 altero
909 1707 1028 1761 quod
1055 1717 1101 1751 tu
1125 1715 1259 1759 nescis
1283 1737 1290 1760 :
1315 1722 1430 1776 prius

7 1784 10 1787 ,
42 1747 465 1809 intusjudica.Nihil
490 1758 567 1803 tibi
586 1760 640 1805 de
662 1772 704 1807 te
721 1765 827 1811 dixit
845 1776 1105 1823 conscientia
1125 1791 1195 1827 tua
1214 1787 1232 1827 ἑ)
1257 1788 1295 1830 Si
1322 1791 1428 1834 nolis

40 1832 223 1877 negare,
251 1824 404 1884 utique
421 1826 543 1872 dixit.
575 1832 685 1878 Nolo
703 1836 852 1882 audire
870 1845 974 1900 qnid
999 1848 1154 1895 dixerit
1183 1874 1190 1897 ;
1219 1864 1262 1899 tu
1278 1860 1424 1915 judica

37 1889 113 1947 qui
135 1891 308 1936 audisti.
340 1896 451 1940 Dixit
476 1899 555 1943 tibi
578 1901 632 1946 de
657 1913 696 1947 te
719 1908 825 1965 quid
853 1910 1019 1969 seceris,
1057 1922 1163 1977 quid
1183 1932 1419 1984 acceperis,

34 1958 141 2016 quid
161 1965 417 2019 peccaveris.
446 1969 613 2014 vellem
644 1975 752 2018 scire
783 1980 954 2036 qualem
984 1991 1239 2036 sententiam
1267 2008 1419 2053 protu-

32 2026 132 2075 listi.
160 2031 202 2076 Si
226 2032 338 2077 bene
368 2036 547 2093 audisti,
579 2042 611 2084 si
644 2054 757 2088 recte
794 2050 972 2105 audisti,
1002 2057 1032 2098 si
1070 2058 1110 2101 in
1135 2063 1352 2109 audiendo
1379 2079 1417 2112 tc

25 2098 168 2156 justus
185 2099 321 2157 fuisti,
341 2106 375 2148 si
397 2115 481 2151 tuae
500 2114 653 2156 mentis
679 2115 869 2163 tribunal
891 2126 1133 2177 ascendisti,
1152 2132 1183 2173 si
1210 2142 1248 2176 te
1276 2136 1410 2193 ipsum

27 2178 127 2213 ante
151 2180 191 2214 te
211 2173 349 2231 ipsum
369 2176 412 2220 in
435 2180 635 2226 eculeum
648 2187 789 2232 cordis
806 2196 1079 2250 suspendisti,
1096 2201 1127 2241 si
1153 2217 1300 2258 graves
1327 2218 1410 2252 ior-

29 2247 140 2284 tores
171 2243 408 2291 adhibuisti
434 2249 629 2309 timoris,
662 2256 773 2302 bene
810 2262 986 2318 audisti,
1007 2268 1038 2309 si
1074 2271 1132 2312 sic
1161 2274 1313 2319 audisti
1334 2300 1343 2327 ·,
1367 2292 1406 2323 vt

25 2310 178 2367 procul
208 2313 344 2360 dubio
378 2320 633 2374 poenitendo
661 2340 884 2384 peccatum
910 2338 1084 2392 punisti.
1121 2344 1227 2386 Ecce
1250 2356 1291 2389 ct
1321 2348 1405 2391 ‹tis-

23 2380 209 2435 cussisti,
235 2393 278 2427 et
312 2387 499 2444 audisti,
531 2402 574 2436 et
603 2398 790 2456 punisti,
827 2412 868 2445 vt
893 2412 1033 2450 tamon
1061 2409 1136 2453 tibi
1161 2419 1399 2473 pepercisti.

23 2449 91 2493 Sic
114 2452 213 2496 audi
242 2464 284 2498 ct
308 2459 553 2514 proximum
578 2474 701 2511 tuum
720 2504 730 2522 ,
764 2472 796 2514 si
821 2475 1026 2519 erudiaris
1044 2480 1152 2525 sicut
1176 2485 1398 2534 admonuit

22 2519 214 2566 psalmus
234 2543 243 2568 :
273 2545 292 2566 «
314 2529 558 2576 Erudiniini
578 2551 727 2582 omncs
750 2543 824 2600 qui
842 2544 1043 2601 judicatis
1070 2559 1238 2597 terium.
1262 2575 1279 2595 »ι

81 2592 198 2635 vlit.
230 2596 269 2638 Si
293 2598 352 2640 sic
375 2601 497 2646 audis
519 2608 763 2663 proximum
795 2622 915 2657 tuum
937 2652 945 2661 .
972 2624 1194 2677 quomodo
1213 2627 1333 2670 audis
1355 2639 1396 2674 vt

64 2681 69 2695 ¹
96 2678 270 2718 Cyprianus
292 2688 420 2718 inan-tir.
443 2703 479 2710 »-
499 2696 511 2709 ²
535 2690 634 2723 Γυνὴ·
653 2698 838 2734 potestate.

1155 981 1165 998 ,
1191 950 1455 1013 quicumque

1118 1029 1156 1056 m
1177 1036 1188 1072 3
1206 1019 1451 1079 erudimini,
