1924 3309
515 185 596 225 304
944 198 977 228 s.
1013 201 1243 233 mausum
1276 208 1457 239 Errscom

512 280 531 302 »
567 277 667 307 vasa
690 273 793 308 sunt
812 280 941 310 aurea
973 277 1016 312 et
1049 281 1272 328 argentea,
1313 275 1388 320 sed
1410 285 1453 321 et
1472 276 1615 336 lignea
1640 289 1683 324 et
1704 282 1855 329 fictilia
1878 306 1890 344 3

509 349 529 372 »
565 332 648 377 alia
685 334 863 395 quidem
898 337 943 380 in
985 338 1212 396 honorem,
1259 342 1341 389 alia
1384 347 1430 391 in
1471 351 1786 398 contumeliam
1800 356 1831 398 1.
1869 373 1891 398 »

504 403 721 449 Numerus
743 421 843 464 ergo
859 442 870 463 ,
893 424 992 453 vasa
1014 410 1058 453 in
1081 411 1292 458 honorem
1320 434 1328 459 z
1353 432 1482 476 super
1499 436 1755 479 numerum,
1794 441 1904 473 vasa:

503 471 550 516 in
567 476 896 521 contumeliam.
919 481 1032 523 Cum
1047 495 1150 539 ergo
1172 483 1256 528 sint
1280 485 1359 529 ista
1387 486 1476 533 duo
1499 505 1654 548 genera
1671 509 1889 553 vasorum,

501 545 718 605 numquid
741 546 993 592 dubitamus
1012 550 1087 593 ubi
1105 551 1160 596 sit
1175 552 1306 598 decor
1328 554 1483 602 domus
1506 561 1609 605 Dei?
1641 565 1682 608 Si
1705 580 1809 623 ergo
1832 567 1892 611 vis

501 611 695 672 diligere,
721 632 852 675 agens
874 619 994 677 quod
1016 623 1222 678 cantasti,
1247 625 1449 671 decorem
1468 628 1622 675 domus
1643 634 1745 689 Dei,
1769 645 1812 679 et
1833 635 1877 681 lo
1902 670 1903 673 ,

500 700 598 729 cum
630 687 898 733 tabernaculi
920 690 1122 737 claritatis
1146 695 1236 754 ejus
1262 717 1273 754 3
1299 714 1448 758 quaere
1474 716 1574 746 vasa
1597 702 1643 746 in
1658 705 1886 752 honorem.

501 758 559 799 Et
581 757 683 802 nolo
704 759 843 815 dicas,
873 780 892 802 «
928 763 1136 819 Quaesivi,
1175 776 1218 810 et
1258 783 1347 812 non
1380 771 1540 816 inveni.
1575 792 1594 814 n
1632 775 1736 821 Ideo
1774 779 1891 822 enim

503 828 716 885 quaesisti,
748 831 850 889 quia
873 833 993 891 quod
1026 836 1216 893 quaesisti
1234 846 1281 881 tu
1307 855 1396 883 non
1418 841 1552 886 fuisti.
1580 845 1737 890 Similis
1762 847 1889 892 simili

499 897 706 953 cohaeret,
725 899 939 945 dissimilis
961 902 1212 950 dissimilem
1228 907 1403 967 refugit.
1423 912 1465 956 Si
1484 911 1616 958 fueris
1633 912 1706 959 vas
1729 917 1773 960 in
1786 933 1890 962 con-

499 968 723 1012 tumeliam
741 1004 752 1023 ,
779 971 931 1029 procul
949 972 1085 1018 dubio
1102 991 1174 1019 vas
1195 978 1240 1020 in
1264 979 1476 1025 honorem
1499 998 1628 1039 grave
1645 986 1726 1029 tibi
1741 988 1820 1031 erit
1847 997 1890 1032 et

496 1035 552 1080 ad
586 1038 840 1084 videndum.
879 1044 976 1086 Non
1001 1045 1124 1089 audis
1156 1049 1379 1106 quomodo
1407 1052 1585 1110 quidam
1621 1055 1675 1100 de
1697 1056 1889 1116 quodam

495 1105 658 1162 dicant,
681 1128 700 1150 «
722 1112 872 1155 Gravis
891 1113 1014 1157 nobis
1034 1117 1235 1161 estetiam
1248 1118 1303 1162 ad
1318 1120 1556 1166 videndum
1568 1127 1605 1167 2Ρ
1622 1143 1641 1166 »
1663 1128 1792 1178 Quod
1809 1128 1887 1172 tibi

496 1191 625 1233 grave
643 1188 707 1222 est
730 1180 785 1223 ad
802 1180 1055 1238 videndum,
1079 1188 1257 1245 quando
1271 1190 1351 1233 erit
1373 1202 1573 1249 apertum
1588 1194 1643 1238 ad
1665 1196 1888 1241 invenien-

493 1246 630 1290 dum?
668 1251 778 1293 Vasa
812 1251 927 1294 enim
951 1253 1031 1297 ista
1045 1289 1056 1308 ‚
1092 1255 1348 1302 interiorum
1386 1261 1616 1307 hominum
1638 1274 1755 1310 sunt.
1790 1269 1886 1312 Non

495 1317 646 1377 utique
683 1334 783 1362 cum
818 1321 933 1365 visus
961 1322 1095 1368 fuerit
1129 1327 1295 1384 justus,
1325 1330 1413 1387 jam
1452 1334 1700 1390 agnoscitur
1722 1338 1880 1396 justus.

490 1388 707 1432 Eumdem
733 1401 959 1449 aspectum
982 1394 1116 1439 habet
1138 1405 1181 1439 et
1213 1398 1356 1456 justus
1370 1409 1413 1443 et
1432 1401 1617 1461 injustus
1651 1424 1659 1448 :
1699 1415 1883 1467 uterque

491 1457 639 1513 homo,
665 1459 741 1503 sed
761 1476 850 1505 non
873 1471 1059 1522 uterque
1081 1465 1237 1510 domus
1257 1469 1342 1511 Dei.
1372 1472 1427 1513 Et
1448 1471 1483 1514 si
1510 1474 1639 1517 ambo
1652 1475 1882 1522 Christiani

489 1529 781 1587 appellantur,
800 1541 1038 1592 utrumque
1051 1550 1140 1590 vas,
1156 1537 1329 1582 sednon
1344 1548 1580 1602 utrumque
1590 1544 1634 1587 in
1645 1546 1854 1591 honorem
1869 1567 1880 1604 3

487 1600 562 1643 sed
580 1599 700 1644 aliud
723 1602 768 1644 in
788 1603 999 1648 honorem
1014 1640 1025 1659 ,
1051 1606 1170 1651 aliud
1192 1608 1238 1651 in
1256 1612 1582 1657 contumeliam.

545 1672 623 1712 111.
652 1673 876 1729 Numquid
911 1685 1089 1734 propter
1110 1677 1223 1720 mala
1245 1693 1344 1722 vasa
1379 1680 1616 1725 deserenda
1640 1692 1703 1727 est
1726 1682 1901 1743 domus}

487 1741 670 1796 magna?
691 1741 820 1783 Novit
835 1744 948 1784 Deus
967 1742 1056 1795 uti,
1083 1742 1129 1786 id
1143 1753 1206 1787 est
1225 1748 1436 1791 Dominus
1460 1765 1631 1809 magnae
1648 1753 1820 1810 domus,
1838 1766 1881 1801 et

487 1808 594 1852 vasis
617 1809 663 1852 in
680 1808 913 1864 honorem,
952 1824 996 1856 et
1011 1813 1118 1856 vasis
1132 1813 1176 1856 in
1194 1816 1521 1862 contumeliam.
1553 1821 1688 1866 Sicuti
1705 1835 1768 1869 est
1784 1840 1878 1870 ma-

487 1878 631 1922 lorum
646 1878 757 1922 male
772 1880 838 1923 uti
853 1882 981 1924 etiam
999 1882 1125 1926 bonis
1137 1918 1148 1938 ,
1169 1884 1228 1928 sic
1242 1900 1264 1928 e
1279 1896 1428 1931 contra
1448 1890 1524 1932 Dei
1548 1890 1659 1935 bene
1673 1894 1736 1937 uti
1751 1896 1878 1940 etiam

486 1948 624 1993 malis.
652 1950 831 2002 Quantis
857 1951 981 1996 bonis
1004 1962 1190 1997 utuntur
1214 1955 1342 1999 mali?
1369 1958 1520 2003 Omnis
1547 1961 1662 2005 enim
1681 1975 1877 2010 creatura

486 2019 564 2062 Dei
589 2019 705 2063 bona
727 2021 830 2064 est3.
856 2022 1087 2074 Quomodo
1104 2039 1152 2067 ea
1162 2024 1274 2068 male
1292 2035 1479 2072 utuntur
1490 2031 1624 2075 mali?
1645 2034 1875 2086 Quomodo

486 2105 558 2134 eos
571 2090 768 2150 increpat
784 2092 1023 2152 Scriptura,
1040 2093 1207 2140 dicens:
1224 2115 1242 2137 «
1256 2098 1418 2152 Petitis,
1436 2109 1479 2143 et
1495 2116 1588 2145 non
1603 2104 1809 2164 accipitis,
1825 2121 1874 2151 eo

488 2179 509 2202 »
528 2162 649 2221 quod
676 2162 788 2206 male
806 2164 976 2222 petatis,
1000 2174 1049 2209 ut
1073 2165 1117 2208 in
1139 2169 1498 2227 concupiscentiis
1520 2174 1671 2218 ves-tris
1688 2176 1873 2222 insuma-

486 2232 574 2275 »tis
585 2233 615 2275 ⁴.
626 2251 643 2273 »
657 2234 785 2286 Quod
799 2249 957 2278 nomen
972 2247 1231 2294 acceperunt
1244 2237 1313 2281 isti
1326 2240 1439 2283 male
1453 2251 1625 2288 utentes
1637 2244 1762 2290 bonis
1774 2247 1872 2291 Dei?
1895 2268 1899 2340 1

486 2303 708 2361 Sequitur,
729 2313 771 2347 et
791 2304 894 2349 dicit
912 2324 920 2349 2
949 2324 968 2346 «
986 2305 1200 2350 Adulteri.
1217 2326 1235 2348 »
1259 2308 1379 2353 Unde
1400 2310 1614 2358 adulteri?
1635 2334 1654 2357 «
1675 2317 1866 2373 Nescitis,
1895 2349 1899 2372 ,

487 2390 506 2413 »
531 2373 633 2431 quia
654 2375 816 2418 amicus
834 2376 964 2435 hujus
981 2376 1148 2432 mundi,
1170 2377 1369 2424 inimicus
1388 2385 1474 2427 Deo
1490 2385 1827 2432 constituiturf’?
1846 2405 1864 2429 »
1895 2376 1899 2454 Ξ

532 2476 540 2491 ¹
563 2478 582 2502 2
599 2471 679 2503 Tim.
702 2481 740 2512 ιι,
755 2480 809 2504 20.
826 2489 866 2495 -
883 2480 895 2495 ²
918 2476 992 2516 Sap.
1012 2484 1048 2515 11,
1073 2473 1123 2506 15.
1148 2491 1187 2497 —
1207 2474 1220 2498 3
1244 2487 1254 2508 ι
1275 2477 1352 2510 Tim.
1376 2490 1423 2520 lv,
1441 2479 1472 2521 4.
1495 2497 1536 2503 -
1555 2480 1569 2511 4
1588 2484 1703 2516 Jacob.
1724 2495 1771 2526 iv,
1791 2484 1867 2519 3.—
1894 2460 1898 2545 l

1895 2548 1898 2567 l

483 2523 498 2547 ⁵
521 2526 599 2559 noia.
624 2526 654 2568 4.
