1867 3320
0 1915 2 1930 l

500 266 635 296 SERMO
668 270 763 310 xix,
800 275 840 300 m
876 274 1031 305 PSALMo
1063 281 1111 317 1.,
1147 274 1184 309 5.
1430 280 1508 318 333

163 340 228 376 est
257 329 377 390 quod
398 330 553 376 zelavit
583 334 627 377 in
662 340 969 396 peccatoribus,
995 359 1137 401 pacem
1159 360 1419 405 peccatorum
1444 358 1511 400 in-

164 410 304 446 tuens.
320 401 516 460 Denique
537 403 668 448 habes
685 406 744 450 ibi
770 427 778 452 ;
804 427 821 449 «
840 412 951 454 Ecce
972 412 1047 470 ipsi
1071 426 1303 472 peccatores
1319 432 1359 465 et
1377 425 1512 469 abun-

165 490 185 513 »
221 469 374 514 dantes
408 470 454 513 in
487 473 645 518 saeculo
681 476 962 524 obtinuerunt
990 481 1168 527 divitias.
1194 487 1405 548 Numquid
1427 496 1513 538 sine

164 559 186 583 »
220 555 346 585 causa
382 540 615 600 justificavi
637 559 710 588 cor
731 561 896 604 meum,
931 558 1004 594 aut
1035 551 1117 595 lavi
1140 553 1246 597 inter
1277 558 1514 606 innoeentes

167 632 185 653 »
221 626 376 656 manus
398 627 531 667 meas,
551 622 594 657 et
607 612 667 658 fui
686 615 921 675 flagellatus
939 629 1026 665 tota
1045 621 1162 665 die¹?
1191 642 1209 663 »
1245 626 1346 671 Colo
1363 631 1512 675 Deum.

164 682 468 743 blasphemant
499 686 636 728 Deum
671 705 680 730 ;
715 686 796 731 illis
820 688 1022 746 felicitas,
1055 691 1156 735 mihi
1180 694 1389 740 calamitas
1415 720 1423 743 2
1447 702 1517 744 ubi

162 753 370 813 aequitasi‘
392 752 501 797 Inde
520 754 628 799 moti
656 755 800 814 pedes,
837 759 935 804 inde
957 776 1064 820 pene
1082 763 1204 806 effusi
1227 779 1399 822 gressus,
1425 768 1519 812 inde

163 824 458 885 proprinquus
485 823 696 869 interitus.
735 830 839 872 Nam
863 829 915 873 ad
937 830 1052 890 quod
1082 833 1316 891 periculum
1339 839 1517 891 venerit,

163 896 307 941 videte
332 915 341 941 :
368 895 428 939 ihi
452 895 533 950 ait,
564 915 584 938 «
620 899 675 940 Et
696 896 808 953 dixi,
850 902 1066 960 quomodo
1089 904 1163 947 scit
1187 907 1310 951 Deus,
1347 916 1387 950 et
1409 909 1437 950 si
1462 917 1521 951 cst

163 966 342 1011 scientia
358 966 404 1009 in
418 965 661 1011 Altissimo?
681 985 700 1007 »
724 967 877 1013 Videte
898 970 951 1014 ad
972 972 1086 1030 quod
1109 974 1341 1031 periculum
1365 977 1523 1020 venerit

165 1035 403 1097 quaerendo
421 1051 445 1081 a
468 1039 559 1080 Deo
579 1051 657 1095 pro
674 1051 829 1095 magno
847 1041 1022 1097 praemio
1041 1049 1247 1085 terrenam
1267 1043 1520 1087 lelicitatem.

167 1107 449 1166 Disciteergo,
472 1106 735 1161 Charissimi,
760 1123 852 1151 eam
874 1109 906 1152 si
926 1110 1088 1154 habetis
1106 1146 1115 1164 ‚
1140 1121 1423 1163 contemnere,
1450 1129 1523 1157 nec

164 1179 306 1223 dicere
324 1179 369 1222 in
380 1177 586 1223 cordibus
600 1179 749 1223 vestris
769 1198 777 1223 :
804 1182 892 1237 Ego
909 1180 1006 1240 quia
1021 1181 1114 1225 colo
1133 1184 1263 1226 Deum
1279 1217 1289 1236 ,
1312 1184 1404 1227 ideo
1419 1184 1524 1227 bene

164 1259 226 1294 est
240 1250 364 1294 mihi.
390 1249 570 1293 Videbis
592 1249 729 1304 enim,
754 1266 840 1309 quo
862 1250 989 1294 modo
1008 1252 1083 1295 tibi
1102 1262 1222 1311 putas
1244 1254 1365 1298 bene.
1385 1263 1424 1296 et
1446 1254 1523 1297 illis

163 1320 239 1380 qui
265 1335 353 1364 non
381 1319 533 1365 colunt
556 1323 691 1364 Deum
716 1335 802 1364 esse
825 1321 930 1364 bene
955 1342 965 1378 3
990 1331 1030 1364 et
1054 1323 1336 1366 movebuntur
1365 1339 1523 1381 gressus

164 1391 244 1435 tui.
271 1394 360 1435 Aut
377 1391 491 1435 enim
510 1390 645 1435 habes
672 1390 804 1446 illam,
825 1391 965 1436 colens
988 1396 1144 1447 Deum,
1169 1404 1208 1437 et
1234 1395 1392 1438 videbis
1409 1395 1522 1454 quod

165 1461 326 1506 habeat
347 1461 446 1507 talia
469 1477 558 1507 non
580 1461 724 1506 colens
743 1464 876 1505 Deum
903 1483 913 1519 3
944 1472 985 1506 et
1005 1462 1101 1506 ideo
1127 1464 1291 1522 putabis
1317 1465 1465 1507 frustra
1488 1474 1524 1507 te

164 1530 306 1576 colere
333 1533 494 1588 Deum,
519 1532 621 1592 quia
641 1541 685 1576 et
707 1531 777 1575 ille
798 1532 932 1576 habet
955 1531 1193 1576 felicitatem
1217 1534 1289 1593 qui
1318 1549 1400 1577 non
1429 1533 1525 1577 colit

165 1605 304 1648 Deum
327 1622 335 1648 :
357 1612 539 1648 autnon
558 1603 676 1647 illam
693 1602 838 1656 habes,
855 1612 897 1646 et
910 1602 1042 1646 multo
1057 1603 1234 1662 amplius
1253 1607 1382 1646 Deum
1402 1619 1526 1646 accu-

166 1673 294 1729 sabis,
319 1674 396 1734 qui
419 1672 599 1718 dateam
615 1672 1027 1731 blasphematoribus
1039 1673 1137 1721 suis,
1156 1682 1196 1716 et
1214 1682 1337 1731 negat
1354 1674 1525 1716 cultori-

165 1744 247 1788 bus
267 1743 368 1787 suis.
396 1743 553 1788 Discite
576 1757 678 1800 ergo
704 1751 870 1786 terrena
903 1751 1188 1796 contemnere,
1233 1744 1264 1786 si
1294 1743 1418 1786 vultis
1443 1746 1524 1786 1³00

166 1813 428 1859 fidelicorde
449 1813 622 1858 servire.
656 1813 797 1857 Habes
816 1812 956 1856 illam?
981 1812 1066 1856 noli
1097 1822 1244 1871 putare
1262 1813 1358 1856 inde
1386 1823 1423 1856 tc
1443 1829 1525 1855 esst·

167 1884 332 1929 bonum
352 1920 363 1940 ,
404 1885 479 1930 sed
503 1885 571 1929 lac
603 1894 644 1929 te
665 1883 765 1929 inde
785 1883 960 1928 bonum.
988 1886 1080 1927 Non
1104 1883 1230 1926 habes
1245 1886 1262 1926 P
1280 1882 1362 1927 noli
1383 1893 1524 1942 putare

166 1954 269 2000 inde
290 1964 334 2001 te
350 1971 440 2001 esse
457 1955 620 2000 malum
638 1976 648 2014 3
685 1954 758 2000 sed
779 1969 879 1999 cave
899 1954 1056 1997 malum
1071 1988 1080 2006 ,
1105 1968 1190 2012 quo
1212 1968 1295 1997 non
1315 1955 1425 1996 venit
1451 1954 1524 1996 bo-

166 2040 265 2071 nus.

227 2099 281 2140 V.
311 2097 485 2142 Etenim
507 2097 586 2142 iste
609 2097 854 2156 resipiscens
871 2129 882 2149 ‚
904 2103 945 2138 et
969 2092 1275 2152 reprehendens
1293 2107 1335 2134 se
1358 2093 1490 2149 ipsum
1509 2127 1518 2140 ,

167 2166 288 2227 quod
309 2166 421 2211 male
444 2176 637 2228 coeperat
659 2167 713 2210 de
735 2170 822 2211 Deo
843 2164 1010 2216 sentire,
1035 2161 1232 2206 anhelans
1255 2170 1461 2219 peccator.
1482 2170 1518 2201 ct

169 2252 319 2296 pacem
342 2237 516 2282 intuens
534 2246 809 2297 peccatorum
829 2257 839 2292 3
859 2232 1165 2293 reprehendens
1185 2246 1282 2287 ergo
1305 2246 1346 2273 se
1369 2231 1519 2288 ipsum.

168 2306 254 2352 ait:
285 2326 305 2350 «
330 2308 447 2361 Quid
466 2309 581 2352 enim
602 2308 704 2352 mihi
727 2316 789 2350 cst
811 2306 854 2349 in
872 2303 979 2348 coelo
994 2338 1004 2357 ‚
1029 2312 1069 2346 et
1091 2318 1110 2345 a
1138 2311 1176 2345 te
1197 2301 1299 2359 quid
1324 2299 1435 2342 volui
1460 2314 1520 2340 sn-

170 2397 190 2420 »
227 2393 303 2438 per
331 2382 518 2424 terram?
545 2398 565 2421 »
606 2382 699 2423 ,lam
732 2377 993 2435 resipiscens,
1026 2375 1111 2430 jam
1152 2380 1341 2414 correcto
1368 2368 1477 2411 cord«
1511 2403 1518 2413 ,

169 2450 344 2508 agnovit
361 2460 576 2511 quantum
592 2447 882 2494 valcatcultus
903 2447 968 2488 nvi
991 2464 997 2487 :
1017 2458 1143 2503 qiu-m
1162 2443 1229 2485 noi
1244 2440 1402 2483 cultum
1419 2455 1434 2479 x
1448 2438 1521 2479 ilis-

168 2520 274 2566 simo
292 2521 430 2580 pretio
455 2520 702 2574 addixerat,
737 2517 909 2578 quando
932 2531 1004 2574 pro
1028 2513 1099 2558 illo
1124 2523 1326 2556 terrenam
1353 2509 1522 2551 totunm-

217 2606 324 2639 ¹Psa1.
346 2617 445 2650 mxxix,
471 2605 715 2649 12,r3‚14.-
738 2612 749 2626 ²
770 2604 846 2637 ΙΙιίιΙ.
868 2612 914 2633 ¹¹-
