1867 3320
366 292 505 320 scanzo
538 294 610 330 lx,
647 294 700 319 DE
734 293 873 319 DECEM
905 293 1095 320 CHORDlS.
1338 285 1415 323 241

47 357 187 401 virum
203 355 258 399 ad
277 356 436 411 forum,
458 356 559 415 quia
581 357 782 401 inventus
799 365 865 400 est
886 371 986 400 cum
1009 356 1163 400 ancilia
1180 372 1276 412 sua,
1302 376 1420 404 nun-

46 441 176 488 quam
215 425 472 483 audierunt,
496 441 597 470 cum
617 427 671 470 sit
692 442 770 485 par
795 435 1037 486 peccatum.
1061 429 1112 469 In
1134 437 1311 485 peccato
1328 432 1422 488 pari

45 495 384 540 innocentiorem
400 496 505 540 facit
525 496 664 541 videri
685 497 826 540 virum
843 532 854 552 ,
881 512 970 541 non
991 495 1138 541 divina
1155 497 1327 553 veritas,
1347 499 1423 543 sed

44 566 233 610 humana
270 567 539 625 perversitas.
584 566 677 610 Etsi
720 564 831 611 forte
873 566 1004 611 hodie
1045 566 1253 611 acriorem
1300 569 1421 627 quis-

44 650 174 696 quam
212 651 360 695 passus
414 635 547 680 fuerit
585 651 764 680 uxorem
810 651 929 681 suam
946 671 958 691 ,
997 645 1040 680 et
1084 635 1261 681 liberius
1302 653 1423 682 mur-

43 714 288 750 murantem
306 741 317 761 ,
338 707 408 751 cui
425 708 515 767 jam
536 705 766 752 videbatur
787 707 889 766 quia
910 706 1069 751 licebat
1089 707 1202 763 viro,
1228 717 1272 752 et
1297 708 1423 752 audi-

43 775 104 820 vit
125 776 170 819 in
191 775 384 820 Ecclesia
406 777 508 837 quia
540 792 630 821 non
652 776 752 820 licet
774 777 900 821 viro:
926 777 961 821 si
982 791 1082 835 ergo
1114 793 1261 837 passus
1292 777 1427 822 fuerit

42 861 220 891 uxorem
255 862 376 891 suam
398 847 576 892 liberius
607 849 718 907 jam,
759 857 808 891 ut
829 847 948 903 dixi,
983 858 1357 904 murmurantem,
1382 859 1425 894 et

7 906 13 970 l
42 915 259 961 dicentem
281 917 363 961 sibi
380 952 391 972 ,
431 919 528 962 Non
548 916 649 961 licet
671 916 789 976 quod
826 916 959 975 facis,
993 918 1121 962 simul
1151 918 1422 975 audivimus,

8 971 14 1053 l
42 987 274 1030 Christiani
302 1001 472 1040 sumus,
503 986 624 1044 quod
646 1002 669 1030 a
687 1001 757 1029 me
779 987 935 1044 exigis,
961 987 1093 1030 redde
1126 989 1424 1033 mih12f1dem

10 1062 15 1122 ξ
42 1055 123 1099 tibi
140 1055 303 1110 debeo,
325 1054 457 1100 fidem
478 1055 587 1098 mihi
609 1055 764 1109 debes,
789 1055 922 1099 fidem
940 1056 1113 1100 Christo
1135 1058 1264 1102 ambo
1287 1057 1425 1102 debe-

11 1125 16 1175 Ι
42 1139 161 1181 mus,
183 1134 226 1168 et
248 1125 282 1168 si
303 1139 373 1167 me
412 1123 548 1179 fallis,
578 1139 668 1168 non
691 1124 803 1168 fallis
840 1139 940 1168 eum
978 1127 1100 1186 cujus
1130 1141 1300 1181 sumus,
1337 1143 1427 1172 non

40 1194 152 1240 fallis
185 1210 285 1239 eum
322 1195 399 1254 qui
440 1209 518 1238 nos
559 1194 678 1238 emit.
729 1197 832 1238 Haec
874 1204 1005 1254 atque
1051 1196 1302 1254 hujusmodi
1344 1214 1424 1242 au-

41 1263 162 1308 diens
179 1263 251 1307 illc
269 1298 279 1318 ,
299 1279 397 1323 quae
418 1278 508 1308 non
530 1262 654 1317 solet,
675 1263 781 1306 dum
804 1278 893 1306 non
914 1263 1010 1307 vult
1030 1264 1076 1306 in
1095 1279 1139 1308 se
1161 1267 1252 1309 lieri
1277 1281 1422 1322 sanus,

40 1333 85 1377 in
109 1348 179 1377 me
202 1334 251 1377 fit
267 1333 456 1387 insanus,
477 1332 690 1385 irascitur,
717 1331 937 1375 maledicit
960 1351 968 1375 ;
994 1331 1184 1378 fortassis
1208 1335 1336 1379 etiam
1358 1336 1426 1380 di-

40 1412 131 1459 cat,
157 1405 383 1456 Quomodo
396 1403 563 1447 factum
581 1411 645 1446 est
666 1411 715 1446 ut
736 1402 823 1445 huc
840 1400 914 1444 ille
936 1403 1102 1446 veniret
1121 1406 1200 1461 (2),
1221 1415 1296 1449 aut
1316 1422 1424 1451 uxor

39 1488 136 1518 mea
157 1474 249 1532 ipso
264 1473 333 1517 dic.
355 1474 398 1516 in
412 1472 650 1517 Ecclesiam
672 1471 959 1530 procederet?
976 1473 1032 1514 Et
1049 1471 1132 1516 hoc
1154 1474 1285 1518 credo
1305 1477 1427 1535 quod

39 1544 84 1587 in
113 1543 373 1600 cogitatione
405 1557 482 1586 sua
519 1541 635 1584 dicat
661 1559 669 1584 :
696 1555 796 1583 nam
831 1539 967 1583 libere
1002 1556 1229 1601 erumpere
1269 1546 1314 1589 in
1344 1561 1424 1591 vo-

0 1630 6 1637 ’
40 1627 133 1658 cem
154 1627 244 1657 non
278 1610 430 1666 audet,
464 1625 543 1653 nec
565 1618 665 1652 ante
687 1608 821 1652 solam
855 1624 1034 1653 uxorem
1057 1626 1193 1654 suam.
1217 1616 1425 1661 Fortassis

40 1682 155 1727 enim
176 1683 210 1726 si
232 1680 423 1740 eruperit
442 1715 453 1736 ,
480 1689 523 1724 et
543 1679 626 1723 hoc
647 1679 832 1732 dixerit,
854 1688 996 1737 potest
1023 1679 1096 1723 illa
1131 1684 1391 1740 respondere
1405 1722 1420 1741 ,

0 1761 8 1794 t
40 1760 83 1797 et
102 1750 265 1806 dicere,
297 1755 436 1804 Quare
457 1747 677 1793 maledicis
698 1782 708 1802 ,
746 1747 815 1791 cui
838 1747 972 1806 paulo
1004 1758 1103 1792 ante
1125 1751 1425 1799 acclamabas?

0 1833 6 1844 ¹
36 1822 162 1867 Certe
183 1820 385 1878 conjuges
419 1833 567 1862 sumus
589 1836 598 1861 :
619 1831 719 1861 cum
751 1817 900 1874 lingua
929 1826 1004 1860 tua
1043 1818 1290 1876 discordas,
1326 1839 1421 1868 me-

0 1886 10 1934 i
41 1905 138 1936 cum
168 1887 440 1934 concorditer
462 1885 686 1945 quomodo
713 1886 855 1929 vivere
898 1887 1087 1944 poteris?
1108 1891 1212 1944 Nos,
1239 1889 1391 1937 fratres
1407 1929 1418 1950 ,

1 1942 12 1986 ι
39 1959 227 2021 pericula
249 1967 389 2002 vestra
411 1957 636 2000 intuemur
655 1988 666 2009 ,
702 1969 791 1998 non
814 1954 1060 1999 voluntates
1088 1967 1248 2002 vestras
1276 1971 1419 2008 atten-

3 2042 14 2072 ὲ
39 2031 178 2076 dimus
205 2049 213 2074 :
239 2044 339 2073 nam
368 2037 412 2072 et
442 2025 635 2071 medicus
670 2025 704 2068 si
739 2024 1007 2069 voluntatem
1047 2028 1149 2084 aegri
1188 2032 1414 2087 attendat,

38 2115 260 2161 nunquam
308 2098 431 2142 illum
470 2104 607 2140 curat.
641 2093 768 2148 Quod
800 2109 888 2138 non
919 2104 982 2138 est
1020 2093 1289 2153 faciendum,
1327 2117 1416 2146 non

39 2170 113 2216 flat
137 2189 146 2216 z
169 2168 290 2230 quod
324 2167 528 2227 prohibet
549 2168 681 2218 Deus,
708 2179 795 2208 non
818 2165 905 2207 fiat.
939 2165 1023 2216 Qui
1051 2167 1135 2208 Deo
1168 2168 1329 2222 credit,
1361 2172 1415 2214 ab

39 2241 128 2302 ipso
159 2239 280 2285 audit
311 2237 431 2315 quod
460 2235 658 2283 dicimus.
691 2236 818 2278 Certe
850 2232 1001 2276 melius
1030 2244 1121 2278 crat
1152 2237 1413 2294 quibusdum

8 2325 12 2332 ·
40 2310 285 2357 nolentibus
319 2308 496 2365 corrigi,
531 2315 580 2349 ut
619 2303 686 2349 vel
721 2304 805 2347 huc
837 2318 925 2346 non
958 2304 1228 2361 veniremus,
1264 2309 1295 2351 si
1338 2310 1415 2355 ista

95 2523 149 2566 V.
183 2518 536 2566 Nudiustcrtiano
573 2516 642 2559 dic
682 2513 856 2556 memini
891 2527 958 2555 mc
995 2512 1145 2557 dixisse
1190 2518 1412 2567 Sanctitali

43 2592 200 2638 Vestrae
219 2624 231 2645 ,
250 2589 352 2649 quia
376 2588 410 2632 Si
426 2585 653 2631 citharoedi
675 2598 862 2628 essemus
879 2616 889 2635 ,
917 2591 962 2627 ut
982 2583 1227 2641 hujusmodi
1250 2587 1410 2648 aliquid

174 2671 320 2702 cxxiv.
1231 2659 1277 2695 10
