1867 3320
289 194 428 222 snumo
459 194 594 233 xxm,
630 196 684 224 DE
718 187 737 225 1
776 200 908 229 vEusu
941 201 1090 234 nsum
1120 209 1250 238 cxvn.
1369 201 1451 243 415

82 259 158 320 qui
187 257 314 303 valde
344 258 601 318 abundant,
635 262 710 319 qui
739 278 838 307 cum
865 270 1077 326 coeperint
1107 276 1315 332 accusari,
1350 294 1452 324 cur-

80 338 184 377 runt
204 345 249 375 se
265 344 481 374 excusare.
506 333 723 378 Excusare
744 345 890 380 autem
912 347 976 383 est
996 355 1142 386 causas
1164 361 1355 404 quaerere
1372 384 1383 404 ‚
1409 360 1453 395 et

78 400 346 446 causationes
373 400 622 456 innectere,
654 419 787 462 quare
815 406 870 450 ad
901 423 945 452 se
979 424 1069 454 non
1100 412 1293 459 videatur
1315 421 1449 476 perti-

75 486 178 517 nere
209 479 454 532 peccatum.
485 471 608 516 Alius
637 472 768 530 dicit,
807 477 1013 524 Diabolus
1045 481 1152 525 mihi
1180 484 1281 530 fecit
1311 506 1319 531 :
1346 489 1452 535 alius

75 543 204 599 dicit,
244 546 444 589 Fortuna
464 543 574 588 mihi
600 544 705 590 iecit
725 564 736 591 t
756 547 863 593 alius
879 584 891 605 ,
916 553 1026 596 Fato
1047 554 1294 613 compulsus
1322 573 1415 604 sum
1439 581 1449 608 ;

74 629 205 660 nemo
226 612 283 659 ad
306 629 366 660 se.
392 615 506 660 Cum
526 613 590 659 vis
620 629 709 660 esse
738 628 960 665 excusator
981 631 1107 678 tuus,
1143 625 1380 686 triumphat
1399 629 1454 675 de

73 693 117 731 te
137 694 360 732 accusator
382 694 499 731 tuus.
540 686 614 731 Vis
637 701 738 746 ergo
767 687 910 735 facere
931 694 1052 752 quod
1076 694 1222 741 doleat
1243 706 1286 742 et
1314 709 1456 758 gemat

73 766 297 803 accusator
323 766 448 813 tuus,
469 755 516 802 id
543 766 633 813 est,
668 757 898 805 diabolus?
921 765 1006 808 Fac
1040 765 1160 825 quod
1182 767 1364 825 audisti,
1389 769 1456 815 fac

0 826 2 830 '
71 828 193 890 quod
208 827 396 874 didicisti
411 849 423 887 3
440 837 485 874 et
507 827 578 873 dic
601 831 691 873 Deo
709 838 788 875 tuo
809 850 817 875 :
842 850 862 874 «
887 834 978 890 Ego
1001 834 1089 880 dixi
1108 871 1119 891 ‚
1145 838 1349 895 Domine,
1375 841 1454 885 mi..

75 917 97 940 »
114 914 253 944 serere
269 899 370 955 mei,
388 914 490 944 sana
508 899 696 943 animam
709 915 867 956 meam,
882 905 1090 962 quoniam
1109 910 1450 966 peccavitibi1.»

71 973 189 1030 Ego,
214 971 359 1032 inquit
374 1005 387 1026 ,
412 986 495 1030 ego
516 969 606 1016 dixi
627 990 636 1016 :
662 987 754 1016 non
775 972 998 1030 diabolus,
1022 992 1112 1021 non
1133 979 1307 1025 fortuna
1322 1017 1333 1036 ‚
1364 998 1453 1027 non

73 1039 230 1087 fatum.
254 1045 349 1101 Ego
369 1040 456 1086 dixi
475 1061 484 1087 :
506 1057 598 1087 non
619 1057 690 1087 me
710 1058 866 1089 excuso
883 1079 894 1100 ‚
924 1046 998 1090 sed
1021 1062 1188 1094 accuso.
1214 1053 1308 1110 Ego
1328 1052 1416 1096 dixi
1441 1071 1450 1097 ε

77 1131 96 1155 «
121 1114 305 1158 Domine
328 1148 340 1169 ,
371 1112 574 1158 miserere
604 1114 714 1169 mei,
745 1129 848 1159 sana
881 1116 1067 1162 animam
1096 1134 1250 1166 meam.
1278 1140 1298 1164 n
1331 1122 1454 1168 Unde

70 1184 186 1229 enim
204 1186 420 1245 aegrotat?
439 1204 460 1227 «
486 1185 703 1240 Quoniam
725 1187 901 1246 peccavi
924 1188 1018 1233 tibi.
1042 1208 1061 1230 »

130 1257 207 1301 IV.
237 1275 258 1298 «
277 1256 562 1302 Confitemini
584 1272 688 1316 ergo
710 1257 897 1302 Domitio
911 1293 922 1313 ,
947 1259 1151 1319 quoniam
1174 1262 1312 1307 bonus
1333 1273 1446 1309 est.»

70 1326 114 1372 Si
134 1325 316 1372 laudare
344 1327 435 1384 vis,
460 1326 571 1388 quid
599 1328 792 1372 securius
819 1327 969 1373 laudas
989 1364 999 1384 ,
1030 1346 1160 1390 quam
1187 1332 1381 1378 bonum?
1405 1335 1449 1381 Si

66 1397 249 1444 laudare
270 1399 333 1444 vis
352 1434 364 1455 ,
393 1399 429 1444 si
450 1399 767 1445 confessionem
790 1399 931 1445 laudis
952 1401 1111 1447 habere
1138 1404 1224 1460 vis,
1257 1406 1364 1466 quid
1383 1421 1450 1451 se-

66 1469 214 1515 curius
228 1469 382 1516 laudas
396 1505 407 1526 ‚
430 1485 564 1532 quam
581 1470 783 1515 bonum?
802 1472 844 1516 Si
867 1482 1041 1531 peccata
1063 1482 1138 1519 tua
1159 1476 1352 1521 confiteri
1369 1477 1444 1532 vis,

64 1540 136 1586 cui
157 1541 293 1587 tutius
314 1557 445 1603 quam
468 1541 618 1587 bono?
641 1543 834 1598 Homini,
857 1545 1062 1604 quoniam
1081 1546 1217 1591 malus
1237 1557 1321 1603 est,
1342 1564 1447 1593 con-

2 1649 3 1653 ,
63 1612 220 1669 fiteris,
245 1622 290 1658 et
309 1612 527 1659 damnaris
552 1633 561 1659 :
587 1616 700 1669 Deo,
725 1614 934 1674 quoniam
957 1618 1097 1661 bonus
1114 1626 1191 1673 est,
1209 1619 1440 1675 confiteris,

62 1692 106 1728 et
139 1685 352 1744 purgaris.
389 1685 433 1730 Si
463 1683 779 1730 confessionem
805 1685 946 1730 laudis
978 1687 1194 1742 attendas,
1229 1689 1444 1749 quidquid

61 1755 234 1816 copiose
255 1755 512 1802 laudaturus
531 1772 591 1811 es,
608 1756 722 1801 circa
738 1756 822 1801 hoc
837 1766 1045 1817 occupata
1061 1767 1124 1802 est
1144 1758 1327 1804 intentio
1349 1769 1439 1816 tua,

3 1856 13 1888 .·
60 1836 111 1872 ut
143 1827 346 1873 ostendas
372 1828 540 1873 bonum
567 1842 658 1873 esse
694 1828 817 1888 quod
849 1826 1014 1873 laudas.
1041 1831 1160 1874 Bona
1191 1830 1305 1874 enim
1328 1841 1444 1876 recte

5 1899 10 1956 f
59 1897 324 1956 laudantur,
358 1900 472 1945 sicut
497 1898 610 1944 mala
638 1907 754 1944 recte
786 1899 1102 1958 vituperantur.
1138 1902 1331 1946 Breviter
1361 1903 1441 1947 tibi

5 1967 7 1986 ⁶
59 1969 175 2015 dicta
194 1980 258 2016 est
278 1970 373 2017 laus
395 1970 571 2017 Domini
592 1971 671 2017 Dei
693 1972 780 2026 tui,
806 1973 990 2015 «Bonus
1012 1980 1089 2015 est.
1115 1989 1135 2012 »
1164 1971 1207 2016 Si
1223 1981 1266 2016 et
1285 1982 1332 2016 tu
1358 1973 1438 2018 bo-

4 2034 10 2076 3'
58 2056 141 2086 nus
162 2057 206 2087 es
223 2078 234 2098 ‚
255 2041 387 2087 lauda
410 2042 528 2086 unde
549 2057 592 2087 es
612 2042 778 2086 bonus:
804 2041 838 2086 si
862 2042 996 2085 malus
1011 2057 1069 2097 es,
1093 2040 1222 2086 lauda
1245 2042 1360 2087 unde
1381 2044 1435 2088 sis

58 2113 216 2158 bonus.
244 2113 288 2159 Si
307 2114 421 2158 enim
447 2114 589 2158 bonus
606 2129 649 2158 es
665 2148 676 2169 ‚
703 2113 757 2157 ab
782 2112 855 2157 illo
873 2113 1012 2157 bonus
1033 2128 1101 2158 cs:
1125 2114 1158 2157 si
1182 2112 1316 2158 malus
1338 2130 1393 2170 e5‚
1412 2132 1435 2160 a

5 2179 9 2232 ἶ
57 2193 102 2230 te
119 2185 260 2231 malus
281 2201 341 2230 es.
368 2189 488 2244 Fuge
510 2195 575 2241 te,
602 2195 645 2230 et
665 2185 765 2230 veni
788 2185 842 2229 ad
874 2184 994 2229 illum
1020 2185 1094 2245 qui
1115 2184 1213 2229 fecit
1237 2195 1277 2230 te
1299 2206 1306 2230 ε
1333 2188 1434 2247 quia

6 2267 10 2311 ξ
28 2253 36 2260 ’
56 2255 270 2316 fugiendo
287 2266 330 2302 te
345 2291 357 2313 ‚
377 2257 567 2318 sequeris
588 2265 630 2301 te
651 2277 662 2315 3
687 2265 730 2301 et
750 2255 969 2316 sequendo
995 2264 1051 2311 tc,
1071 2256 1204 2300 haeres
1226 2256 1270 2300 in
1287 2272 1338 2301 eo
1358 2257 1433 2317 qui

6 2319 10 2334 ’
57 2326 161 2374 fecit
180 2337 241 2373 te.

8 2386 10 2451 ζ
116 2401 170 2444 V.
196 2401 370 2453 Quanta
397 2399 512 2444 bona
544 2398 702 2459 quaeris
719 2433 730 2453 ,
751 2398 881 2442 homo
907 2397 1031 2440 male.
1054 2400 1180 2442 Corn¹
1199 2397 1334 2443 malus
1356 2415 1398 2443 cs
1422 2419 1429 2444 :

8 2497 11 2527 3
56 2470 127 2516 dic
152 2470 260 2515 mihi
286 2470 395 2531 quid
422 2469 556 2526 velis,
592 2468 673 2514 nisi
694 2469 885 2514 bonum?
907 2470 1080 2528 Equum
1107 2469 1283 2528 quaeris,
1314 2485 1430 2514 non-

104 2562 114 2580 ¹
134 2555 216 2590 Psal.
236 2566 288 2598 ιι,
306 2554 339 2588 5.
