1867 3320
401 254 540 285 sumo
569 247 614 296 13
645 251 809 285 comm
841 250 1107 287 mAmcnAEos.
1362 250 1446 292 155

67 325 182 380 sisse,
200 322 332 384 ipsius
351 322 526 367 Domini
545 335 650 367 voce
670 322 883 366 firmatur.
910 324 978 367 An
996 322 1108 368 forte
1128 337 1218 369 non
1239 335 1303 371 est
1321 328 1447 374 etiam

66 395 156 454 ipse
173 393 433 453 principium
449 394 631 453 PNeque
653 393 755 438 hinc
773 392 975 438 dubitare
991 395 1226 454 oportebit,
1241 395 1448 457 loquente

65 463 302 522 Evangelio
318 497 329 518 ‚
361 463 440 507 ubi
460 465 485 507 J
489 462 603 507 udaei
626 478 726 507 cum
745 479 769 508 a
786 464 973 509 Domino
993 465 1247 524 quaesissent
1267 468 1362 525 quis
1379 484 1446 513 es-

67 543 145 589 set,
160 533 250 592 ipse
272 531 517 592 respondit:
542 533 867 593 «Principium,
891 535 993 594 quia
1012 543 1056 578 et
1077 534 1235 594 loquor
1251 536 1370 581 vobis
1385 540 1445 581 ¹.»

65 607 178 654 Ecce
194 604 238 648 in
257 619 347 664 quo
368 603 581 663 principio
603 601 704 648 fecit
722 607 834 648 Deus
850 604 1012 649 coelum
1027 613 1070 649 et
1085 614 1261 649 terram.
1276 605 1449 652 Coelum
1474 598 1477 600 ’

65 688 168 733 ergo
191 682 235 718 et
260 682 417 718 terram
441 672 545 718 fecit
566 677 679 718 Deus
710 674 757 717 in
779 673 891 719 Filio
910 709 921 730 ‚
943 689 1022 734 per
1043 690 1175 735 quem
1208 675 1323 720 facta
1349 686 1451 721 sunt

65 744 210 789 omnia
229 778 241 800 ‚
270 753 313 788 et
334 744 428 788 sine
448 760 537 804 quo
559 743 724 789 factum
747 753 811 789 est
830 744 939 789 nihil
960 764 969 790 :
992 754 1042 790 ut
1059 746 1190 790 etiam
1212 746 1450 805 Evangelio

64 814 356 864 concordante
383 830 484 860 cum
515 816 699 870 Genesi,
737 811 980 860 secundum
1001 817 1263 862 Testamenti
1286 817 1450 861 utrius·

61 899 149 944 que
169 898 428 928 consensum
456 893 680 929 teneamus
708 885 1008 929 haereditatem
1025 921 1036 941 ,
1060 886 1352 946 litigiosasque
1375 903 1449 932 ca-

61 954 249 999 lumnias
271 955 552 999 exhaeredatis
574 956 787 1000 haereticis
810 956 1122 1017 relinquamus.

137 1028 218 1070 111.
250 1025 381 1071 Nullo
407 1025 539 1071 modo
572 1036 717 1071 autem
740 1029 938 1072 Vestram
973 1028 1255 1073 Prudentiam
1276 1043 1450 1073 movere

61 1095 208 1151 debet,
228 1096 349 1156 quod
365 1112 465 1142 cum
488 1099 679 1143 Joannes
700 1099 964 1158 evangelista
989 1115 1079 1144 non
1101 1098 1273 1154 dixerit,
1294 1100 1449 1144 Omnia

61 1166 108 1212 in
129 1166 223 1226 ipso
244 1164 356 1212 facta
378 1176 480 1211 sunt
499 1202 511 1222 ,
546 1168 621 1212 sed
647 1187 668 1211 «
693 1168 850 1213 Omnia
873 1184 950 1228 per
967 1169 1110 1228 ipsum
1129 1167 1242 1214 facta
1264 1178 1367 1214 sunt
1387 1190 1398 1227 3
1425 1188 1445 1212 »

59 1250 148 1282 non
169 1235 363 1295 legamus
382 1237 428 1281 in
452 1238 625 1293 Genesi,
641 1241 722 1282 Per
744 1239 1005 1298 principium
1023 1238 1126 1284 fecit
1147 1242 1262 1284 Deus
1282 1239 1445 1284 coelum

58 1314 102 1353 et
122 1314 280 1351 terram
301 1341 313 1361 ‚
346 1306 444 1361 sed,
472 1325 493 1348 «
519 1310 571 1350 In
592 1307 808 1367 principio
833 1308 937 1353 fecit
963 1311 1077 1353 Deus
1099 1308 1263 1354 coelum
1286 1318 1330 1354 et
1362 1319 1448 1355 ter-

60 1392 82 1416 »
117 1390 255 1421 ram.»
273 1376 383 1421 Dicit
399 1376 514 1420 enim
531 1376 763 1435 Apostolus
782 1396 791 1422 :
811 1396 832 1420 «
850 1380 907 1422 Ut
923 1378 1170 1423 ostenderet
1190 1378 1315 1424 nobis
1334 1394 1448 1436 mys-

58 1461 81 1486 »
115 1445 274 1490 terium
312 1445 549 1491 voluntatis
581 1461 671 1490 suae
704 1447 945 1492 secundum
983 1448 1145 1492 bonam
1175 1447 1447 1493 voluntatem

59 1530 80 1554 »
115 1528 238 1558 suam
255 1547 267 1569 ,
291 1530 422 1574 quam
446 1516 674 1574 proposuit
695 1516 740 1560 in
769 1515 845 1561 illo
872 1517 917 1561 in
943 1516 1224 1577 dispositione
1254 1518 1447 1578 plenitu-

58 1600 80 1626 ι»
95 1583 226 1632 ,dinis
249 1592 497 1644 temporum
518 1619 530 1639 ‚
558 1585 798 1630 instaurare
821 1587 967 1631 omnia
986 1588 1032 1631 in
1053 1588 1226 1633 Christo
1243 1622 1253 1642 ‚
1278 1604 1379 1648 quae
1400 1589 1445 1634 in

58 1669 79 1694 »
112 1652 233 1697 coelis
260 1662 364 1698 sunt
380 1688 392 1709 ,
417 1663 460 1698 et
481 1669 580 1714 quae
603 1655 648 1698 in
680 1655 804 1699 terris
821 1689 832 1710 ,
863 1655 909 1699 in
935 1656 1074 1715 ipso2.
1099 1674 1119 1698 »
1145 1657 1443 1710 Quemadmo-

54 1721 163 1768 dum
183 1723 333 1783 itaque
355 1724 426 1768 hic
448 1724 507 1769 sic
524 1724 645 1769 audis
669 1725 790 1785 quod
807 1726 867 1770 ait
884 1761 895 1781 ‚
924 1745 943 1768 «
964 1726 1009 1770 in
1029 1727 1144 1786 ipso,
1168 1746 1188 1769 »
1210 1737 1260 1772 ut
1281 1728 1444 1773 intelli-

55 1805 127 1850 gas
147 1800 226 1836 et«
244 1807 322 1851 per
342 1794 486 1851 ipsum
506 1812 516 1839 2
537 1811 557 1834 »
576 1794 698 1839 sicin
720 1810 771 1840 eo
789 1795 910 1856 quod
931 1796 1038 1841 dicit
1058 1799 1246 1841 Joannes
1268 1816 1277 1842 :
1297 1817 1318 1840 «
1337 1800 1444 1843 Om-

56 1878 78 1903 »
112 1876 189 1920 per
226 1862 394 1920 ipsum,
422 1879 442 1903 »
463 1862 593 1906 etiam
621 1881 641 1904 «
666 1863 712 1906 in
745 1864 837 1921 ipso
862 1881 882 1904 »
909 1866 1149 1923 intelligere
1181 1868 1360 1926 cogeris.
1387 1871 1443 1914 Et

54 1930 427 1991 quemadmodum
465 1931 535 1976 hic
570 1947 660 1976 non
686 1932 792 1975 mihi
824 1932 1022 1977 aufertur
1055 1935 1328 1993 intellectus,
1353 1955 1443 1999 quo

54 1999 249 2058 intelligo
269 2001 314 2045 in
337 2001 429 2060 ipso
452 2000 566 2046 facta
588 2016 678 2046 esse
702 2002 848 2046 omnia
865 2037 875 2056 ‚
896 2018 997 2047 curn
1025 2022 1044 2045 «
1072 2019 1147 2062 per
1166 2005 1308 2064 ipsum
1334 2026 1354 2049 »
1376 2008 1442 2052 le-

56 2085 154 2129 gam
172 2089 180 2114 :
203 2070 262 2116 sic
280 2070 325 2114 in
345 2071 500 2115 Genesi
519 2086 620 2115 cum
642 2071 782 2129 legam
804 2072 848 2116 in
871 2072 963 2131 ipso
986 2072 1151 2117 factum
1166 2089 1255 2118 esse
1278 2077 1441 2123 coelum

55 2149 98 2186 et
120 2149 294 2196 terram,
310 2142 407 2200 quis
430 2156 499 2185 me
517 2141 758 2200 intelligere
782 2143 988 2201 prohibet
1008 2152 1050 2187 et
1067 2159 1142 2202 per
1166 2145 1306 2203 ipsum
1323 2147 1440 2193 PNisi

57 2210 177 2259 forte·
197 2227 222 2256 e
241 2211 414 2258 duobus
438 2214 720 2258 Testamentis
742 2214 972 2259 Manichaei
1002 2214 1267 2259 transferunt
1286 2215 1406 2261 litem
1424 2253 1436 2271 ‚

56 2290 99 2326 et
119 2296 214 2326 eam
236 2282 348 2326 inter
371 2282 635 2327 beatissimos
659 2292 788 2327 restes
810 2285 916 2328 Novi
942 2286 1201 2329 Testamenti
1220 2320 1230 2339 ‚
1258 2286 1339 2331 hoc
1356 2298 1436 2341 est,

57 2350 167 2398 inter
185 2352 370 2395 Paulum
392 2354 695 2412 Joannemque
716 2354 991 2398 constituunt
1011 2373 1020 2399 ;
1045 2354 1146 2414 quia
1171 2354 1241 2399 ille
1263 2356 1338 2410 ait,
1361 2358 1439 2401 «iu

59 2436 79 2462 κ
113 2420 232 2479 ipSO3
260 2439 278 2462 »
313 2421 407 2475 ille,
431 2431 474 2466 et
500 2440 520 2464 «
547 2437 622 2481 per
643 2422 802 2482 ipsum.
828 2441 848 2463 »
876 2423 959 2467 Sed
978 2439 1055 2468 nos
1075 2459 1086 2478 ‚
1110 2424 1222 2468 sicut
1252 2427 1435 2469 Paulum

54 2498 99 2536 et
129 2492 343 2536 Joannem
373 2493 610 2538 contrarios
642 2493 724 2538 sibi
755 2509 843 2539 esse
875 2509 964 2540 non
996 2496 1244 2550 credinius3
1286 2497 1343 2540 ita
1379 2496 1434 2540 de

105 2577 114 2596 ⁸
132 2574 224 2606 Joan.
245 2584 315 2615 vm,
337 2577 390 2608 25.
421 2590 459 2598 —
479 2582 492 2598 ¹
509 2575 625 2617 Ephos.
644 2588 668 2617 ι,
686 2588 721 2617 9,
746 2588 792 2609 ιο.
