1924 3309
443 290 528 331 426
878 300 913 330 s.
948 298 1181 332 Avo-‚nsum
1211 303 1394 335 muscum

443 369 560 412 bona
580 380 735 426 opera,
761 381 897 428 quare
919 382 1019 413 cum
1040 368 1242 426 lacrymis
1258 403 1269 422 ‚
1301 385 1402 415 cum
1426 369 1608 414 hilarem
1630 369 1827 416 datorem
1893 369 1894 374 ’

442 437 596 497 diligat
610 439 726 492 Deus
740 438 788 482 ¹?
1894 439 1895 459 ³

499 510 558 552 ΙΙ.
585 508 666 553 Hic
696 509 887 568 primum
909 507 1066 563 videte,
1086 508 1360 564 Charissimi,
1386 509 1610 568 quomodo
1641 511 1828 555 maxime
1894 520 1895 563 ἶ

443 577 498 623 ad
546 579 696 624 beatos
727 582 939 637 Martyres
975 578 1106 623 verba
1137 579 1219 623 ista
1255 580 1518 639 pertineant.
1556 580 1676 626 Nulli
1710 581 1828 625 enim
1894 567 1896 579 ’

441 658 615 694 tantum
651 648 988 708 impenderunt,
1034 664 1167 709 quam
1207 649 1270 694 illi
1302 651 1379 710 qui
1423 665 1467 694 se
1505 651 1619 709 ipsos
1659 651 1830 711 impen—
1895 643 1897 690 ἕ

441 720 603 765 derunt
634 740 643 766 :
675 721 785 765 sieut
820 720 925 764 dicit
950 719 1184 779 Apostolus
1211 739 1219 766 :
1255 739 1274 762 «
1304 723 1362 765 Et
1391 721 1482 781 ipse
1506 720 1733 781 impendar
1750 737 1830 781 pro
1896 744 1897 773 2

443 808 465 832 »
500 790 724 835 animabus
754 790 903 835 vestris
920 793 951 834 ².
981 808 1002 831 »
1034 789 1351 850 Impenderunt
1378 791 1492 835 enim
1511 806 1554 835 se
1584 791 1699 851 ipsos
1725 806 1831 836 con·

442 860 608 905 fitendo
638 861 886 915 Christum,
920 868 964 904 et
992 858 1216 920 implendo
1246 861 1292 905 in
1331 863 1423 922 ejus
1459 859 1676 921 adjutorio
1710 861 1832 921 quod
1896 866 1898 888 ²

442 929 610 975 dictum
642 940 705 974 est
730 950 739 976 ε
769 949 790 973 «
827 931 897 975 Ad
917 945 1110 975 mensam
1145 945 1346 989 magnam
1383 930 1556 986 sedisti,
1586 932 1694 976 seito
1718 946 1832 992 quo-
1896 922 1899 974 ἶ

445 1019 465 1043 »
501 1002 618 1046 niam
648 1001 750 1045 talia
785 1011 828 1045 te
859 1011 1031 1060 oportet
1064 1003 1347 1061 praepararess.
1389 1021 1409 1043 »
1445 1005 1554 1055 Quae
1582 1011 1646 1046 est
1678 1017 1832 1061 magna
1898 1046 1899 1061 χ

443 1086 612 1126 mensa,
647 1072 729 1115 nisi
759 1071 877 1115 unde
917 1072 1152 1130 accipimus
1183 1087 1340 1132 corpus
1376 1073 1538 1117 Christi
1579 1081 1623 1117 et
1657 1072 1833 1130 sangui-
1898 1093 1900 1135 ᾗ

442 1143 578 1185 nem?
614 1140 731 1193 Quid
767 1150 857 1196 est,
900 1142 1016 1186 Scito
1050 1143 1258 1201 quoniam
1293 1142 1396 1186 talia
1433 1150 1474 1186 te
1509 1150 1682 1201 oportet
1717 1157 1832 1201 prae-
1898 1169 1901 1201 3

442 1226 593 1270 parare
609 1246 619 1265 ,
645 1212 727 1255 nisi
749 1211 869 1270 quod
886 1211 1040 1256 beatus
1056 1215 1243 1256 Joannes
1265 1213 1440 1271 exponit
1466 1231 1475 1256 ε
1496 1231 1515 1254 «
1539 1213 1659 1257 Sicut
1680 1213 1832 1257 Chris·
1899 1206 1900 1211 ¹

445 1299 466 1323 »
501 1291 571 1325 tus
596 1296 674 1340 pro
696 1281 819 1326 nobis
845 1281 1033 1326 animam
1068 1297 1191 1326 suam
1225 1282 1390 1341 posuit,
1424 1282 1483 1326 sic
1505 1291 1548 1326 et
1580 1297 1657 1327 nos
1691 1282 1829 1327 debe-

445 1371 465 1395 »
503 1368 598 1397 mus
640 1368 719 1412 pro
756 1352 961 1397 iratribus
1013 1354 1176 1397 animas
1212 1354 1433 1412 ponere4?
1465 1356 1577 1398 Ecce
1612 1363 1826 1414 quantum

442 1422 766 1483 impenderunt.
799 1422 883 1467 Sed
913 1422 1131 1482 numquid
1166 1424 1415 1482 perierunt,
1454 1423 1632 1483 quando
1668 1424 1828 1469 securi·
1900 1484 1902 1492 Ι

443 1502 578 1537 tatem
599 1509 622 1537 a
646 1492 833 1537 Domino
862 1492 992 1536 etiam
1014 1492 1069 1536 de
1100 1492 1258 1552 capillo
1281 1495 1576 1552 acceperunt?
1598 1494 1714 1538 Perit
1736 1509 1833 1539 ma-
1901 1518 1903 1529 ›

444 1580 555 1619 nus,
591 1564 669 1608 ubi
706 1579 796 1608 non
831 1564 943 1622 perit
980 1564 1126 1623 pilus?
1155 1565 1270 1608 Perit
1304 1573 1457 1623 eaput,
1490 1564 1567 1607 ubi
1599 1580 1689 1609 non
1721 1566 1835 1624 perit
1901 1570 1903 1585 ¹

443 1633 659 1694 capillus?
682 1635 767 1678 Ubi
789 1650 878 1679 non
898 1635 1011 1694 perit
1033 1635 1257 1694 palpebra,
1283 1635 1394 1694 perit
1417 1636 1597 1679 oculus?
1621 1637 1713 1679 Hac
1728 1651 1831 1695 ergo

444 1713 620 1764 accepta
637 1720 795 1763 magna
818 1707 1063 1760 securitate,
1084 1705 1392 1764 impenderunt
1405 1721 1449 1750 se
1470 1706 1598 1764 ipsos.
1620 1706 1834 1765 Operibus

445 1789 546 1833 ergo
580 1774 703 1818 bonis
737 1772 997 1817 seminemus
1011 1795 1026 1829 ·,
1053 1789 1154 1818 cum
1176 1783 1347 1833 tempus
1381 1784 1470 1829 est,
1497 1775 1670 1819 dicente
1691 1778 1833 1834 Apos-

444 1844 564 1889 tolo:
590 1863 609 1886 «
634 1844 715 1897 Qui
742 1858 870 1903 parce
910 1844 1118 1898 seminat,
1143 1859 1272 1903 parce
1295 1853 1338 1888 et
1364 1846 1544 1888 metet⁵.
1572 1845 1832 1903 Infatigabi-

448 1934 468 1957 »
503 1915 586 1970 les,
603 1914 761 1973 inquit,
783 1929 884 1958 cum
902 1923 1074 1973 tempus
1096 1915 1309 1958 habemus
1332 1929 1562 1974 operemur
1583 1915 1752 1960 bonum
1775 1917 1831 1961 ad

447 2004 469 2028 »
504 2001 676 2041 omnes,
696 1985 883 2029 maxime
898 1994 1045 2029 autem
1061 1985 1116 2029 ad
1129 1984 1388 2030 domesticos
1406 1985 1520 2030 fidei.
1539 2004 1559 2028 n
1581 1988 1637 2031 Et
1653 1987 1829 2043 iterum,

449 2076 469 2100 «
504 2059 674 2101 Bonum
691 2090 702 2110 ,
747 2055 912 2115 inquit,
952 2055 1160 2100 facientes
1199 2071 1289 2100 non
1323 2055 1602 2114 deficiamus,
1636 2065 1833 2116 tempore

447 2145 467 2168 »
503 2127 620 2170 enim
635 2141 714 2170 suo
731 2133 944 2170 metemus
958 2127 989 2169 ⁶.
1010 2143 1029 2167 >›
1048 2125 1133 2178 Qui
1147 2124 1354 2170 defecerit
1367 2126 1411 2169 in
1427 2127 1612 2181 semine,
1628 2141 1718 2171 non
1733 2141 1832 2185 gau-

445 2197 566 2242 debit
583 2198 627 2240 in
644 2211 797 2241 messe.
1158 2243 1161 2245 ,

505 2270 586 2311 III.
614 2270 757 2321 Quare
785 2281 888 2326 ergo
909 2266 955 2310 in
982 2265 1206 2324 lacrymis,
1246 2281 1347 2321 cum
1378 2267 1522 2311 omnia
1551 2266 1668 2311 bona
1701 2281 1833 2326 opera

445 2346 590 2382 nostra
610 2338 770 2381 habere
793 2337 983 2381 debeant
1004 2335 1291 2380 hilaritatem?
1313 2339 1370 2380 Et
1389 2335 1568 2395 quidem
1590 2336 1645 2381 de
1665 2339 1832 2395 Marty-

445 2407 566 2451 ribus
583 2406 666 2451 dici
683 2416 825 2466 potest
842 2442 852 2462 ,
878 2406 979 2467 quia
1001 2421 1102 2451 cum
1120 2405 1323 2464 lacrymis
1355 2407 1692 2452 seminaverunt.
1720 2410 1830 2452 For-

443 2477 543 2522 titer
565 2477 681 2521 enim
702 2485 998 2533 certaverunt,
1023 2485 1067 2521 et
1085 2476 1131 2521 in
1151 2477 1317 2536 magnis
1340 2476 1694 2522 tribulationibus
1726 2477 1828 2522 fue-

494 2579 505 2595 ¹
526 2583 545 2604 2
562 2575 697 2615 Cor.1x,
712 2583 743 2614 7.
764 2588 806 2597 -·
828 2580 841 2596 ²
858 2574 907 2605 ld.
927 2583 984 2615 xn,
1011 2572 1110 2606 15.-
1128 2570 1143 2597 ³
1159 2573 1259 2607 Eccli.
1286 2585 1377 2617 1¹11,
1401 2583 1498 2608 12.—
1519 2574 1536 2606 4
1559 2585 1572 2608 1
1589 2575 1682 2608 Joan.
1700 2583 1747 2615 ιιι,
1771 2574 1824 2608 16.

447 2645 489 2652 —
509 2625 525 2651 ⁵
544 2636 564 2663 2
577 2629 649 2663 Cor,
668 2639 714 2672 ix,
732 2629 765 2662 6.
789 2645 829 2654 -
847 2627 862 2652 ⁶
876 2628 979 2664 Galat.
1008 2640 1055 2671 vr,
1078 2640 1129 2664 10.
