1924 3309
445 290 531 330 496
870 303 905 330 s.
939 299 1171 331 AUGUS'HM
1202 301 1384 330 EPlscol’l

505 369 564 410 ΙΙ.
590 368 708 411 Bona
726 366 798 411 Dei
815 383 915 428 quae
938 367 1153 427 promittit
1176 366 1316 427 justis,
1333 367 1380 411 in
1394 366 1481 410 fine
1506 373 1758 410 servantur:
1785 373 1828 410 et

444 437 561 481 mala
577 453 677 497 quae
696 438 887 483 minatur
909 437 1052 498 impiis
1068 471 1079 493 ,
1097 437 1142 480 in
1161 437 1247 481 fine
1265 446 1506 482 servantur.
1524 438 1644 481 Bona
1656 444 1699 480 et
1717 434 1830 480 mala

443 521 544 567 quae
564 517 791 553 versantur
815 518 858 553 et
875 508 1113 553 miscentur
1129 507 1176 551 in
1200 505 1360 551 saeculo
1377 541 1389 562 ,
1417 522 1497 550 nec
1523 506 1627 551 boni
1650 505 1730 550 soli
1748 506 1829 549 ha-

444 578 551 623 bent
567 614 578 635 ‚
599 595 679 625 nec
695 579 775 625 soli
793 579 911 624 mali.
936 578 1160 639 Quidquid
1183 577 1288 623 boni
1321 578 1368 621 in
1398 578 1481 622 hoc
1503 576 1671 622 mundo
1707 576 1830 621 dixe-

443 650 500 694 ris
517 685 528 705 ‚
553 651 718 696 habent
744 651 878 705 boni,
909 649 1076 694 habent
1099 657 1143 693 et
1166 647 1296 693 mali:
1325 647 1462 693 veluti
1491 647 1674 692 salutem
1694 648 1832 706 ipsam

445 722 637 781 corporis
652 757 663 777 ‚
691 731 735 766 et
757 721 862 766 boni
879 721 1044 765 habent
1066 729 1109 765 et
1131 719 1249 765 mali.
1277 719 1455 765 Divitias
1478 729 1522 764 et
1544 718 1663 779 apud
1693 718 1831 763 bonos

445 791 653 847 invenies,
680 801 724 836 et
737 790 855 851 apud
875 791 1026 836 malos.
1047 793 1303 836 Su‘ccessum
1320 790 1510 835 filiorum
1525 825 1536 846 ‚
1553 799 1596 834 et
1615 790 1832 834 bonorum

445 872 488 906 et
518 863 734 908 malorum
759 863 926 907 donum
949 863 1147 907 videmus
1174 878 1262 907 esse
1285 877 1533 907 commune.
1562 861 1708 905 Vitam
1733 860 1832 904 lon-

447 948 542 991 gam
559 933 636 977 diu
659 933 813 978 vivunt
832 933 939 978 boni
965 932 1146 993 quidam
1163 968 1174 988 ,
1192 932 1269 977 diu
1282 932 1437 978 vivunt
1457 930 1622 976 etmali
1635 930 1829 992 quidam.

448 1006 504 1047 Et
539 1019 832 1064 quaecumque
867 1003 950 1048 alia
984 1019 1214 1048 numerare
1254 1002 1444 1048 volueris
1477 1001 1522 1046 in
1556 1002 1640 1046 hoc
1673 1001 1834 1046 saeculo

446 1073 562 1118 bona
581 1109 592 1129 ‚
622 1075 832 1134 permixte
853 1074 1019 1119 invenis
1054 1073 1175 1133 apud
1212 1073 1350 1117 bonos
1383 1082 1427 1117 et
1454 1072 1606 1117 malos.
1642 1075 1835 1116 Rursum

446 1160 739 1204 quaecumque
761 1160 910 1204 aspera
926 1179 937 1199 ‚
965 1159 1258 1203 quaecumque
1283 1143 1444 1199 tristia,
1469 1152 1512 1187 et
1531 1142 1635 1187 boni
1659 1142 1835 1202 patiun-

446 1223 517 1258 tur
532 1224 575 1259 et
599 1214 703 1258 mali
712 1250 727 1270 ,
743 1214 926 1270 famem,
947 1215 1144 1269 morbos,
1163 1211 1357 1269 dolores,
1383 1222 1428 1256 et
1447 1213 1629 1268 damna,
1653 1227 1833 1271 oppres-

445 1285 606 1341 siones,
644 1285 851 1331 orbitates
885 1305 893 1330 :
926 1285 1172 1330 communis
1197 1285 1293 1328 haec
1322 1292 1386 1328 est
1412 1283 1609 1328 omnium
1635 1283 1834 1327 materies

445 1356 755 1414 lacrymarum.
787 1355 933 1400 Facile
957 1364 1020 1399 est
1039 1370 1142 1414 ergo
1165 1355 1250 1399 hoc
1274 1352 1422 1399 videre
1441 1388 1452 1409 ,
1480 1363 1523 1398 et
1551 1354 1667 1398 bona
1689 1352 1835 1397 saeculi

446 1426 565 1485 apud
587 1426 724 1470 bonos
741 1434 784 1469 et
810 1425 946 1469 malos
964 1440 1054 1469 esse
1068 1460 1079 1481 ,
1097 1434 1140 1469 et
1160 1424 1273 1469 mala
1292 1423 1439 1468 saeculi
1456 1424 1595 1468 bonos
1613 1423 1835 1483 malosque

447 1495 654 1556 perferre.
674 1498 731 1540 Et
752 1495 852 1540 ideo
869 1496 1159 1556 quorumdam
1176 1495 1307 1554 pedes
1324 1495 1369 1538 in
1383 1495 1453 1539 via
1467 1495 1545 1539 Dei
1562 1494 1767 1549 titubant,
1793 1502 1836 1538 et

446 1567 688 1611 exorbitare
721 1576 952 1612 conantur.
980 1564 1110 1611 Multi
1141 1565 1255 1610 enim
1285 1564 1462 1609 deviant
1493 1574 1536 1610 et
1563 1565 1830 1619 exorbitant,

446 1653 547 1682 cum
568 1638 837 1682 instituerint
851 1647 895 1683 et
909 1636 1216 1696 proposuerint
1238 1636 1384 1680 animo
1400 1671 1411 1691 ‚
1428 1644 1658 1696 propterea
1678 1635 1836 1680 servire

446 1711 537 1754 Deo
554 1744 564 1763 ,
583 1718 633 1753 ut
651 1710 777 1754 bonis
791 1708 972 1754 terrenis
997 1707 1226 1752 abundent
1240 1742 1251 1763 ‚
1268 1716 1312 1751 et
1330 1706 1452 1751 malis
1477 1716 1653 1752 careant
1669 1742 1680 1762 ‚
1698 1721 1835 1767 eaque

447 1779 658 1825 devitent.
680 1783 793 1825 Cum
810 1780 925 1824 enim
955 1779 1037 1823 sibi
1057 1779 1141 1822 hoc
1170 1779 1507 1838 proposuerint,
1525 1788 1568 1822 et
1588 1779 1701 1822 hanc
1722 1793 1837 1822 mer-

448 1851 599 1894 cedem
643 1850 949 1896 constituerint
972 1849 1142 1908 pietatis
1175 1857 1218 1892 et
1243 1848 1462 1906 religionis
1497 1864 1613 1905 suae3
1655 1847 1834 1907 quando

446 1920 635 1965 viderint
658 1937 703 1965 se
721 1921 941 1973 laborare,
960 1928 1004 1962 et
1026 1918 1181 1962 florere
1201 1918 1374 1977 iniquos
1391 1952 1401 1972 ‚
1419 1918 1542 1977 quasi
1565 1917 1834 1977 perdiderint

446 1990 692 2037 mercedem
709 2025 721 2045 ‚
749 1990 869 2049 quasi
894 2004 966 2033 eos
992 1986 1195 2032 fefellerit
1216 1988 1293 2047 qui
1307 1988 1476 2032 vocavit
1493 2022 1505 2044 ‚
1528 1988 1650 2048 quasi
1675 1986 1833 2032 frustra

447 2077 555 2121 opus
571 2060 777 2105 indixerit
793 2060 871 2120 qui
891 2059 938 2103 in
953 2057 1151 2103 mercede
1171 2057 1342 2118 decepit
1356 2092 1368 2113 ‚
1388 2059 1642 2102 renuntiant
1657 2061 1761 2104 Deo.
1778 2061 1834 2103 Et

446 2148 534 2192 quo
558 2148 602 2177 se
619 2131 760 2176 miseri
777 2139 1065 2184 convertunt,
1090 2137 1332 2173 avertentes
1353 2144 1397 2173 se
1415 2129 1471 2173 ab
1488 2127 1564 2173 illo
1577 2144 1601 2172 a
1623 2144 1712 2189 quo
1730 2128 1834 2173 facti

446 2211 549 2246 sunt
565 2237 575 2257 ,
600 2210 642 2246 et
658 2202 919 2245 inhaerentes
936 2199 1018 2243 illis
1032 2214 1131 2259 quae
1154 2197 1264 2243 facta
1287 2207 1389 2243 sunt
1401 2200 1419 2242 Ρ
1433 2200 1544 2244 Cum
1561 2198 1742 2258 coeperit
1762 2213 1836 2258 pe-

450 2273 533 2317 rire
553 2272 673 2332 quod
692 2272 857 2316 factum
876 2279 963 2325 est,
982 2269 1056 2314 ubi
1074 2269 1156 2313 erit
1179 2278 1345 2314 amator
1367 2269 1572 2329 temporis
1588 2303 1599 2324 ‚
1629 2268 1705 2328 qui
1732 2283 1833 2328 per·-

445 2343 557 2388 didit
578 2343 899 2388 aeternitatem?

505 2418 585 2460 III.
613 2414 800 2459 Proinde
818 2421 995 2473 propter
1015 2410 1088 2456 illa
1107 2411 1243 2467 bona,
1264 2427 1364 2472 quae
1385 2427 1473 2455 non
1488 2411 1609 2455 dabit
1623 2414 1736 2455 Deus
1753 2410 1832 2455 nisi

445 2487 571 2531 bonis
587 2522 597 2541 ‚
621 2495 663 2530 et
677 2497 855 2546 propter
867 2484 940 2528 illa
956 2482 1067 2527 mala
1085 2518 1096 2538 ,
1118 2499 1216 2542 quae
1230 2499 1318 2527 non
1334 2482 1579 2526 inferentur
1592 2482 1673 2526 nisi
1688 2481 1826 2536 malis,

446 2558 546 2616 quia
566 2558 610 2601 in
625 2558 710 2601 fine
725 2555 1000 2616 apparebunt
1013 2563 1215 2614 utraque,
1237 2552 1354 2597 credi
1373 2553 1453 2597 sibi
1472 2552 1566 2597 vult
1579 2556 1706 2597 Deus.
1720 2553 1827 2605 Quae

445 2628 559 2671 enim
583 2642 745 2672 merces
767 2625 891 2681 fidei,
914 2634 989 2670 aut
1006 2623 1127 2684 quod
1147 2624 1326 2668 omnino
1348 2623 1417 2668 vel
1447 2638 1608 2668 nomen
1636 2622 1736 2666 fidei
1755 2656 1765 2677 ,
1794 2622 1827 2665 si
