1867 3320
316 282 457 310 sEnMo
487 281 599 323 xxn,
633 286 688 313 ΒΕ
721 274 746 314 3
778 287 910 316 vssnsn
940 288 1090 320 psum
1121 295 1252 324 vau.
1375 287 1456 327 363

90 362 214 393 meus
233 346 312 408 qui
332 361 404 391 me
420 349 571 405 genuit
587 349 642 394 ad
662 361 847 397 mortem
863 387 875 408 ‚
900 354 1038 398 Adam
1057 358 1162 401 mihi
1179 358 1284 418 fuit3
1307 371 1349 407 et
1364 378 1457 408 ma-

90 427 157 464 ter
172 433 268 464 mea
284 421 377 463 Eva
397 418 504 461 mihi
525 418 623 464 fuit.
654 422 753 466 Nati
774 437 921 468 sumus
952 427 1187 470 secundum
1207 429 1328 475 istam
1355 448 1457 490 pro-

90 490 258 550 geniem
288 490 454 544 carniS,
493 504 543 533 ex
574 505 754 535 munere
791 493 967 553 quidem
1000 496 1104 553 Dei,
1140 499 1238 557 quia
1269 511 1310 544 et
1346 503 1458 548 istud

87 575 248 605 munus
269 575 360 605 non
375 569 439 604 est
460 559 657 616 alterius,
683 562 757 606 sed
780 564 855 607 Dei
878 583 886 608 :
908 573 951 608 et
970 573 1130 620 tamen,
1150 565 1296 613 fratres
1313 604 1323 624 ,
1349 587 1457 630 quo-

87 630 220 675 modo
251 631 344 675 nati
366 631 550 674 sumus?
572 632 699 675 Certe
725 641 775 676 ut
803 633 1052 677 moriamur.
1079 638 1352 682 Praeeessores
1387 656 1459 697 ge-

87 709 282 746 nuerunt
311 701 392 745 sibi
418 715 681 745 successores
709 720 717 746 :
750 704 965 763 numquid
987 715 1227 762 genuerunt
1257 707 1336 750 sibi
1365 724 1462 752 cum

86 772 248 833 quibus
275 771 348 816 hic
371 786 541 831 semper
568 771 749 816 vivant?
775 772 859 817 Sed
890 783 1095 834 tanquam
1119 775 1328 821 decessuri
1349 813 1359 833 ,
1388 781 1461 839 qui

86 842 169 887 illis
188 842 489 897 succederent,
507 852 753 901 genuerunt
774 843 867 887 sibi.
881 846 992 889 Deus
1015 855 1157 889 autem
1181 856 1300 905 pater
1317 857 1359 892 et
1379 864 1462 893 ma-

85 922 152 958 ter
181 912 375 958 Ecclesia
391 948 402 968 ,
428 928 519 957 non
542 912 598 957 ad
623 913 707 957 hoc
730 921 936 971 generant
971 934 979 959 z
1016 926 1219 974 generant
1246 927 1385 962 autem
1409 920 1461 963 ad

84 984 219 1029 vitam
240 992 464 1038 aeternam,
490 983 594 1043 quia
618 993 661 1027 et
683 984 763 1043 ipsi
783 985 933 1028 aeterni
954 989 1137 1030 sunt.Et
1157 987 1362 1031 habemus
1380 989 1463 1032 hae-

85 1055 315 1099 feditatem
350 1054 605 1114 promissam
635 1069 658 1097 a
690 1054 861 1099 Christo
889 1054 1020 1098 vitam
1055 1065 1274 1099 aeternam.
1305 1059 1464 1101 Secun-

84 1124 192 1169 dum
214 1123 338 1185 quod
363 1143 383 1166 «
405 1124 599 1168 Verbum
622 1139 723 1168 caro
745 1123 908 1168 factum
927 1134 989 1169 est
1007 1160 1017 1179 ,
1038 1134 1080 1168 et
1102 1126 1307 1169 habitavit
1325 1127 1367 1169 in
1387 1143 1464 1171 no-

87 1215 108 1238 »
146 1196 212 1240 bis
229 1198 267 1251 ¹,
296 1213 317 1237 »
343 1195 534 1240 nutritus
553 1195 712 1251 crevit,
735 1211 896 1255 passus,
919 1205 1112 1240 mortuus
1129 1206 1170 1240 et
1193 1197 1461 1242 resuscitatus

86 1267 254 1326 accepit
276 1265 575 1311 haereditatem
611 1281 796 1325 regnum
830 1266 1056 1311 coelorum.
1102 1270 1148 1310 In
1179 1268 1269 1326 ipso
1291 1268 1461 1311 homine

84 1337 251 1396 accepit
281 1337 642 1382 resurrectionem
660 1347 703 1382 et
719 1338 850 1382 vitam
877 1347 1096 1393 aeternam,
1113 1339 1157 1382 in
1178 1340 1267 1397 ipso
1287 1340 1460 1383 homine

83 1409 280 1469 accepit:
307 1410 353 1454 in
375 1409 521 1454 Verbo
546 1418 696 1454 autem
719 1425 807 1454 non
836 1411 1026 1469 accepit,
1051 1410 1151 1469 quia
1174 1410 1460 1454 incommuta-

83 1479 231 1525 biliter
257 1490 407 1525 manet
438 1481 494 1526 ab
526 1490 690 1525 aeterno
723 1481 768 1525 in
795 1490 1021 1525 aeternum.
1047 1481 1153 1534 Quia
1177 1496 1278 1538 ergo
1300 1481 1459 1538 accepit

83 1551 444 1596 resurrectionem
474 1561 518 1596 et
548 1552 682 1596 vitam
713 1560 918 1595 aeternam
954 1566 1052 1595 caro
1082 1550 1180 1605 illa,
1207 1566 1302 1609 quae
1325 1566 1460 1593 resur—

84 1622 195 1666 rexit
221 1631 264 1666 et
284 1622 501 1667 vivificata
523 1622 718 1666 ascendit
738 1622 784 1665 in
811 1621 990 1675 coelum,
1026 1622 1105 1664 hoc
1139 1621 1259 1664 nobis
1282 1621 1459 1679 promis-

83 1708 180 1737 sum
208 1701 287 1737 est.
306 1695 449 1752 Ipsam
464 1692 762 1737 haereditatem
787 1702 1071 1752 expectamuS,
1092 1692 1220 1734 vitam
1241 1700 1456 1734 aeternam.

84 1762 243 1808 Adhuc
277 1764 394 1807 enim
416 1779 507 1808 non
529 1773 671 1808 totum
707 1779 862 1822 corpus
892 1763 1083 1822 accepit,
1123 1762 1220 1822 quia
1256 1771 1380 1820 caput
1417 1761 1457 1803 in

83 1833 201 1878 coelo
230 1842 317 1889 est,
337 1834 535 1878 membra
556 1833 700 1878 adhuc
723 1834 767 1877 in
788 1843 897 1877 terra
920 1842 1019 1876 sunt
1040 1852 1048 1876 ι
1071 1847 1148 1876 nec
1171 1840 1299 1890 caput
1322 1831 1457 1874 solum

83 1912 366 1963 accepturum
388 1913 452 1949 est
471 1902 785 1957 haereditatem,
801 1913 843 1947 ct
863 1918 1018 1961 corpus
1034 1902 1323 1960 relinquetur:
1347 1911 1459 1944 totus

83 1973 280 2019 Christus
293 1983 550 2033 accepturus
564 1982 628 2019 est
648 1972 964 2028 haereditatem,
982 1980 1095 2015 totus
1119 1969 1353 2014 secundum
1378 1971 1455 2012 ho-

82 2045 263 2100 minem,
277 2043 323 2088 id
336 2055 416 2100 est,
431 2054 616 2105 caputet
628 2059 797 2104 corpus.
810 2044 999 2087 Membra
1013 2057 1112 2099 ergo
1124 2040 1278 2085 Christi
1292 2054 1453 2090 sumus,

82 2130 304 2175 speremus
314 2115 614 2160 haereditatem
627 2134 636 2160 :
649 2115 750 2175 quia
759 2129 856 2158 cum
866 2113 1004 2157 onmia
1019 2113 1093 2155 ista
1108 2110 1362 2161 transierint,
1376 2109 1454 2152 hoc

82 2186 249 2231 bonum
267 2187 488 2246 accepturi
505 2202 654 2231 sumus
671 2184 791 2245 quod
808 2199 894 2228 non
910 2181 1123 2234 transibit,
1139 2189 1179 2223 ct
1200 2180 1276 2222 hoc
1297 2178 1451 2221 malum

82 2257 251 2302 evasuri
269 2258 389 2317 quod
404 2274 493 2303 non
506 2257 705 2302 transibit
717 2278 728 2314 3
743 2265 900 2300 fetet-na
913 2262 1011 2298 sunt
1025 2253 1135 2295 enim
1151 2260 1343 2308 utraque.
1360 2251 1451 2291 Non

82 2327 198 2372 enim
218 2327 382 2388 aliquid
401 2344 489 2373 non
505 2338 715 2373 aeternum
731 2326 920 2386 promisit
943 2323 1026 2366 suis
1043 2357 1052 2376 ‚
1072 2338 1147 2364 nec
1163 2319 1323 2379 aliquid
1345 2329 1450 2362 toni-

81 2400 230 2460 porale
251 2401 441 2446 minatus
459 2401 690 2460 estimpiis.
718 2397 941 2452 Quomodo
960 2396 1106 2447 vitani,
1128 2392 1447 2437 beatitudinem,

82 2476 282 2532 regnum,
299 2473 599 2518 haereditatem
614 2472 913 2531 sempiternam
929 2468 1017 2511 sinc
1035 2467 1116 2508 tine
1133 2463 1321 2524 promisit
1336 2477 1450 2504 sain·-

130 2574 138 2590 ¹
160 2569 252 2600 Jonn.
269 2579 292 2609 1,
313 2567 363 2610 ¹4·
