1924 3309
414 300 497 336 550
838 306 870 335 S.
908 308 1139 336 Aucus‘nm
1171 307 1352 335 Emscom

412 373 607 419 Verbum
628 374 675 417 in
697 373 828 419 corde
845 374 1062 432 concepit,
1074 381 1117 416 et
1130 372 1388 431 deputatum
1411 381 1475 417 est
1496 372 1541 416 in
1559 374 1799 432 opuS.1deo

411 444 605 506 quodam
627 444 724 489 loco
749 444 957 489 Dominus
983 463 992 489 :
1021 461 1041 484 «
1068 441 1281 487 Mundate
1308 459 1407 503 quae
1425 443 1542 488 intus
1565 453 1688 500 sunt,
1713 445 1798 504 ait3

414 535 436 558 »
472 525 516 560 et
538 532 638 577 quae
661 515 764 560 soris
794 523 924 569 sunt,
957 513 1122 557 munda
1145 522 1274 557 erunt
1294 516 1325 558 ¹.
1354 533 1373 554 »
1397 516 1495 558 Non
1515 514 1622 558 dixit
1642 533 1650 559 :
1674 518 1803 559 Mun·

414 587 514 632 date
535 603 634 647 quae
663 587 765 632 ioris
790 595 908 631 sunt.
943 585 987 630 Si
1011 600 1033 628 a
1064 599 1245 644 corpore
1271 585 1508 644 inciperet,
1540 587 1730 630 restabat
1750 595 1801 631 ut

337 694 348 700 ,
412 667 611 702 moneret
633 668 737 713 nos,
772 666 821 700 ut
855 654 1166 699 mundaremus
1194 665 1238 699 et
1269 657 1461 699 animum
1489 675 1498 700 ε
1523 656 1557 700 si
1579 665 1722 700 autem
1746 657 1801 701 ab

411 730 556 773 animo
571 765 582 784 ,
621 744 711 773 non
747 742 856 786 opus
881 735 945 770 est
967 735 1016 770 ut
1039 725 1301 770 mundemus
1333 742 1490 786 corpus
1510 748 1521 785 3
1545 727 1647 786 quia
1669 728 1801 771 animi

410 799 673 844 munditiam
712 797 908 857 sequitur
941 797 1132 856 corporis
1162 797 1394 841 munditia.
1436 800 1551 856 Ergo
1581 797 1801 856 apostolus

413 869 573 914 Paulus
592 905 603 925 ,
640 870 743 929 quia
776 868 911 927 coepit
932 883 955 911 a
990 882 1120 912 carne
1135 902 1146 921 ,
1171 883 1281 926 opus
1302 877 1394 912 erat
1425 878 1474 912 ut
1496 867 1660 913 diceret
1683 878 1727 913 et
1748 867 1803 913 de

411 941 581 1001 spiritu,
612 958 632 982 «
651 939 925 984 Perficientes
947 938 1348 982 sanctificationem.
1375 938 1639 983 Mundemus
1657 954 1735 983 nos
1748 939 1804 984 ab

419 1029 439 1052 »
475 1011 594 1055 omni
619 1010 977 1069 coinquinatione
1005 1009 1146 1053 carnis
1175 1018 1218 1053 et
1247 1009 1448 1068 spiritus,
1485 1028 1505 1050 »
1532 1010 1631 1069 quia
1663 1018 1805 1069 potest

414 1081 742 1140 incoinquinata
767 1095 858 1123 esse
880 1095 1003 1134 caro,
1040 1094 1131 1124 non
1159 1078 1320 1123 faciens
1345 1079 1558 1123 adulteria
1575 1115 1585 1134 ,
1617 1079 1806 1124 fornica-

414 1154 576 1206 tiones,
595 1161 638 1195 et
656 1151 757 1195 talia
785 1170 793 1195 ε
820 1151 896 1195 sed
916 1159 1065 1195 tamen
1082 1165 1172 1194 esse
1194 1149 1414 1205 libidines,
1438 1159 1481 1195 et
1503 1151 1801 1210 cogitationes,

415 1233 459 1269 et
481 1222 608 1267 malae
629 1223 879 1266 voluntates
907 1221 955 1265 in
978 1221 1136 1265 anima.
1163 1224 1220 1265 Et
1243 1221 1427 1281 subjecit
1443 1256 1454 1276 ,
1485 1240 1505 1263 «
1531 1223 1806 1267 Perficientes

417 1314 438 1337 »
473 1292 862 1338 sanctificationem
883 1291 929 1335 in
946 1292 1101 1336 timore
1123 1291 1215 1335 Dei.
1240 1309 1260 1332 »
1287 1291 1392 1344 Quis
1409 1285 1511 1349 ergo
1531 1290 1637 1336 facit
1652 1292 1808 1337 sancti-

415 1365 666 1410 ficationem
697 1361 891 1422 corporis
910 1396 921 1417 ,
957 1371 1001 1405 et
1031 1377 1121 1406 non
1154 1361 1261 1405 facit
1293 1361 1482 1405 animae?
1504 1361 1589 1415 Qui
1610 1362 1809 1407 homines

417 1438 542 1482 timet
563 1444 607 1479 et
627 1450 718 1479 non
734 1437 891 1479 Deum.
923 1435 1032 1478 Nam
1061 1433 1138 1493 qui
1160 1432 1206 1476 in
1228 1433 1384 1477 timore
1407 1433 1483 1477 Dei
1504 1443 1567 1477 est
1583 1468 1594 1488 ‚
1626 1433 1811 1494 perfecit

421 1506 822 1553 sanctificationem.
850 1503 956 1548 Ideo
974 1513 1090 1548 certe
1111 1502 1290 1547 noluisti
1308 1512 1556 1563 perpetrare
1574 1504 1807 1560 adulteria,

422 1594 479 1623 ne
501 1578 627 1622 sciret
648 1577 782 1620 homo
804 1593 814 1619 ι
838 1575 994 1619 timore
1015 1574 1244 1619 hominum
1262 1573 1440 1618 tenuisti
1458 1589 1633 1619 carnem
1655 1590 1677 1618 a
1696 1590 1812 1619 com-

423 1649 560 1693 missis
577 1646 700 1691 malis
721 1665 730 1691 ε
749 1646 847 1691 ideo
864 1645 1043 1690 noluisti
1066 1645 1339 1690 committere
1361 1646 1440 1690 ubi
1461 1645 1580 1691 videt
1600 1647 1748 1691 homo.
1768 1647 1812 1692 Si

422 1729 465 1763 et
492 1722 632 1763 Deum
657 1719 783 1761 times
801 1752 811 1772 ,
834 1716 925 1760 noli
949 1726 992 1760 et
1012 1716 1074 1759 ibi
1090 1751 1100 1770 ,
1122 1716 1199 1760 ubi
1220 1715 1340 1760 videt
1362 1719 1475 1760 Deus
1491 1752 1502 1771 ,
1529 1727 1572 1761 et
1594 1715 1811 1775 perfecisti

422 1787 823 1834 sanctificationem.
852 1786 1036 1830 Intende
1064 1804 1072 1829 ι
1099 1786 1137 1829 Ο
1159 1787 1192 1829 si
1213 1801 1408 1845 possem,
1436 1788 1494 1830 ait
1515 1787 1692 1847 aliquis,
1713 1803 1812 1846 per-

421 1860 571 1906 venire
592 1860 649 1903 ad
683 1857 803 1901 illam
840 1856 1099 1901 foeminam:
1135 1857 1211 1900 sed
1242 1872 1332 1900 non
1354 1872 1553 1915 possum,
1579 1857 1813 1917 diligenter

419 1928 684 1983 custoditur,
720 1919 926 1971 maritum
964 1926 1215 1986 vigilantem
1254 1927 1387 1971 habet
1401 1962 1411 1981 ,
1448 1928 1694 1972 ministrum
1721 1944 1812 1974 non
1864 1964 1865 1967 η

419 2002 591 2058 habeo,
617 2000 650 2044 si
667 2014 795 2043 ausus
818 1997 942 2043 fuero
957 2033 967 2052 ,
1001 1997 1364 2057 comprehendor.
1394 1999 1516 2043 Facit
1537 1998 1660 2059 quasi
1683 2015 1812 2045 mun·
1859 2026 1863 2031 ·

421 2071 643 2116 dationem
664 2069 855 2128 corporis
874 2087 883 2113 :
901 2068 1018 2113 intus
1036 2077 1183 2112 autem
1205 2068 1307 2128 quia
1330 2068 1441 2123 vult,
1461 2085 1552 2113 non
1569 2067 1673 2114 facit
1690 2085 1813 2114 mun·

421 2142 642 2187 dationem
656 2140 844 2200 spiritus.
859 2140 962 2184 Ideo
972 2139 1152 2183 timebat
1165 2139 1209 2182 in
1222 2154 1404 2199 corpore
1413 2138 1570 2194 facere,
1583 2155 1638 2184 ne
1646 2140 1813 2185 videret
1841 2155 1852 2158 ·

420 2217 553 2259 homo
572 2232 580 2257 :
605 2223 648 2256 et
670 2227 759 2256 non
789 2212 914 2255 timet
936 2212 1052 2255 intus
1074 2209 1237 2264 facere,
1258 2211 1336 2254 ubi
1359 2209 1476 2255 videt
1499 2213 1613 2255 Deus
1635 2230 1644 2255 ε
1664 2211 1812 2256 oculos
1861 2230 1873 2252 ς

420 2285 608 2329 hominis
629 2283 759 2337 vitat,
775 2292 818 2326 et
834 2282 911 2325 Dei
926 2297 1015 2326 non
1031 2281 1167 2325 timet.
1186 2281 1291 2334 Quis
1313 2296 1415 2339 ergo
1435 2281 1605 2340 perficit
1626 2282 1814 2326 sanctifi-

421 2353 762 2406 cationem?Qui
780 2352 826 2396 in
844 2352 997 2396 timore
1014 2351 1090 2395 Dei
1100 2360 1177 2394 est.
1196 2370 1215 2392 «
1230 2351 1503 2395 Perficientes
1515 2352 1812 2396 sanctificatio·
1853 2352 1869 2386 ι’

424 2446 443 2468 »
480 2442 579 2469 nem
597 2425 642 2468 in
661 2426 815 2468 timore
828 2424 916 2468 Dei.
936 2422 1116 2467 »Timor
1133 2422 1361 2466 hominum
1378 2421 1488 2466 forte
1502 2438 1658 2482 corpus
1669 2431 1812 2483 potest
1835 2430 1839 2434 '

422 2499 476 2541 ab
498 2495 772 2539 immunditia
795 2506 1059 2554 temperat-03
1081 2494 1267 2537 animam
1289 2503 1432 2537 autem
1451 2529 1460 2547 ,
1487 2495 1659 2538 nonnisi
1680 2495 1808 2538 timor

424 2569 515 2611 Dei.
552 2566 842 2611 sanctificavit
866 2567 1095 2609 animum?
1121 2567 1304 2609 Securus
1327 2573 1389 2608 cst
1411 2565 1465 2608 de
1495 2579 1690 2624 corpore.
1725 2562 1809 2617 Qui

477 2659 483 2674 ¹
514 2652 633 2686 Matth,
659 2662 749 2691 xxxii,
773 2651 831 2681 26.
