1924 3309
413 252 497 291 526
835 261 868 291 s.
903 259 1136 293 Aucusnm
1166 264 1351 293 nnscon

407 337 476 371 ‘tus
505 335 569 371 est
597 327 706 371 mihi
727 328 897 374 animus
914 363 925 385 ‚
960 339 1083 374 tanta
1111 329 1298 373 intentio
1327 329 1374 373 in
1409 329 1612 389 profectu
1635 339 1793 376 vestro.

408 398 638 456 Operarius
661 398 778 442 enim
803 399 850 443 in
869 415 972 459 agro
993 400 1186 444 fructum
1207 413 1399 459 sperans,
1418 400 1562 444 minus
1584 400 1714 444 sentit
1734 400 1799 445 la-

409 468 577 512 borem.
614 469 712 514 Sitis
741 468 910 515 fructus
943 471 1051 527 mei,
1091 479 1143 515 ut
1172 469 1399 515 vobiscum
1430 471 1534 528 sim,
1575 480 1620 517 et
1647 485 1800 517 omnes

410 538 546 585 simus
567 538 736 586 fructus
754 542 847 587 Dei.

412 695 1173 713 §xmmmmmmmmm
1176 696 1798 714 §mmmmm

859 812 1092 860 SERMO
1137 815 1290 860 XLIII
1301 814 1332 860 ².

413 963 477 1006 De
497 976 549 1007 eo
568 961 690 1023 quod
709 963 920 1024 scriptum
938 972 1002 1008 est
1016 964 1062 1007 in
1083 966 1193 1009 Isai'a
1209 998 1220 1019 ‚
1245 978 1340 1023 cap.
1363 981 1440 1008 v11.
1458 960 1577 1010 Nisi
1592 960 1803 1008 credide-

831 1034 955 1090 ritis,
980 1049 1077 1079 non
1099 1032 1388 1096 intelligetis.

475 1181 511 1221 I.
539 1180 721 1221 Imrrnm
743 1178 872 1221 bonae
898 1178 1021 1233 vitae,
1045 1178 1117 1222 cui
1137 1178 1226 1222 vita
1247 1178 1380 1221 etiam
1407 1186 1569 1221 aeterna
1598 1176 1799 1232 debetur,

415 1258 530 1292 recta
568 1249 676 1292 fides
706 1258 783 1292 est.
821 1251 898 1292 Est
931 1258 1076 1293 autem
1106 1248 1213 1292 fides
1247 1248 1423 1293 credere
1451 1247 1573 1309 quod
1606 1247 1804 1293 nondum

418 1319 571 1364 vides:
599 1320 725 1379 cujus
753 1317 854 1362 fidei
885 1333 1050 1363 merces
1073 1327 1161 1372 est,
1186 1317 1333 1362 videre
1354 1319 1475 1379 quod
1495 1318 1649 1363 credis.
1676 1320 1805 1363 Tem-

416 1404 520 1449 pore
548 1390 680 1448 igitur
701 1388 804 1433 fidei
838 1398 1048 1448 tanquam
1082 1398 1280 1448 tempore
1313 1389 1542 1444 sementis,
1574 1403 1666 1433 non
1692 1387 1804 1432 defi-

416 1461 595 1515 ciamus,
617 1469 662 1504 et
691 1474 829 1519 usque
858 1459 904 1502 in
929 1460 1060 1502 finem
1083 1473 1173 1503 non
1194 1458 1446 1503 deficiamus
1472 1478 1481 1504 z
1509 1459 1584 1504 sed
1607 1448 1807 1519 persevess

416 1546 578 1585 remus,
610 1531 751 1575 donec
782 1527 904 1590 quod
937 1527 1255 1573 seminavimus*
1285 1539 1515 1574 metamus.
1550 1531 1663 1575 Cum
1690 1529 1808 1573 enim

416 1617 615 1646 aversum
638 1610 749 1645 esset
770 1616 906 1659 genus
923 1600 1169 1644 humanum
1192 1616 1215 1643 a
1233 1603 1340 1655 Deo,
1366 1609 1410 1644 et
1425 1601 1588 1660 jaceret
1609 1599 1655 1643 in
1672 1598 1809 1644 delic-

421 1673 469 1716 tis
491 1673 602 1726 suis,
630 1672 743 1716 sicut
766 1673 974 1716 Creatore
999 1685 1108 1729 opus
1138 1670 1410 1715 habebamus
1439 1679 1488 1714 ut
1510 1685 1723 1724 essemus,
1749 1668 1808 1714 sic

420 1740 640 1788 Salvatore
657 1751 706 1785 ut
729 1742 1097 1784 revivisceremus.
1121 1743 1270 1784 Justus
1284 1744 1397 1784 Deus
1420 1739 1643 1784 damnavit
1663 1740 1813 1784 homi-⁷

417 1829 516 1857 nem
530 1848 540 1867 ‚
560 1811 801 1856 misericors
825 1813 937 1854 Deus
957 1809 1115 1853 liberat
1135 1809 1368 1853 hominem.
1396 1828 1415 1851 «
1433 1812 1547 1854 Deus
1568 1809 1701 1854 Israel
1718 1809 1808 1869 ipse

422 1901 441 1924 n
477 1883 601 1927 dabit
628 1881 834 1926 virtutem
857 1890 901 1924 et
927 1879 1230 1924 fortitudinem
1253 1880 1372 1939 plebi
1393 1895 1503 1934 suae,
1549 1879 1808 1925 benedictus

421 1972 441 1995 »
468 1956 622 1998 Deus‘2.
639 1971 659 1994 »
678 1953 762 1998 Sed
780 1951 1005 2011 accipiunt
1019 1951 1260 2006 credentes,
1277 1965 1368 1995 non
1385 1950 1808 2011 accipiuntcontem-

419 2032 585 2067 nentes.

478 2096 536 2137 II.
573 2095 663 2138 Nec
690 2093 742 2135 de
774 2092 866 2150 ipsa
897 2090 985 2134 fide
1019 2099 1166 2134 tamen
1186 2090 1245 2134 ita
1280 2089 1555 2148 gloriandum
1583 2099 1661 2146 est,
1687 2090 1809 2151 quasi

421 2163 588 2223 aliquid
610 2178 689 2207 nos
706 2162 935 2223 possimus.
962 2164 1058 2207 Non
1080 2161 1194 2204 enim
1219 2160 1326 2204 fides
1347 2160 1456 2205 nihil
1478 2171 1568 2217 est,
1593 2161 1668 2206 sed
1688 2177 1811 2221 mag-

419 2249 526 2277 num
557 2232 756 2293 aliquid:
782 2247 914 2292 quam
948 2232 982 2275 si
1013 2231 1165 2285 habes,
1206 2230 1402 2290 profecto
1439 2231 1655 2290 accepisti.
1693 2230 1810 2285 Quid
1837 2225 1839 2228 Α

422 2305 537 2348 enim
554 2304 706 2359 habes,
728 2302 848 2363 quod
864 2318 954 2347 non
967 2302 1198 2361 accepisti?
1216 2301 1388 2356 Videte,
1408 2302 1668 2357 charissimi,
1692 2302 1811 2346 unde

421 2375 607 2419 Domino
621 2378 710 2419 Deo
727 2373 879 2432 gratias
899 2373 1057 2432 agatis³
1076 2391 1085 2417 z
1104 2387 1158 2415 ne
1175 2373 1220 2415 in
1243 2371 1387 2432 aliquo
1403 2372 1520 2416 dono
1543 2373 1633 2433 ejus
1650 2372 1809 2432 ingrati
1840 2423 1843 2425 Α

421 2447 655 2501 maneatis,
680 2454 724 2489 et
752 2453 932 2505 propter
963 2444 1047 2488 hoc
1073 2442 1194 2503 quod
1226 2443 1383 2501 ingrati
1425 2442 1552 2498 estis,
1586 2442 1708 2502 quod
1738 2457 1811 2487 ac-

421 2518 593 2577 cepistis
626 2515 834 2577 perdatis.
874 2518 987 2559 Laus
1018 2513 1121 2558 fidei
1146 2513 1349 2573 explicari
1374 2529 1398 2558 a
1420 2529 1489 2558 me
1519 2512 1802 2559 nullomodo

472 2607 480 2624 ¹
503 2601 589 2636 Alias
606 2602 647 2635 de
666 2601 774 2636 verbis
789 2599 936 2644 Apostoli
955 2608 1008 2642 27.
1032 2615 1071 2622 —-
1092 2605 1105 2622 ²
1124 2598 1205 2631 Psal.
1225 2608 1324 2641 van,
1348 2598 1449 2631 36.-
1469 2596 1483 2622 3
1500 2609 1512 2631 1
1532 2600 1605 2632 Cor.
1622 2608 1669 2640 tv,
1689 2608 1719 2640 7.
