1867 3320
319 328 458 357 senno
490 330 545 368 11,
579 328 634 356 nn
666 324 938 357 TER-ranem
970 312 1162 357 anunm.
1347 323 1428 361 159

46 394 164 440 davit
178 393 396 453 Abraham
412 391 590 437 credere
605 427 615 447 ,
640 391 821 453 quando
841 391 1178 452 promittebatur
1195 413 1206 451 3
1227 409 1317 438 non
1339 405 1430 440 tre-

46 463 212 524 pidavit
232 462 390 507 offerre
407 497 418 517 ‚
443 460 622 522 quando
651 461 903 520 exigebatur
924 481 934 506 :
957 477 1038 506 nec
1059 461 1145 506 fuit
1169 461 1318 521 religio
1336 480 1430 508 cre-

48 534 187 579 dentis
204 534 418 578 contraria
440 532 662 577 devotioni
692 532 953 577 obedientis.
981 535 1074 577 Hoc
1096 532 1193 577 dico
1212 567 1222 588 ‚
1243 548 1334 577 non
1355 534 1434 578 sibi

48 603 156 648 dixit
177 603 398 648 Abraham
414 638 425 658 ‚
447 606 562 646 Deus
583 602 690 646 mihi
711 602 885 647 locutus
907 611 971 647 est
991 621 1000 648 ι
1031 601 1210 663 quando
1238 604 1435 662 promisit

48 672 205 728 filium,·
221 673 387 718 credidi
410 673 512 733 quia
529 673 635 717 mihi
652 673 833 717 daturus
855 682 965 717 esset
984 675 1097 718 Deus
1114 673 1432 733 posteritatem:

49 752 92 788 et
113 743 288 804 qualem
308 744 639 802 posteritatem?
663 746 719 788 Ut
736 742 899 787 diceret
920 743 1027 787 mihi
1053 761 1062 788 :
1087 761 1108 786 «
1134 746 1187 788 In
1207 747 1325 789 Isaac
1351 759 1435 789 vo-

50 831 72 856 »
107 814 278 858 cabitur
312 814 392 858 tibi
414 816 611 859 semen1.
640 831 661 855 »
684 816 742 858 Et
770 828 826 857 ne
864 812 977 858 forte
999 814 1060 858 sic
1079 823 1310 859 vocaretur
1329 814 1437 859 mihi

48 899 194 928 semen
217 887 334 929 Isaac
349 919 360 940 ,
385 893 435 929 ut
455 893 554 928 ante
573 899 642 928 me
665 899 788 928 meus
806 883 921 928 filius
943 882 1186 930 moreretur
1213 904 1222 931 :
1252 904 1272 928 «
1292 887 1344 930 In
1366 900 1435 929 se-

51 972 72 996 »
105 955 223 998 mine
239 963 317 999 tuo
335 990 346 1010 ‚
367 955 538 1015 inquit,
562 954 881 998 benedicentur
897 970 1045 999 omnes
1071 965 1219 1014 gentes
1236 959 1268 999 ².
1291 972 1314 997 ι»
1338 957 1436 1015 Ipse

47 1025 155 1069 mihi
171 1039 274 1083 ergo
303 1023 486 1085 loquens
505 1024 702 1084 promisit
725 1024 863 1068 filium
879 1059 890 1080 ,
916 1033 959 1069 et
977 1025 1068 1084 ipse
1090 1025 1222 1084 exigit
1244 1034 1296 1070 ut
1317 1025 1436 1070 occi-

49 1093 150 1138 dam
165 1096 183 1138 1>
196 1097 295 1139 Non
310 1095 393 1138 sibi
408 1094 511 1138 fecit
527 1094 811 1154 quaestionem
830 1095 951 1154 quasi
974 1094 1029 1139 de
1051 1096 1274 1140 contrariis
1297 1104 1339 1139 et
1356 1094 1436 1139 sibi

49 1164 376 1210 adversantibus
398 1166 539 1209 verbis
562 1165 638 1211 Dei
661 1165 954 1225 promittentis
977 1166 1116 1209 filium
1137 1166 1403 1210 nasciturum
1422 1200 1433 1220 ‚

48 1243 91 1280 et
111 1245 259 1295 postea
281 1236 463 1280 dicentis
480 1271 490 1291 ,
515 1236 675 1280 Occide
698 1236 806 1279 mihi
834 1235 975 1280 filium
998 1246 1121 1280 tuum
1147 1256 1156 1281 :
1183 1236 1257 1280 sed
1277 1245 1368 1280 erat
1390 1236 1437 1279 in

0 1328 1 1347 ι
49 1305 179 1350 corde
206 1306 296 1365 ejus
325 1305 431 1349 fides
453 1320 621 1364 semper
650 1307 926 1360 inconcussa,
952 1314 996 1350 et
1016 1305 1140 1350 nullo
1168 1304 1299 1349 modo
1325 1305 1436 1348 defi-

0 1377 1 1383 ’
50 1375 181 1419 ciens.
223 1375 438 1433 Cogitavit
466 1375 580 1418 enim
604 1375 825 1419 Abraham
843 1410 853 1430 ‚
879 1378 1017 1420 Deum
1040 1376 1117 1436 qui
1139 1375 1262 1419 dedit
1284 1383 1332 1418 ut
1364 1373 1436 1419 ille

0 1443 3 1447 ’
49 1445 105 1490 de
121 1445 296 1489 senibus
319 1455 568 1489 nasceretur
588 1446 665 1506 qui
686 1461 775 1490 non
797 1455 904 1500 erat,
926 1461 1049 1505 posse
1066 1446 1197 1489 etiam
1220 1445 1275 1489 de
1297 1453 1437 1490 morte

0 1529 3 1563 ς
51 1529 249 1574 reparare
263 1516 294 1558 ³.
321 1516 517 1575 Amplius
535 1516 649 1559 enim
671 1524 735 1560 est
752 1514 871 1575 quod
891 1517 982 1575 jam
1002 1515 1165 1560 fecerat
1183 1518 1312 1569 Deus,
1334 1530 1436 1560 cum

0 1584 4 1599 ³
51 1585 127 1645 qui
148 1601 238 1629 non
261 1594 352 1629 erat
378 1594 476 1644 post
505 1594 671 1629 tantam
692 1585 1035 1644 desperationem
1055 1584 1233 1629 videbat
1254 1585 1336 1628 sibi
1359 1584 1437 1630 da-

52 1663 146 1700 tum
177 1656 344 1710 filium,
371 1664 414 1699 et
448 1656 480 1699 si
515 1656 750 1699 humanam
785 1654 1081 1699 infirmitatem
1105 1653 1326 1709 consulas,
1351 1656 1435 1698 im-

50 1725 269 1785 possibile.
298 1725 467 1785 Adjecit
488 1726 635 1786 itaque
659 1726 853 1769 animum
875 1725 931 1769 ad
954 1724 1084 1768 fidem
1110 1744 1118 1769 ε
1144 1740 1233 1768 non
1255 1724 1437 1769 credidit

51 1793 215 1854 aliquid
249 1795 513 1852 impossibile
547 1810 635 1839 esse
664 1796 873 1840 Creatori.
913 1796 1026 1850 Qui,
1063 1793 1436 1854 quemadmodum

52 1863 293 1910 crediderat
313 1898 324 1917 ,
350 1863 538 1920 suscepit
559 1863 698 1906 fllium
716 1898 726 1916 ‚
761 1864 945 1906 credidit
962 1875 1109 1921 postea
1127 1865 1298 1923 jubenti
1319 1868 1406 1909 Deo
1426 1884 1434 1909 :

46 1934 133 1995 jam
171 1933 215 1976 in
236 1941 434 1991 suscepto
472 1932 561 1976 filio
597 1932 853 1990 probaverat
889 1935 1041 1974 Deum.
1068 1932 1265 1976 Credidit
1297 1934 1436 1978 filium

53 2012 329 2062 suscepturus
346 2038 357 2057 ‚
381 2000 566 2046 credidit
586 2002 819 2045 occisurus.
846 2001 1016 2060 Ubique
1039 2000 1193 2055 fidelis,
1220 2017 1436 2062 nusquam

53 2072 253 2119 crudelis.
279 2072 469 2116 Omnino
499 2070 700 2130 perduxit
722 2070 859 2114 filium
881 2069 934 2114 ad
957 2069 1101 2114 locum
1121 2071 1308 2114 victimfe
1335 2091 1343 2115 :
1366 2087 1436 2115 ar·

53 2144 186 2188 mavit
204 2143 332 2187 etiarn
351 2141 568 2186 dexteram
583 2141 740 2185 cultro.
755 2140 952 2185 Attendis
970 2141 1065 2200 quis
1089 2140 1226 2194 feriat,
1245 2150 1286 2185 et
1305 2157 1438 2201 quem

56 2212 205 2259 feriat:
231 2212 407 2256 attende
428 2213 704 2272 quisjubeat.
730 2212 830 2256 Pius
853 2227 955 2270 crgo
979 2212 1194 2256 Abrabam
1215 2212 1438 2272 obtempe-

56 2282 192 2328 rando
216 2303 224 2328 :
250 2282 358 2343 quid
383 2286 496 2326 Dcus
513 2281 741 2342 jubendo?
758 2284 820 2326 Nc
840 2281 950 2325 torte
972 2281 1168 2336 infirmis,
1189 2297 1277 2325 non
1295 2281 1438 2327 dicam

58 2354 268 2413 sacrilegis
287 2354 455 2408 animis,
479 2354 568 2413 ipsc
585 2353 809 2413 displiceat
832 2354 906 2412 qui
921 2352 1120 2412 jubebat.
1139 2351 1221 2397 Scd
1242 2352 1273 2396 si
1298 2353 1439 2413 placet

57 2425 132 2487 qui
147 2424 490 2484 obtemperabat,
507 2424 729 2484 quomodo
741 2422 994 2482 displicebat
1015 2422 1090 2482 qui
1103 2422 1286 2482 jubebat
1299 2425 1316 2466 P
1328 2424 1439 2476 Quia

58 2493 93 2541 ni
116 2494 336 2540 Abraham
371 2495 480 2538 bene
504 2494 603 2538 lecit
626 2493 999 2553 obtemperando3
1024 2491 1163 2537 multo
1193 2492 1345 2538 molius
1363 2528 1373 2546 ‚
1397 2502 1440 2537 ct

59 2564 187 2626 longe
212 2564 389 2620 melius,
413 2563 740 2624 incomparabili
765 2563 894 2608 modo
910 2598 920 2618 ,
949 2566 1059 2607 Deus
1080 2562 1293 2622 jubendo.

69 2696 74 2705 ι
109 2657 117 2674 ¹
139 2653 218 2685 Gen.
237 2661 305 2693 xxi,
323 2659 374 2684 ια.
398 2666 436 2674 -
459 2650 532 2684 ²1d.
554 2661 631 2691 un,
653 2650 702 2683 ιδ.
724 2647 795 2673 -3
819 2658 838 2681 2
855 2650 1230 2690 Retract.c;1p.xxu,n.
1252 2654 1283 2680 2.
