1867 3320
397 276 535 307 sunno
566 276 612 306 nt
630 295 641 316 ‚
675 277 730 306 nn
761 278 903 306 nzczu
933 279 1123 309 cummis.
1364 273 1448 312 235

78 452 429 470 mmmmm

993 453 1410 474 mmmmm
1416 459 1448 475 Ἃ

578 591 807 638 SERMO
849 592 915 638 IX
928 597 958 636 1.

513 752 590 799 De
611 752 777 800 decem
804 735 1011 800 chordis.

131 914 167 956 Ι.
189 914 389 957 Dominis
411 921 454 955 et
476 915 589 956 Deus
610 921 757 956 noster
778 912 1016 957 misericors
1034 921 1077 956 et
1097 913 1335 968 miserator,
1355 913 1454 957 lon-

73 983 256 1042 ganimis
288 994 332 1027 et
353 982 541 1026 multum
563 982 803 1027 misericors
823 1017 834 1037 ,
855 992 898 1026 et
924 986 1083 1026 vcrax²
1099 1004 1110 1040 3
1127 999 1260 1043 quam
1282 984 1456 1042 largiter

72 1061 287 1111 praerogat
308 1053 645 1097 misericordiam
676 1052 720 1096 in
754 1053 954 1112 praesenti
984 1052 1143 1097 saeculo
1160 1088 1171 1108 ,
1195 1063 1284 1097 tam
1311 1069 1456 1098 severe

72 1122 486 1182 minaturjudicium
506 1123 551 1166 in
569 1123 718 1167 futuro
733 1122 907 1167 saeculo.
924 1124 1067 1168 Verba
1084 1139 1183 1184 quae
1201 1124 1286 1167 dixi
1300 1125 1455 1183 scripta

71 1201 194 1247 sunt,
219 1202 262 1237 et
280 1192 436 1236 divinis
459 1194 791 1237 auctoritatibus
812 1194 1093 1238 continentur
1108 1230 1118 1249 ,
1141 1195 1242 1254 quia
1257 1229 1268 1248 ,
1290 1195 1457 1238 Miseri-

69 1261 164 1307 cors
193 1272 237 1306 et
259 1263 481 1307 miserator
505 1265 713 1307 Dominus
731 1298 741 1318 ‚
768 1264 1026 1323 longanimis
1050 1274 1093 1308 et
1115 1264 1303 1308 multum
1326 1266 1455 1309 mise-

71 1332 203 1377 ricors
234 1341 278 1376 et
312 1334 485 1376 verax3.
513 1332 703 1378 Multum
737 1333 925 1378 delectat
953 1349 1101 1378 omnes
1139 1344 1383 1394 peccatores
1413 1345 1454 1379 et

72 1412 282 1446 amatores
304 1402 451 1447 saeculi
480 1403 609 1463 hujus
625 1439 635 1457 ,
661 1404 762 1464 quia
785 1405 1026 1448 misericors
1048 1414 1091 1448 et
1122 1405 1345 1449 miserator
1367 1408 1454 1450 Do-

70 1475 228 1529 minus,
251 1476 352 1534 quia
371 1474 629 1533 longanimis
646 1485 689 1518 et
706 1475 894 1519 multum
913 1475 1166 1520 misericors.
1188 1477 1271 1520 Sed
1289 1477 1321 1520 si
1340 1492 1454 1521 amas

73 1554 159 1589 tam
181 1543 317 1588 multa
341 1545 461 1588 mitia
479 1579 489 1599 ‚
528 1545 632 1588 time
655 1545 711 1589 ibi
741 1554 783 1589 et
823 1545 1024 1590 ultimum
1049 1547 1168 1606 quod
1191 1547 1247 1590 ait
1275 1566 1282 1590 :
1313 1557 1356 1592 et
1378 1563 1454 1592 ve-

71 1630 159 1658 rax.
193 1614 234 1659 Si
256 1614 371 1657 enim
396 1613 503 1658 nihil
525 1614 643 1658 aliud
679 1615 869 1670 diceret,
900 1616 1006 1670 nisi,
1038 1617 1277 1660 Misericors
1309 1626 1352 1661 et
1374 1619 1456 1662 mi·

71 1693 234 1729 serator
250 1684 483 1741 Dominus,
504 1684 762 1743 longanimis
782 1694 824 1729 et
839 1686 1028 1730 multum
1050 1686 1309 1744 misericors3
1331 1689 1454 1746 quasi

67 1756 156 1814 jam
179 1764 450 1799 converteres
472 1764 515 1799 te
536 1755 591 1799 ad
613 1756 887 1800 securitatem
911 1765 954 1799 et
975 1756 1276 1815 impunitatem
1294 1792 1305 1811 ,
1336 1767 1378 1801 et
1400 1758 1455 1803 ad

71 1824 289 1868 licentiam
323 1833 629 1884 peccatorum3
659 1826 820 1869 faceres
853 1826 974 1885 quod
995 1826 1150 1880 velles,
1176 1828 1355 1870 utereris
1376 1843 1455 1871 sae-

71 1894 171 1938 culo
187 1929 198 1948 ‚
235 1894 303 1937 vel
327 1904 539 1953 quantum
563 1895 641 1938 tibi
673 1896 1018 1954 permitteretur,
1042 1895 1109 1939 vel
1140 1906 1354 1956 quantum
1377 1898 1453 1941 tibi

72 1963 210 2008 libido
224 1963 414 2023 jussisset
442 1983 451 2009 :
473 1973 516 2008 et
539 1963 573 2007 si
596 1965 692 2024 quis
715 1974 757 2008 te
778 1965 887 2008 bene
909 1964 1187 2008 admonendo
1205 1966 1456 2025 objurgaret

73 2044 203 2094 atque
220 2043 413 2088 terreret,
435 2043 483 2078 ut
501 2034 726 2079 cohiberes
743 2044 783 2078 te
799 2035 854 2078 ab
872 2035 1158 2078 immoderato
1175 2036 1295 2079 fluxu
1310 2036 1456 2082 eundo

73 2115 169 2165 post
190 2106 560 2165 concupiscentias
591 2114 685 2149 tuas
705 2141 715 2160 ‚
742 2105 982 2150 deserendo
996 2108 1140 2149 -Deum
1166 2116 1316 2157 tuum,
1343 2108 1456 2152 inter

73 2175 234 2221 medias
262 2191 387 2220 voces
419 2177 690 2236 objurgantis
713 2176 965 2229 obsisteres,
1004 2176 1245 2236 impudenti
1275 2178 1454 2236 quidem

74 2245 231 2301 fronte,
248 2247 382 2291 veluti
404 2246 550 2291 audita
569 2248 713 2291 divina
735 2248 1007 2300 auctoritate,
1028 2257 1070 2290 et
1087 2247 1246 2304 legeres
1264 2247 1320 2291 de
1343 2247 1454 2293 libro

74 2318 300 2362 Dominico
322 2338 329 2362 :
351 2318 463 2371 Quid
487 2333 554 2363 me
572 2328 703 2363 terres
725 2320 781 2362 de
803 2321 891 2362 Deo
915 2319 1093 2362 nostro?
1117 2318 1194 2361 nte
1217 2318 1455 2364 misericors

71 2397 156 2442 est,
182 2398 225 2433 et
248 2390 470 2432 miserator
489 2398 533 2434 et
554 2390 742 2434 multum
769 2390 1021 2433 misericors.
1044 2391 1106 2433 Ne
1136 2388 1235 2433 talia
1259 2389 1455 2434 homines

72 2457 264 2503 dicerent
283 2495 292 2513 ‚
328 2474 465 2502 unum
484 2459 666 2505 verbum
685 2459 850 2504 addidit
869 2461 911 2503 in
934 2460 1042 2513 tine,
1067 2460 1184 2520 quod
1204 2460 1278 2514 ait,
1304 2463 1356 2503 Et
1379 2475 1454 2504 ve—

123 2561 129 2576 '
151 2554 232 2586 Mina
251 2565 320 2586 xcvi
351 2555 391 2587 de
421 2556 587 2597 're-upon»
610 2573 647 2577 —
680 2563 690 2577 ²
712 2556 789 2587 Psai.
809 2567 860 2588 sn.
880 2559 911 2592 8„
939 2559 967 2586 «et
989 2566 1089 2595 cum,
1107 2556 1126 2587 8
1161 2573 1199 2578 ——
1219 2554 1231 2579 ³
1251 2556 1326 2588 Vide
1343 2558 1449 2588 ‘ri-act,

75 2620 184 2649 xxxin,
203 2611 231 2641 in
251 2612 340 2642 Joan.
