1924 3309
345 309 428 349 492
753 320 812 347 ’5.
850 318 1076 349 ΑυαυεΤιΝι
1112 320 1289 347 Episcopi

346 388 507 431 habent
549 386 769 447 pleraeque
810 387 1070 445 Symbolum
1108 396 1305 430 nostrum
1320 422 1330 442 ‚
1374 388 1538 431 habent
1577 387 1727 433 multae

343 457 606 514 Baptismum
627 466 825 501 nostrum
848 477 856 502 z
879 457 976 501 ideo
999 456 1112 499 filiae.
1142 455 1226 501 Sed
1247 457 1350 500 huic
1371 457 1571 514 mulieri,
1596 458 1728 503 vultis

341 542 486 582 nosse,
509 526 618 587 quid
640 526 934 587 alibijdictum
946 526 1016 581 sit,
1032 526 1078 570 in
1090 527 1278 572 Canticis
1298 528 1597 573 canticorum?
1615 548 1636 572 «
1659 530 1727 574 Si-

344 616 364 639 »
394 607 470 642 cut
486 597 696 642 lilium'in
718 598 861 643 medio
883 598 1122 657 spinarum,
1139 598 1198 642 ita
1210 598 1511 657 proximamea
1524 599 1571 643 in
1582 599 1727 646 medio

342 687 362 710 »
389 668 576 713 filiarum
591 671 621 713 1.
646 687 666 710 »
687 670 849 714 Mirum
871 669 1037 713 dictum
1050 703 1061 724 ,
1082 667 1255 713 easdem
1276 678 1320 713 et
1345 668 1488 729 spinas
1505 668 1613 714 dixit
1633 680 1678 715 et
1696 672 1728 715 fi

338 740 497 785 lias.Et
509 740 595 785 illae
611 742 745 800 spinae
758 740 925 785 faciunt
939 736 1206 801 pdtentiam?
1220 740 1390 787 faciunt
1406 741 1550 801 plane.
1562 744 1659 787 Non
1667 742 1729 787 vi-

338 812 447 856 detis
480 812 854 873 quemadmodum
890 821 934 856 et
966 811 1070 871 ipsae
1108 812 1291 857 haereses
1319 822 1464 867 orent,
1498 814 1697 873 jejunent
1711 848 1723 869 ,

338 881 444 927 dent
481 882 797 940 eleemosynas,
832 881 1016 926 laudent
1044 880 1296 927 Christum?
1334 886 1515 928 Possum
1552 883 1696 928 dicere
1711 919 1723 939 ,

338 967 425 996 esse
441 953 502 996 ibi
519 952 954 1013 pseudo-prophetas,
975 951 1030 997 de
1046 953 1206 1013 quibus
1224 952 1392 997 dictum
1407 962 1471 997 est
1485 972 1525 998 :«
1540 954 1727 999 Faciunt

340 1043 360 1066 »
397 1025 517 1083 signa
536 1033 580 1068 et
601 1024 799 1084 prodigia
819 1024 974 1079 multa,
995 1033 1045 1068 ut
1062 1023 1232 1079 fallant,
1255 1024 1288 1068 si
1305 1025 1398 1068 fieri
1415 1033 1574 1083 potest,
1595 1025 1724 1069 etiam

341 1112 361 1134 n
397 1093 554 1138 electos
572 1097 603 1138 ².
633 1113 653 1136 »
691 1097 802 1139 Ecce
825 1094 1004 1154 praedixi
1025 1095 1164 1139 vobis.
1196 1094 1384 1139 Faciunt
1413 1095 1653 1154 potentiam
1682 1104 1726 1140 et

337 1164 472 1224 spinae
495 1185 503 1209 ε
530 1166 585 1209 de
623 1181 709 1225 qua
729 1166 923 1224 potentia
945 1164 1107 1210 dicitur
1131 1185 1139 1210 z
1170 1184 1190 1208 «
1209 1167 1366 1210 Nonne
1383 1166 1430 1209 in
1449 1166 1625 1210 nomine
1647 1175 1725 1210 tuo

339 1255 359 1277 »
395 1236 756 1281 manducavimus
777 1245 820 1280 et
847 1236 1062 1291 bibimus,
1087 1245 1131 1280 et
1158 1237 1202 1279 in
1231 1236 1408 1280 nomine
1440 1245 1518 1281 tuo
1544 1237 1725 1282 virtutes

341 1325 360 1347 n
397 1306 553 1351 multas
569 1306 776 1351 fecimus³
793 1309 811 1349 ἱ)
830 1325 849 1348 »
867 1306 1228 1352 Manducavimus
1247 1316 1292 1351 et
1308 1308 1525 1352 bibimus⁴
1537 1342 1548 1363 ‚
1563 1323 1654 1352 non
1670 1306 1726 1352 de

337 1393 618 1438 quocumque
640 1379 738 1423 cibo
756 1378 920 1423 diceret
939 1399 948 1424 :
969 1379 1102 1423 nostis
1121 1379 1176 1423 de
1193 1395 1281 1439 quo
1299 1379 1443 1424 dicere
1464 1380 1631 1438 potuit,
1656 1377 1726 1423 vel

337 1458 460 1508 potu.
500 1451 558 1492 Et
601 1449 781 1493 virtutes
819 1447 979 1493 multas
1015 1448 1212 1493 fecimus.
1261 1449 1447 1494 Faciunt
1483 1451 1725 1509 potentiam

337 1519 487 1564 multae
506 1520 628 1574 filiae,
653 1535 742 1564 non
763 1535 972 1579 negamus
1000 1540 1008 1565 ε
1035 1529 1078 1564 et
1099 1521 1235 1580 spinae
1258 1521 1411 1566 florem
1432 1521 1620 1577 habent,
1651 1522 1726 1566 sed

337 1590 529 1635 fructum
554 1606 644 1635 non
666 1590 846 1635 habent.
873 1592 977 1635 Heec
1000 1601 1145 1636 autem
1179 1592 1249 1635 cui
1279 1591 1406 1648 dixit,
1436 1611 1456 1634 «
1484 1594 1549 1635 Tu
1578 1601 1724 1637 autem

339 1680 359 1702 »
394 1663 603 1722 superasti
625 1670 668 1706 e't
684 1662 995 1721 superposuisti
1013 1678 1178 1718 omnes,
1201 1681 1221 1703 »
1244 1663 1363 1706 unde
1381 1663 1621 1722 superavit,
1643 1663 1726 1708 nisi

337 1734 438 1793 quia
460 1749 548 1777 non
565 1733 705 1778 solum
728 1734 901 1789 florem,
929 1734 1004 1778 sed
1021 1744 1064 1778 et
1080 1733 1271 1778 fructum
1297 1734 1461 1778 habet?

394 1807 600 1849 XXVIII.
627 1808 769 1859 Quem
788 1803 981 1850 fructum
1000 1805 1165 1849 habet?
1188 1804 1313 1849 Unde
1334 1805 1586 1864 superavit?
1606 1805 1726 1849 Dica-

337 1885 408 1920 tur
425 1875 547 1918 mihi.
573 1894 593 1917 «
616 1875 1020 1934 Supereminentem
1033 1909 1044 1928 ,
1070 1875 1235 1933 inquit,
1255 1876 1371 1918 viam
1388 1874 1512 1919 vobis
1529 1875 1726 1919 demons-

340 1965 359 1987 »
395 1947 503 1990 tro⁵.
534 1964 553 1986 »
588 1948 728 1998 Quam
764 1945 1159 2003 supereminentem
1187 1943 1333 1987 viam?
1370 1944 1478 1997 Quia
1512 1943 1616 1989 inde
1645 1945 1726 1990 ista

336 2017 576 2075 superavit,
601 2016 704 2059 inde
735 2016 815 2060 ista
845 2015 1121 2074 superposuit
1146 2030 1309 2059 omnes.
1341 2034 1360 2058 «
1389 2015 1432 2060 Si
1462 2015 1622 2074 linguis
1643 2016 1726 2061 ho-

339 2106 359 2128 »
396 2087 563 2131 minum
580 2086 737 2146 loquar
748 2096 791 2130 et
807 2085 1089 2145 Angelorum,
1110 2085 1365 2130 charitatem
1380 2094 1525 2130 autem
1539 2101 1628 2130 non
1645 2087 1726 2131 ha-

340 2176 359 2198 »
395 2159 544 2212 beam,
576 2157 716 2202 faetus
739 2172 834 2201 sum
856 2166 1142 2201 aeramentum
1164 2172 1343 2212 sonans,
1373 2166 1448 2201 aut
1470 2157 1725 2214 cymbalum

339 2247 359 2269 »
394 2228 584 2272 tinniens
598 2229 629 2271 ⁰.
652 2246 671 2269 »
693 2227 909 2288 Loquitur
931 2227 1106 2286 linguis,
1127 2226 1181 2271 ad
1203 2227 1441 2286 potentiam
1462 2226 1580 2271 illam
1596 2227 1723 2273 flores

335 2300 568 2359 pertinent.
580 2300 649 2343 «Si
663 2299 791 2343 sciam
803 2299 947 2343 omnia
961 2307 1227 2343 sacramenta
1239 2308 1282 2342 et
1290 2294 1467 2342 omnem
1480 2299 1720 2355 scientiam,

339 2388 358 2410 »
394 2378 436 2413 et
456 2369 640 2413 habeam
663 2384 839 2413 omnem
864 2370 1136 2429 prophetiam
1156 2378 1198 2413 et
1220 2384 1391 2413 omnem
1409 2367 1564 2424 fidem,
1590 2369 1649 2413 ita
1672 2379 1723 2414 ut

340 2459 359 2481 »
394 2449 562 2483 montes
576 2438 846 2494 transferam,
861 2441 1042 2499 (quanta
1056 2440 1247 2499 potentia
1263 2439 1560 2497 !)charitatem
1575 2448 1721 2483 autem

339 2530 359 2552 »
395 2526 483 2554 non
496 2511 697 2566 habeam,
712 2511 821 2554 nihil
835 2526 945 2555 sum.
964 2529 984 2552 »
1003 2510 1117 2556 Audi
1135 2510 1278 2555 adhuc
1297 2509 1396 2554 alias
1412 2510 1623 2570 potentias
1635 2545 1645 2565 ,
1665 2509 1720 2554 ad

384 2615 393 2631 ¹
413 2610 488 2639 Cant
524 2620 560 2649 11,
582 2618 613 2639 τ).
630 2626 670 2631 --
687 2616 699 2631 ²
719 2609 837 2640 Matrh.
856 2620 942 2650 xxiv,
958 2608 1070 2651 92-
1090 2607 1247 2649 31d‚vu,
1264 2617 1316 2641 22.
1334 2621 1371 2631 —e
1389 2606 1403 2637 4
1424 2609 1498 2640 Luc.
1521 2617 1587 2648 xm,
1608 2608 1662 2640 ⁴26.
1677 2625 1717 2630 —

337 2664 350 2687 5
374 2676 385 2696 ι
407 2667 478 2698 Cor.
499 2675 557 2697 xii,
586 2664 636 2696 31,
660 2682 699 2687 -
721 2664 801 2696 5111.
828 2675 900 2706 xm,
928 2677 954 2696 i.
