1924 3309
455 231 512 274 74
894 239 929 271 s.
963 238 1196 271 Ausus-nm
1227 243 1411 272 131²1sc01²1

455 307 686 355 tummodo
713 307 824 353 illud
853 307 1143 368 intelligatur,
1174 308 1295 369 quod
1328 325 1404 370 per
1435 309 1632 368 linguam
1654 308 1840 354 fabrica·
1900 291 1918 370 ζ

456 396 553 424 mus
573 415 584 434 ,
609 378 685 423 sed
707 379 828 440 quod
855 379 985 424 corde
1006 389 1268 439 conceptum
1284 416 1294 434 ‚
1321 376 1451 425 etiam
1484 396 1613 440 opere
1636 381 1840 439 exprimi·
1882 394 1918 415 ’-

457 467 568 495 mus.
597 451 717 496 Sicut
734 451 848 495 enim
871 467 961 495 non
982 452 1247 496 confitentur
1270 455 1408 495 Deum
1424 487 1435 506 ,
1470 452 1547 512 qui
1569 460 1738 495 tantum
1758 451 1842 496 oris
1900 479 1918 506 μ,

456 537 563 567 sono
585 522 873 576 confitentur,
899 537 987 565 non
1011 521 1140 564 etiam
1164 521 1287 565 bonis
1310 520 1514 580 operibus
1541 541 1550 566 ;
1576 537 1678 565 nam
1701 520 1755 565 de
1777 522 1843 566 his

457 589 623 637 dictum
655 600 718 635 est
751 611 760 636 ε
790 611 810 634 «
837 592 1112 636 Confitentur
1135 591 1251 635 enim
1287 607 1331 635 se
1363 607 1488 635 nosse
1509 595 1650 636 Deum
1669 626 1680 646 ,
1721 590 1845 636 factis
1901 590 1904 595 ⁸

461 681 482 705 »
517 672 662 707 autem
683 665 889 721 negant¹.
919 680 939 702 »
973 665 1035 706 Ex
1068 677 1157 722 quo
1184 661 1463 706 manifestum
1499 671 1564 706 est
1585 662 1733 721 negari
1763 660 1845 705 ali-

457 733 563 794 quid
593 731 732 777 factis.
772 735 829 777 Et
861 732 973 776 sicut
1006 732 1116 777 illud
1145 731 1263 792 quod
1288 733 1347 776 ait
1377 733 1640 791 Apostolus:
1670 751 1691 774 «
1709 735 1846 778 Nemo

464 824 484 848 »
519 804 624 849 dicit
642 804 852 848 Dominus
869 806 1016 856 Jesus,
1041 804 1118 847 nisi
1138 804 1181 847 in
1208 803 1370 862 Spiritu
1391 807 1567 848 sancto²
1585 823 1596 848 ι
1614 822 1634 845 »
1661 819 1751 847 non
1768 819 1849 863 po·
1911 823 1914 826 ⁴

460 883 542 919 test
566 884 682 919 reete
704 873 910 933 intelligi,
945 874 1026 918 nisi
1052 874 1098 917 in
1126 872 1250 917 factis
1273 873 1415 917 dicere
1443 873 1726 931 intelligatur.
1751 876 1850 919 Non
1912 886 1913 889 ’

461 945 579 989 enim
611 945 694 989 hoc
725 945 770 988 in
802 944 964 1004 Spiritu
1005 953 1154 988 sancto
1187 944 1331 988 dicere
1360 943 1546 1003 putandi
1578 953 1704 1000 sunt,
1748 944 1850 1004 qui-

460 1015 543 1059 bus
586 1015 678 1075 ipse
706 1015 917 1059 Dominus
947 1015 1079 1070 dicit,
1118 1024 1169 1059 ut
1198 1013 1307 1074 quid
1341 1014 1449 1058 mihi
1490 1013 1631 1058 dicitis
1666 1033 1676 1059 ε
1707 1033 1728 1056 «
1759 1016 1850 1058 Do-
1912 1069 1914 1074 ι

465 1105 485 1128 »
522 1086 639 1129 mine
657 1121 668 1141 ,
707 1086 913 1140 Domine,
940 1094 983 1129 et
1015 1101 1106 1129 non
1142 1084 1280 1129 facitis
1301 1101 1401 1145 quae
1424 1083 1522 1129 dico
1549 1085 1672 1129 vobis
1688 1085 1739 1129 3?
1761 1103 1781 1127 »
1807 1093 1851 1129 et

462 1155 574 1200 illud
590 1192 601 1212 ,
625 1159 724 1202 Non
751 1157 890 1211 omnis
923 1157 998 1216 qui
1024 1157 1132 1200 mihi
1152 1156 1287 1211 dicit,
1308 1156 1490 1200 Domine
1507 1191 1518 1211 ‚
1543 1156 1727 1200 Domine
1743 1190 1755 1211 ,
1779 1156 1851 1199 in-

462 1227 594 1271 trabit
624 1228 671 1271 in
703 1242 891 1286 regnum*
924 1226 1154 1274 coelorum.
1194 1228 1262 1271 Sic
1295 1227 1426 1270 etiam
1449 1227 1526 1287 qui
1547 1227 1631 1271 hoc
1669 1226 1852 1271 verbum

462 1295 584 1357 quod
603 1297 695 1340 sine
715 1297 842 1341 venia
863 1297 958 1347 vult
979 1296 1165 1355 intelligi
1180 1296 1412 1351 Dominus,
1432 1297 1479 1340 in
1504 1296 1713 1356 Spiritum
1729 1311 1853 1342 sanc-

462 1377 558 1411 tum
578 1367 704 1422 dicit,
729 1368 813 1412 hoc
831 1377 917 1422 est,
943 1368 1019 1427 qui
1038 1367 1269 1426 desperans
1291 1366 1346 1411 de
1369 1368 1505 1426 gratia
1527 1377 1570 1412 et
1592 1383 1699 1428 pace
1720 1383 1852 1428 quam

462 1435 618 1491 donat,
643 1437 688 1480 in
710 1437 896 1496 peccatis
919 1438 1005 1481 suis
1030 1437 1391 1497 perseverandum
1414 1438 1495 1481 sibi
1517 1453 1607 1482 esse
1629 1437 1763 1493 dicit,
1789 1437 1855 1482 di-

464 1522 561 1551 cere
583 1505 893 1564 intelligendus
931 1516 995 1550 est
1017 1505 1139 1550 factis
1165 1526 1173 1552 :
1205 1516 1255 1551 ut
1276 1508 1502 1567 quomodo
1530 1507 1593 1551 illi
1615 1507 1738 1552 factis
1766 1511 1855 1552 Do-

466 1577 635 1621 minum
654 1587 832 1635 negant,
857 1578 915 1621 sic
938 1577 1007 1621 isti
1029 1578 1153 1622 factis
1176 1577 1321 1622 dicant
1341 1594 1385 1622 se
1406 1579 1452 1619 in
1473 1578 1587 1620 mala
1608 1579 1695 1620 vita
1717 1592 1794 1621 sua
1814 1588 1858 1622 et

465 1646 644 1706 perditis
678 1647 873 1689 moribus
896 1655 1273 1703 perseveraturos,
1309 1655 1352 1688 et
1386 1646 1445 1688 ita
1480 1644 1664 1702 faciant,
1689 1647 1774 1691 hoc
1794 1656 1858 1691 est

467 1724 758 1776 perseverent.
785 1715 911 1768 Quod
933 1716 966 1759 si
988 1715 1156 1760 faciunt
1175 1751 1186 1771 ‚
1212 1716 1308 1776 quis
1329 1717 1412 1775 jam
1435 1717 1643 1772 miretur,
1669 1727 1744 1763 aut
1761 1718 1858 1779 quis
1899 1730 1904 1735 ⁴

467 1801 557 1830 non
594 1784 833 1843 intelligat,
868 1795 911 1829 et
948 1786 1185 1830 Dominum
1220 1788 1368 1830 Jesum
1396 1787 1619 1831 Christum
1641 1803 1717 1847 per
1739 1788 1859 1832 illam

467 1856 852 1901 comminationem
886 1857 941 1899 ad
974 1857 1274 1915 poenitentiam
1306 1871 1477 1901 vocasse
1497 1860 1521 1901 J
1528 1858 1675 1902 udaeos
1691 1893 1703 1914 ,
1729 1868 1778 1903 ut
1800 1858 1859 1902 eis

468 1929 514 1972 in
535 1942 579 1970 se
596 1926 874 1971 credentibus
892 1927 1072 1985 gratiam
1092 1942 1334 1986 pacemque
1351 1926 1534 1971 donaret
1550 1949 1561 1986 3
1577 1938 1620 1972 et
1635 1928 1740 1973 huic
1764 1943 1860 1987 gra-

472 1999 543 2042 tiae
578 1998 760 2058 pacique
794 1998 1119 2053 resistentibus,
1154 2007 1197 2042 et
1230 1999 1314 2042 hoc
1349 1997 1481 2042 modo
1514 1999 1700 2042 verbum
1728 2008 1860 2059 atque

478 2068 789 2128 blasphemiam
811 2070 856 2112 in
888 2069 1096 2128 Spiritum
1134 2078 1333 2113 sanctum
1356 2069 1629 2125 dicentibus,
1654 2070 1738 2114 hoc
1765 2078 1829 2114 est
1846 2104 1857 2125 ,

474 2142 518 2185 in
533 2140 720 2200 pcccatis
737 2141 822 2184 suis
839 2139 1064 2200 desperata
1084 2149 1214 2200 atque
1238 2140 1369 2200 impia
1392 2141 1549 2184 mentis
1571 2141 1861 2185 obstinatione

474 2211 874 2272 perseverantibus,
899 2220 943 2256 et
965 2211 1169 2255 adversus
1199 2213 1338 2255 Deum
1371 2211 1462 2254 sine
1484 2211 1730 2255 humilitate
1753 2226 1860 2255 con-

475 2281 668 2326 fessionis
691 2291 823 2341 atque
845 2281 1113 2340 poenitentiae
1135 2280 1511 2340 superbientibus,
1548 2297 1692 2342 neque
1713 2282 1760 2325 in
1779 2282 1862 2326 hoc

476 2351 651 2407 saeculo,
670 2367 813 2412 neque
831 2352 875 2395 in
894 2350 1043 2396 futuro
1066 2352 1236 2395 veniam
1256 2366 1379 2411 posse
1396 2350 1576 2396 concedi
1590 2354 1608 2396 P
1622 2354 1730 2405 Quae
1747 2351 1783 2396 si
1803 2352 1863 2396 ita

476 2431 605 2478 sunt,
627 2421 954 2481 opportunitate
978 2421 1193 2465 tractandi
1216 2420 1270 2464 de
1290 2421 1425 2479 gratia
1448 2430 1490 2465 ct
1515 2436 1643 2480 pace,
1663 2438 1764 2481 quae
1782 2437 1864 2465 no·-

479 2493 544 2537 bis
566 2501 629 2536 est
647 2509 670 2536 a
684 2495 772 2536 Deo
795 2495 920 2536 Patre
942 2501 985 2536 et
1008 2492 1190 2536 Domino
1213 2500 1360 2536 nostro
1384 2494 1487 2535 Jesu
1499 2491 1688 2548 Christo,
1708 2506 1866 2550 magna

528 2584 537 2599 ¹
562 2577 625 2611 Tit.
644 2591 669 2620 1,
687 2581 737 2611 16.
758 2595 799 2601 -
815 2586 827 2602 ²
854 2590 865 2609 1
884 2582 956 2612 Cor.
980 2587 1038 2619 111,
1061 2577 1092 2609 3.
1110 2592 1151 2599 —-
1170 2574 1182 2599 3
1201 2577 1275 2608 Luc.
1293 2586 1337 2616 vi,
1355 2575 1410 2617 46,
1427 2580 1459 2608 et
1476 2576 1600 2610 Matth,
1621 2587 1676 2616 vn,
1697 2585 1751 2609 21.
