1924 3309
431 284 515 324 530
873 296 904 321 s.
942 292 1171 321 AUGUsTlNl
1204 294 1383 320 EPlSCOI‘l

484 360 562 402 VI.
589 359 646 401 Et
664 356 756 416 ipsa
778 356 939 406 Christi
967 366 1133 417 quanta
1168 356 1393 415 dignatio?
1423 359 1576 401 Petrus
1609 357 1687 400 iste
1704 391 1714 411 ‚
1742 356 1820 416 qui

425 429 484 473 sic
499 426 722 488 loquitur,
746 427 933 487 piscator
953 427 1037 471 fuit
1064 446 1074 472 :
1096 436 1140 471 et
1158 427 1290 471 modo
1315 442 1518 485 magnam
1539 427 1717 471 laudem
1738 427 1820 471 ha-

424 498 500 542 bet
514 507 675 552 orator,
692 497 727 541 si
749 498 939 558 potuerit
961 497 1016 540 ab
1035 495 1110 541 illo
1131 496 1520 555 intelligipiscator
1536 499 1566 540 ¹.
1585 500 1822 555 Propterea

425 567 573 628 primis
593 567 848 612 Christianis
869 567 1054 627 loquens
1071 566 1290 625 apostolus
1309 566 1470 610 Paulus
1486 567 1546 610 ait
1571 585 1580 611 :
1614 585 1632 607 «
1668 564 1823 610 Videte

427 655 447 678 »
484 638 755 683 vocationem
778 647 966 683 vestram
982 672 994 692 ,
1014 635 1168 681 iratres
1183 672 1194 693 ‚
1217 638 1321 697 quia
1344 652 1433 681 non
1456 636 1583 680 multi
1604 638 1823 695 sapientes

430 724 439 749 ›
485 709 728 754 secundum
750 723 942 764 carnem,
960 723 1049 752 non
1067 707 1195 752 multi
1219 717 1435 767 potentes,
1453 723 1543 752 non
1556 707 1683 751 multi
1698 705 1823 750 nobi-

429 796 449 820 »
485 779 547 824 les
569 798 579 824 ι
599 778 858 823 sedinfirma
876 778 1028 822 mundi
1050 778 1180 836 elegit
1204 781 1333 834 Deus,
1349 787 1398 822 ut
1411 777 1656 822 contundat
1668 775 1797 820 fortia
1813 809 1824 831 ‚

429 867 449 890 »
486 859 528 894 et
549 849 682 894 stulta
698 848 853 893 mundi
872 848 1002 907 elegit
1022 853 1134 893 Deus
1149 884 1160 902 ,
1185 859 1235 894 ut
1256 849 1501 894 confundat
1519 849 1758 909 sapientes,
1785 855 1830 890 et

427 937 447 961 »
483 919 693 979 ignobilia
712 919 866 964 mundi
879 929 922 964 et
935 918 1292 980 contemptibilia
1307 920 1438 978 elegit
1456 924 1584 975 Deus,
1601 928 1646 964 et
1659 934 1707 962 ea
1724 932 1824 978 quae

429 1008 449 1032 »
485 1006 576 1035 non
592 1000 696 1036 sunt
711 1000 921 1051 tanquam
935 990 1036 1045 sint,
1058 1000 1107 1035 ut
1124 1006 1174 1035 ea
1188 1006 1289 1051 quae
1306 999 1408 1034 sunt
1426 998 1744 1035 evacuarentur
1758 991 1823 1031 ².»

429 1062 472 1107 Si
489 1062 606 1106 enim
627 1061 828 1121 diligeret
849 1062 1047 1107 Christus
1068 1062 1270 1120 primitus
1287 1070 1507 1106 oratorem
1521 1095 1532 1116 ‚
1557 1061 1723 1104 diceret
1739 1073 1834 1103 ora-

425 1140 495 1177 tor
523 1151 533 1178 :
555 1132 831 1192 Eloquentiae
853 1147 961 1176 meae
986 1133 1144 1176 merito
1167 1132 1332 1176 electus
1353 1146 1466 1175 sum.
1494 1132 1537 1175 Si
1558 1130 1740 1189 eligeret
1767 1143 1835 1173 se-

425 1211 650 1258 natorem,
677 1202 840 1246 diceret
862 1212 1035 1246 senator
1060 1222 1069 1247 :
1102 1202 1334 1261 Dignitatis
1356 1217 1467 1245 meae
1489 1203 1645 1246 merito
1666 1201 1832 1245 electus

426 1288 539 1319 sum.
571 1276 795 1317 Postremo
815 1306 828 1329 ‚
863 1272 896 1316 si
931 1273 1049 1332 prius
1077 1272 1256 1330 eligeret
1291 1273 1622 1332 imperatorem,
1661 1271 1827 1315 diceret

427 1343 687 1404 imperator:
710 1342 939 1388 Potestatis
963 1358 1070 1386 meae
1093 1344 1248 1387 merito
1271 1343 1435 1387 electus
1452 1358 1565 1387 sum.
1592 1342 1828 1397 Quiescant

429 1423 473 1459 et
497 1414 758 1459 differantur
773 1414 843 1458 isti
859 1447 871 1470 ,
896 1413 1127 1473 paululum
1150 1414 1403 1474 quiescant3
1436 1429 1527 1458 non
1548 1414 1824 1468 omittantur,

430 1501 522 1531 non
552 1494 893 1530 contemnantur
911 1505 922 1544 3
957 1485 1034 1528 sed
1066 1485 1392 1545 aliquantulum
1427 1485 1690 1529 differantur
1707 1519 1718 1540 ,
1753 1482 1834 1544 qui

430 1565 614 1616 possunt
640 1556 814 1615 gloriari
830 1555 885 1599 de
906 1556 1160 1615 semetipsis.
1180 1559 1243 1599 Da
1264 1556 1390 1610 mihi,
1408 1555 1570 1614 inquit,
1585 1555 1711 1599 illum
1736 1554 1828 1613 pis-

433 1636 652 1683 catorem,
677 1625 733 1671 da
751 1625 857 1670 mihi
874 1624 1076 1681 idiotam,
1107 1625 1163 1670 da
1192 1625 1301 1670 mihi
1334 1625 1609 1685 imperitum,
1634 1624 1690 1669 da
1721 1623 1829 1667 mihi

436 1711 539 1742 eum
554 1732 565 1754 ‚
595 1712 697 1741 cum
719 1712 808 1757 quo
827 1712 918 1741 non
939 1697 1144 1754 dignatur
1168 1696 1292 1757 loqui
1313 1705 1487 1740 senator
1504 1730 1515 1751 ,
1546 1710 1627 1739 nec
1650 1693 1830 1755 quando
1874 1709 1876 1712 ’

439 1769 546 1813 emit
566 1768 727 1828 piscem
753 1786 763 1813 :
790 1771 962 1826 Ipsum,
987 1767 1147 1826 inquit,
1168 1768 1247 1825 da3
1267 1769 1385 1811 hunc
1405 1767 1438 1811 si
1460 1765 1723 1826 implevero,
1744 1781 1836 1810 ma·
1890 1791 1895 1797 ·

439 1839 651 1884 nifestum
672 1837 754 1882 erit
775 1837 897 1897 quod.
914 1852 994 1896 ego
1009 1837 1136 1881 facio.
1163 1839 1426 1897 Quanquam
1445 1846 1488 1881 et
1510 1845 1773 1892 senatorem,
1798 1845 1842 1880 et
1908 1891 1909 1895 Ἰ

445 1919 662 1955 oratorem
673 1943 684 1965 ‚
702 1918 746 1953 et
758 1909 1065 1967 imperatorem
1080 1922 1159 1966 ego
1180 1923 1277 1952 sum
1291 1907 1488 1952 facturus
1507 1925 1516 1952 ε
1534 1907 1840 1968 quandocum-

446 1996 533 2041 que
553 1981 750 2025 facturus
772 1994 853 2038 ego
874 1988 917 2023 et
941 1987 1190 2023 senatorem
1206 2012 1218 2034 ,
1251 1979 1329 2023 sed
1357 1979 1516 2023 certius
1549 1991 1630 2036 ego
1659 1979 1846 2037 piscato-

448 2067 555 2096 rem.
594 2056 741 2097 Potest
760 2060 931 2095 senator
953 2050 1125 2110 gloriari
1148 2051 1203 2094 de
1225 2051 1479 2109 semetipso,
1516 2058 1658 2108 potest
1680 2055 1861 2105 orator}

452 2132 595 2182 potest
632 2123 866 2182 imperator
893 2140 902 2166 :
928 2136 1018 2165 non
1055 2129 1198 2180 potest
1226 2120 1306 2164 nisi
1341 2119 1396 2163 de
1431 2119 1605 2164 Christo
1639 2119 1839 2179 piscator.
1856 2128 1860 2145 ²
1879 2130 1882 2133 ·

451 2193 610 2238 Veniat
651 2202 830 2252 propter
851 2191 1095 2236 docendam
1116 2190 1413 2234 humilitatem
1455 2188 1678 2233 salubrem
1694 2223 1705 2245 ,
1726 2189 1860 2248 prius>

457 2264 604 2309 veniat
633 2264 852 2323 piscator3
880 2277 956 2321 per
983 2262 1125 2321 ipsum
1153 2260 1307 2305 melius
1329 2259 1561 2303 adducitur
1595 2259 1861 2319 imperatore

519 2337 618 2379 VII.
643 2337 911 2379 Mementote
933 2347 1034 2392 ergo
1048 2332 1305 2391 piscatorem
1325 2340 1548 2387 sanctum,
1564 2331 1749 2391 justum,
1770 2331 1887 2380 bo-21,

466 2422 570 2450 num
589 2441 602 2462 ,
626 2406 800 2451 Christo
822 2405 1027 2465 plenum,
1053 2402 1108 2447 ad
1125 2405 1249 2463 cujus
1268 2404 1393 2447 missa
1416 2419 1493 2463 per
1509 2401 1725 2447 mundum
1747 2401 1863 2449 retia'

465 2476 702 2537 capiendus
725 2492 828 2521 cum
848 2475 1014 2520 caeteris
1038 2474 1169 2519 etiam
1190 2473 1377 2535 populus
1398 2475 1478 2520 iste
1493 2474 1718 2535 pertinuit.
1739 2475 1856 2532 Ergo

440 727 449 750 ν

516 2570 521 2585 ¹
542 2564 649 2596 Florus
668 2563 707 2596 ad
731 2574 743 2594 1
763 2565 837 2596 Cor.
857 2573 880 2595 1.
904 2578 945 2584 —
967 2568 980 2584 ²
1004 2571 1015 2593 1
1033 2562 1107 2593 Cor.
1126 2571 1150 2601 1,
1166 2559 1290 2593 26-28.
