1924 3309
395 294 478 332 444
834 309 866 334 s.
903 306 1131 336 Aucus'rmt
1166 308 1343 335 muscum

398 387 417 409 »
452 368 690 428 iniquitatis
706 371 734 412 ¹.
773 387 793 410 n
828 372 884 414 Et
925 371 1101 429 exponit
1139 385 1269 429 quarn
1306 370 1422 414 dicat
1463 370 1695 415 vanitatem
1730 379 1773 414 et

393 454 526 497 quam
544 438 777 484 dexteram.
820 443 1046 485 Dexteram
1069 440 1184 483 enim
1207 439 1443 499 iniquitatis
1465 441 1569 485 dicit
1590 439 1774 484 felicita-

394 518 482 553 tem
503 509 633 569 hujus
662 510 809 554 saeculi
836 530 844 555 ε
871 526 960 554 non
981 510 1084 568 quia
1105 524 1194 553 non
1221 509 1442 553 invenitur
1469 509 1586 569 apud
1607 510 1745 554 bonos
1761 544 1773 566 ,

392 579 468 624 sed
490 580 592 625 boni
614 582 790 641 quando
812 580 930 624 illam
953 580 1117 624 habent
1132 616 1142 635 ,
1182 581 1226 623 in
1247 579 1417 625 sinistra
1438 579 1558 623 illam
1579 581 1745 625 habent
1761 615 1773 637 ‚

393 651 543 695 nonin
560 650 748 696 dextera.
772 650 1039 695 Felicitatem
1057 659 1312 709 perpetuam
1326 650 1491 693 habent
1507 650 1552 694 in
1569 651 1744 695 dextera
1764 670 1774 695 ι

392 720 643 766 felicitatem
658 722 943 781 temporalem
958 721 1179 765 habentin
1192 721 1376 765 sinistra.
1393 720 1617 780 Cupiditas
1633 731 1779 765 autem

394 806 537 835 rerum
561 802 820 835 aeternarum
843 801 886 835 et
903 791 1118 835 felicitatis
1136 800 1326 846 aeternae,
1348 806 1438 835 non
1459 790 1591 835 debet
1612 792 1779 836 misceri

393 863 618 920 cupiditati
644 877 788 905 rerum
810 862 1136 921 temporalium,
1161 861 1207 905 id
1229 871 1308 916 est,
1329 860 1544 905 felicitatis
1557 862 1779 920 praesentis

393 940 435 974 et
461 931 720 990 temporalis.
748 935 804 975 Et
820 933 903 976 hoc
926 942 1004 986 est,
1027 932 1233 976 «Nesciat
1255 932 1422 975 sinistra
1443 941 1517 975 tua
1532 931 1639 990 quid
1654 930 1781 976 faciat

393 1001 685 1045 dexteratan.
702 1019 720 1042 »
744 1005 875 1060 Ergo,
900 1020 919 1043 «
940 1005 1123 1045 Dextera
1141 1001 1737 1060 eorumdexterainiquitatis.
1755 1019 1775 1042 »

451 1074 619 1115 XXIII.
646 1071 907 1131 Auditejam
928 1072 1152 1131 quomodo
1174 1072 1309 1116 locuti
1332 1081 1434 1116 sunt
1451 1072 1700 1126 vanitatem,
1737 1080 1780 1115 et

391 1141 613 1200 quomodo
632 1143 851 1185 dexteram
869 1143 1059 1186 habeant
1078 1143 1333 1202 iniquitatis.
1360 1142 1597 1186 Audiamus
1611 1157 1776 1196 omncs,

391 1210 567 1268 prodest
589 1212 725 1255 vobis.
753 1211 965 1265 Audiatis,
999 1227 1053 1255 ne
1076 1212 1226 1255 dicatis
1244 1227 1333 1255 non
1355 1226 1429 1255 vos
1453 1211 1620 1255 audisse
1648 1230 1656 1255 :
1677 1211 1779 1270 quia

392 1281 558 1325 dictum
573 1291 636 1325 est
657 1297 779 1325 servo
798 1301 806 1325 ε
830 1284 894 1325 Tu
918 1281 1057 1335 dares,
1083 1291 1126 1325 et
1152 1297 1231 1340 ego
1250 1282 1498 1339 exigeremss.
1518 1284 1573 1324 Et
1595 1281 1780 1325 diximus

391 1352 593 1395 hesterno
617 1352 702 1406 die,
728 1352 829 1412 quia
855 1368 931 1396 nos
954 1353 1064 1396 servi
1094 1367 1242 1396 sumus
1265 1351 1417 1395 dantes
1439 1371 1450 1407 3
1485 1351 1592 1395 alter
1613 1362 1677 1396 est
1704 1352 1780 1411 qui

391 1423 545 1480 exigat.
575 1424 746 1466 Sorores
770 1431 945 1475 nostrae,
971 1421 1169 1466 nolentes
1189 1421 1353 1475 audire,
1377 1423 1499 1481 quasi
1518 1421 1674 1465 nolunt
1691 1422 1779 1480 pati

391 1502 649 1537 exactorem.
698 1494 796 1537 Sine
820 1509 961 1548 causa,
1004 1492 1160 1536 fratres
1177 1494 1276 1546 mei,
1298 1508 1427 1536 nemo
1443 1492 1525 1536 sibi
1542 1493 1643 1537 hinc
1660 1492 1782 1536 blan-

391 1562 549 1605 diatur.
577 1562 707 1605 Aliud
730 1572 897 1606 estnon
926 1563 1154 1622 accepisse,
1198 1562 1318 1606 aliud
1345 1563 1539 1621 accipere
1574 1562 1777 1606 noluisse.

391 1634 474 1686 Qui
499 1643 665 1677 recusat
687 1633 852 1677 donum
880 1634 971 1688 Dei,
996 1635 1127 1692 ipsius
1145 1634 1426 1677 recusationis
1449 1649 1545 1677 reus
1565 1637 1777 1678 tenetur&

392 1702 619 1756 Quomodo
640 1704 753 1746 enim
777 1703 942 1747 dictum
965 1712 1027 1747 est
1060 1719 1183 1747 servo
1208 1703 1508 1762 dispensatori,
1531 1707 1675 1756 Quare
1691 1719 1781 1748 non

391 1773 574 1818 dedisti?
603 1775 670 1818 Sic
697 1773 866 1817 dicetur
891 1789 1029 1828 servo,
1055 1774 1125 1817 cui
1147 1773 1220 1817 ille
1242 1775 1404 1833 positus
1428 1784 1491 1818 est
1513 1775 1776 1834 dispensare,

392 1846 535 1896 Quare
553 1859 642 1887 non
665 1843 892 1902 accepisti?
917 1843 959 1887 Si
982 1859 1070 1886 non
1098 1842 1178 1886 fuit
1204 1844 1279 1902 qui
1294 1843 1433 1897 daret,
1460 1844 1682 1888 excusabis
1699 1854 1741 1888 te
1767 1863 1776 1889 :

390 1915 423 1957 si
445 1923 589 1956 autem
604 1923 755 1956 sonant
774 1916 988 1965 Lectores,
1005 1912 1321 1972 etiamquando
1333 1922 1481 1957 tacent
1491 1916 1774 1970 'l'ractatores‚

391 1993 434 2027 et
452 1984 613 2042 ubique
636 1982 815 2026 verbum
832 1983 906 2025 Dei
920 1982 1195 2041 praedicatur,
1217 1992 1259 2025 et
1276 1997 1375 2026 vere
1393 1982 1559 2028 dictum
1577 1993 1639 2027 est
1659 2003 1667 2028 z
1695 1987 1777 2028 «In

394 2072 414 2094 »
451 2068 622 2098 omnem
647 2062 804 2097 terram
834 2053 936 2097 exiit
957 2068 1088 2096 sonus
1110 2052 1283 2096 illorum
1299 2087 1309 2107 ‚
1345 2062 1388 2096 et
1413 2053 1529 2097 calor
1561 2055 1683 2097 verbi
1704 2055 1777 2097 Dei

394 2140 414 2164 »
451 2123 615 2182 ubique
645 2121 924 2176 diffunditur,
961 2137 1040 2166 nec
1058 2131 1122 2165 est
1144 2123 1218 2181 qui
1253 2137 1297 2166 se
1330 2122 1566 2166 abscondat
1592 2139 1615 2166 a
1637 2123 1778 2167 calore

395 2211 415 2233 »
451 2194 568 2252 ejus⁵
592 2212 599 2236 ;
629 2210 648 2233 »
672 2195 770 2237 Non
803 2193 883 2236 erit
915 2191 1022 2251 quid
1054 2191 1197 2236 dicere
1220 2192 1262 2234 in
1286 2192 1450 2251 judicio
1473 2193 1563 2236 Dei.
1606 2195 1777 2237 Fratres

393 2262 633 2316 audiamus,
660 2272 703 2306 et
726 2262 932 2306 faciamus
955 2283 966 2319 3
985 2262 1019 2306 si
1037 2261 1238 2306 volumus
1253 2262 1414 2305 habere
1435 2277 1571 2320 spem,
1592 2278 1681 2307 non
1698 2278 1776 2307 nos

392 2348 659 2377 excusemus.
682 2333 946 2392 Plerumque
967 2331 1189 2376 mendicus
1207 2346 1344 2375 unum
1361 2346 1590 2376 nummum
1608 2341 1772 2392 petens,

393 2403 446 2447 ad
467 2403 623 2447 ostium
643 2403 722 2446 tibi
745 2411 962 2461 praecepta
982 2402 1057 2445 Dei
1079 2410 1239 2446 cantat.

455 2517 461 2532 ¹
493 2510 570 2541 Psal.
594 2520 695 2550 cxmu,
719 2521 769 2542 Π,
796 2526 831 2532 -
859 2516 873 2532 ²
902 2509 1015 2541 Matth.
1042 2521 1086 2550 v1,
1106 2508 1135 2541 3.
1162 2526 1200 2532 —-
1223 2507 1235 2531 3
1261 2511 1336 2541 Luc.
1358 2520 1427 2550 xix,
1455 2507 1510 2542 23.
1533 2525 1574 2532 -—-
1602 2507 1617 2538 4
1635 2509 1715 2541 Vide
1739 2509 1772 2541 in

393 2565 474 2596 Psal.
497 2576 600 2606 xxxn,
615 2569 714 2598 Serui.
736 2577 769 2605 ιι,
793 2577 822 2596 n.
845 2575 875 2597 2.
898 2582 939 2588 --
959 2564 1067 2596 ⁵Psal.
1090 2575 1176 2603 xvni,
1195 2564 1227 2598 5.
