1867 3320
394 232 535 263 smnio
567 235 713 275 xxxn,
748 237 793 265 nv
824 235 1025 268 PSALMUM
1054 243 1199 271 cnm.
1399 233 1478 275 431

115 318 136 343 »
169 300 344 360 nipulos
370 315 502 345 suos:
530 319 550 343 »
578 301 726 346 dicent
762 303 879 347 enim
908 313 1100 365 tempore
1127 309 1269 354 messis
1299 312 1483 356 Domino

111 386 210 426 suo,
235 369 418 416 Domine
438 404 450 425 ,
483 369 715 430 adjuvante
735 381 778 416 te
810 372 993 418 fecimus
1013 376 1132 435 quod
1147 378 1326 436 jussisti,
1353 381 1484 425 redde

111 441 235 503 quod·
251 441 501 502 promisisti.

112 620 1490 646 mmmmmmmmvmmw

572 749 804 796 SERMO
841 751 1016 798 XXXII
1032 751 1061 797 ¹.

148 911 200 954 In
221 908 441 954 Psalmum
457 926 592 954 CXLIII
613 926 622 953 ε
643 907 720 953 De
748 907 895 955 Golia
916 919 962 955 et
983 909 1167 968 David,
1192 926 1252 958 ac
1269 910 1327 958 de
1347 928 1454 958 con·

616 988 796 1039 tempta
818 980 998 1026 mandi.

170 1137 206 1179 I.
219 1137 335 1180 Dssus
351 1143 395 1179 et
409 1134 621 1179 Dominus
641 1144 788 1180 noster
806 1151 960 1180 curans
982 1145 1025 1181 et
1044 1151 1199 1182 sanans
1214 1153 1386 1182 omnem
1404 1138 1494 1182 ani-

111 1219 194 1248 mae
211 1203 470 1264 languorem
485 1240 496 1261 ,
515 1204 655 1249 multa
679 1205 998 1250 medicamenta
1019 1207 1200 1266 protulit
1221 1208 1275 1251 de
1299 1209 1493 1267 Scriptu-

113 1275 168 1319 ris
189 1276 365 1332 sanetis,
380 1275 501 1320 velut
521 1275 577 1320 de
599 1267 869 1336 quibusdam*
887 1276 1076 1321 armariis
1098 1278 1204 1333 suis,
1221 1293 1319 1322 eum
1343 1278 1493 1323 lectio—

113 1361 189 1391 nes
221 1346 382 1391 divinae
413 1346 692 1406 legerentur,
739 1363 838 1407 quae
878 1363 954 1407 per
984 1349 1265 1392 ministerium
1300 1358 1495 1394 nostrum

113 1417 362 1462 adhibenda
379 1426 482 1462 sunt
500 1415 756 1462 vulneribus
778 1418 952 1462 nostris.
978 1421 1075 1464 Non
1093 1419 1207 1463 enim
1229 1420 1287 1464 sic
1310 1436 1386 1464 nos
1407 1434 1495 1464 esse

39 1495 45 1503 “
112 1489 369 1548 profitemur
390 1504 546 1548 pueros
562 1488 736 1546 medici,
754 1505 833 1549 per
854 1505 964 1550 quos
983 1489 1087 1534 alios
1106 1506 1254 1534 sanare
1276 1490 1492 1549 dignetur,

112 1568 164 1604 ut
184 1574 263 1604 nos
283 1559 363 1619 ipsi
375 1560 466 1620 jam
482 1574 571 1603 non
593 1560 831 1604 habeamus
848 1561 1129 1605 necessariam
1151 1561 1433 1606 curationem.
1454 1561 1496 1605 Si

47 1644 59 1663 ·“
114 1630 160 1674 in
181 1629 306 1674 illum
328 1629 626 1678 intendamus,
653 1631 688 1675 si
704 1631 742 1675 ei
763 1647 841 1675 nos
865 1640 955 1676 toto
978 1631 1107 1676 corde
1130 1632 1398 1690 praebeamus
1416 1647 1495 1675 cu-

17 1699 28 1711 *
48 1734 50 1739 .
114 1699 297 1756 randos,
333 1715 482 1745 omnes
511 1700 774 1745 sanabimur.
802 1700 940 1745 Multa
961 1700 1071 1744 lecta
1093 1710 1194 1745 sunt
1211 1735 1222 1754 ,
1245 1710 1288 1744 et
1311 1716 1465 1759 magna
1480 1735 1492 1755 ,

113 1779 158 1814 et
179 1770 414 1815 necessaria
437 1790 446 1816 :
477 1786 731 1832 quanquam
758 1771 818 1814 ita
845 1771 931 1814 sint
959 1770 1132 1828 omnia,
1155 1770 1230 1814 sed
1253 1780 1394 1814 tamen
1417 1771 1498 1815 alia

19 1832 23 1841 ¹
54 1874 55 1878 ,
114 1841 319 1885 secretius
340 1841 386 1885 in
412 1841 643 1901 Scripturis
666 1840 1021 1896 absconduntur,
1046 1849 1096 1884 ut
1117 1850 1358 1900 quaerentes
1377 1856 1497 1885 exer-

21 1912 47 1938 '⁴
115 1922 271 1971 ceant,
296 1912 378 1956 alia
408 1928 511 1957 vero
528 1913 573 1956 in
599 1921 807 1972 promptu
828 1922 872 1958 et
889 1913 935 1957 in
952 1912 1300 1957 manilestatione
1323 1928 1497 1972 ponun-

35 1977 38 1987 “
115 1993 209 2040 tur,
232 1992 283 2028 ut
313 1984 605 2029 desiderantes
627 1994 796 2029 curent.
827 1983 1021 2029 Psalmus
1053 1984 1124 2028 hic
1147 1999 1297 2041 magna
1319 1984 1497 2043 quidem

30 2058 39 2078 “·
115 2064 279 2099 secreta
293 2055 505 2110 continet,
521 2070 620 2114 quae
634 2055 669 2098 si
684 2054 826 2099 omnia
845 2054 1096 2113 singillatim
1112 2063 1293 2098 tractare
1311 2053 1497 2098 volueri-

32 2115 45 2179 ,Ῐ
117 2139 230 2180 mus,
241 2139 392 2169 vereor
405 2139 460 2168 ne
474 2140 564 2168 non
580 2123 688 2169 ferat
700 2125 942 2169 communis
959 2124 1181 2168 infirmitas
1197 2145 1207 2181 3
1224 2124 1310 2168 sive
1325 2133 1497 2183 propter

49 2190 51 2195 ¹
117 2205 247 2240 aestus
268 2195 541 2255 temporales,
564 2196 651 2241 s1ve
671 2205 850 2256 propter
867 2196 1058 2255 corporis
1076 2196 1200 2250 vires,
1221 2196 1306 2239 sive
1324 2206 1496 2254 propter

118 2265 416 2325 intelligentiae
442 2266 710 2322 tarditatem,
738 2267 826 2312 sive
856 2268 983 2311 etiam
1014 2266 1336 2325 propteripsam
1356 2266 1497 2310 minus

117 2336 320 2381 idoneam
353 2337 657 2381 sullieientiarn
689 2346 894 2381 nostram.
924 2340 1062 2380 Pauca
1091 2351 1192 2393 ergo
1216 2335 1316 2379 iude
1339 2335 1498 2379 deliba-

35 2454 51 2467 ρ·
120 2406 266 2451 bimus
281 2441 292 2463 ‚
319 2416 534 2468 quantum
557 2407 852 2452 existimamus
882 2408 1078 2451 sufficere
1100 2406 1242 2450 ollicio
1260 2415 1425 2459 nostro,
1459 2414 1502 2449 et

40 2491 53 2545 ᾗ
120 2477 352 2523 intentioni
373 2477 604 2523 Charitatis
625 2480 804 2523 Vestrae.

171 2580 181 2598 ¹
206 2574 294 2610 Atia·
312 2583 353 2610 20
370 2576 411 2610 de
424 2575 578 2619 Diversis,
598 2582 631 2609 et
651 2574 690 2610 31
711 2586 750 2610 ex
764 2574 903 2609 Homiliis
921 2574 973 2607 50.
