1924 3309
1900 0 1924 115 i

484 248 567 287 270
864 258 898 289 s.
946 257 1178 290 Aucus-nm
1209 261 1392 290 EPJSCOPI
1901 99 1911 359 ι

480 335 633 370 torem.
659 328 756 372 Non
778 335 841 371 est
861 326 1042 388 quidem
1071 328 1281 386 scriptum
1306 342 1396 388 quo
1427 325 1580 372 ordine
1601 326 1764 372 electus
1783 328 1864 387 sit3

479 395 555 440 sed
589 405 733 441 tamen
764 405 922 442 notum
955 407 1020 442 est
1055 406 1156 442 ante
1177 396 1302 441 illum
1325 397 1484 443 electos
1506 397 1676 456 bonos3
1700 406 1745 442 et
1778 406 1871 444 noni
1922 420 1924 423 ·

480 465 640 512 frustra
660 467 839 513 ultimus
872 476 1142 514 numeratur.
1168 470 1225 513 Et
1257 478 1356 529 post
1377 468 1554 514 Domini
1577 469 1870 515 ascensionem

480 538 683 584 omnibus
709 540 786 600 qui
819 549 942 585 erant
972 554 1062 584 uno
1089 538 1137 583 in
1157 537 1256 584 loco
1281 539 1465 599 Spiritus
1489 549 1687 596 sanctus,
1712 554 1870 586 secun-

479 608 586 654 dum
603 610 962 670 pollicitationem
983 610 1158 656 Domini
1179 610 1367 671 desuper
1386 611 1539 656 missus
1554 647 1566 667 ‚
1591 610 1762 657 infusus
1783 621 1867 659 est.

480 696 503 724 a
525 682 687 741 quibus
709 682 844 742 coepit
866 681 1059 728 Ecclesia
1078 717 1090 738 ,
1110 681 1216 727 boni
1235 691 1359 728 erant
1379 718 1390 739 ‚
1415 692 1459 728 et
1477 683 1570 728 sine
1595 682 1872 729 simulatione
1908 635 1918 1127 x

479 751 718 810 diligebant
734 756 764 797 1.
791 757 943 798 Postea
966 768 1071 813 ergo
1100 751 1322 799 simulatio
1353 754 1490 814 coepit
1522 753 1692 814 operari
1722 754 1768 798 in
1789 756 1873 799 Ec—

482 823 609 868 clesia
630 843 638 869 z
664 834 707 869 et
723 824 823 870 ideo
840 824 1015 870 dilectio
1036 825 1155 885 prior
1175 825 1360 885 peperit.
1388 825 1552 870 Triduo
1572 834 1719 870 autem
1734 827 1872 886 major

481 894 737 940 est'fructus
758 896 1030 952 dilectionis,
1055 906 1105 941 ut
1129 897 1219 957 jam
1240 897 1375 956 possit
1396 897 1573 957 agnosci
1604 897 1873 942 continentia

481 975 524 1010 et
552 967 719 1026 justitia
757 977 801 1012 et
828 968 1070 1028 expectatio
1092 967 1362 1013 futurorum.
1402 967 1630 1013 Simulatio
1651 983 1756 1013 vero
1792 967 1871 1013 etsi

481 1038 719 1097 pepererit,
742 1038 789 1083 id
811 1047 891 1094 est,
910 1039 1077 1084 etiamsi
1096 1037 1153 1083 ad
1175 1039 1380 1098 exiguum
1402 1047 1575 1098 tempus
1591 1047 1872 1117 peccatorum

484 1109 731 1154 remissione
752 1109 897 1155 laetata
919 1109 1049 1154 luerit
1063 1145 1074 1166 ‚
1100 1119 1310 1170 tanquam
1340 1125 1494 1155 somno
1513 1110 1729 1155 saecularis
1746 1110 1872 1170 cupi-

482 1179 625 1224 ditatis
649 1195 852 1240 oppressa
868 1215 880 1237 ,
905 1196 1006 1226 cum
1028 1180 1084 1225 dc
1113 1197 1187 1240 spe
1210 1181 1451 1226 coelestium
1482 1181 1650 1241 dejecta
1670 1180 1874 1241 praemio-

482 1266 579 1294 rum
603 1251 648 1296 in
669 1260 888 1298 terrenam
910 1253 1107 1313 requiem
1126 1261 1304 1312 gravato
1334 1251 1466 1298 corde
1496 1251 1700 1298 reliditur
1715 1288 1726 1309 ‚
1753 1252 1875 1313 quasi

483 1321 702 1366 dormiens
720 1323 879 1368 effocat
896 1321 1231 1382 indulgentiam,
1248 1339 1383 1383 quam
1397 1321 1618 1369 credendo
1637 1331 1869 1368 meruerat.

485 1394 606 1438 Tales
629 1403 776 1439 autem
798 1395 997 1440 homines
1019 1395 1191 1440 malunt
1209 1396 1392 1456 justitiae
1413 1396 1592 1441 nomine
1606 1431 1618 1453 ‚
1647 1411 1781 1457 quam
1797 1409 1874 1441 ve-

484 1464 609 1509 ritate
629 1465 1113 1527 gaudere3bonumque
1134 1482 1244 1526 opus
1267 1467 1457 1512 alienum
1478 1483 1557 1527 per
1579 1468 1784 1512 obscuras
1801 1465 1876 1512 fal-

483 1532 639 1594 lacias,
668 1538 791 1596 quasi
821 1553 899 1596 per
919 1546 1095 1582 noctem
1115 1538 1266 1583 vivum
1287 1537 1449 1594 filium,
1474 1538 1728 1583 mentiendo
1760 1537 1815 1583 ad
1833 1550 1876 1582 se

484 1605 716 1652 transferre
735 1618 965 1653 conantur.
992 1611 1081 1654 Nec
1102 1607 1244 1653 solum
1275 1607 1461 1653 aliorum
1498 1609 1616 1653 bona
1637 1623 1769 1669 opera
1795 1607 1922 1653 sibi

484 1687 724 1737 usurpant,
748 1679 826 1723 sed
848 1678 940 1723 aliis
969 1680 1101 1723 etiam
1125 1680 1341 1739 objiciunt
1358 1679 1520 1724 scelera
1542 1695 1619 1725 sua
1639 1682 1733 1739 (3),
1754 1677 1876 1740 quasi

485 1756 710 1792 mortuum
731 1748 872 1792 filium
895 1758 1207 1808 supponentes.

544 1819 641 1860 VII.
657 1818 845 1869 Quando
868 1827 1015 1860 autem
1037 1818 1303 1860 simulationi
1321 1826 1494 1860 tantum
1515 1818 1682 1872 licebit,
1697 1826 1748 1861 ut
1767 1786 1878 1863 falso

481 1888 660 1947 justitiae
677 1887 884 1942 nomine,
905 1886 1030 1931 nullo
1052 1886 1313 1946 prohibente
1329 1922 1344 1942 ,
1368 1886 1600 1945 glorietur,
1626 1896 1669 1933 et
1687 1886 1914 1948 spiritale

486 1958 634 2002 vivum
657 1972 792 2017 opus,
829 1955 950 2017 quod
978 1957 1068 2016 ipsa
1096 1972 1187 2001 non
1217 1957 1394 2015 genuit,
1421 1966 1464 2002 et
1490 1958 1614 2016 quod
1640 1957 1687 2002 in
1723 1973 1768 2002 se
1799 1958 1878 2004 ali-

486 2029 665 2089 quando
688 2037 900 2088 genuerat
915 2064 925 2083 ‚
951 2028 1146 2088 pondere
1176 2027 1461 2072 crudelissimi
1483 2029 1648 2088 soporis
1670 2030 1872 2086 extinxit,

485 2101 539 2145 ad
570 2098 769 2146 fallacem
786 2100 1042 2161 jactantiam
1071 2100 1257 2144 materni
1287 2100 1474 2145 nominis
1498 2100 1687 2160 applicet
1708 2100 1814 2157 sibi,
1833 2108 1875 2145 et

487 2173 645 2218 scelera
676 2189 753 2218 sua
782 2173 909 2217 bonis
939 2181 1071 2232 atque
1099 2171 1408 2217 innocentibus
1441 2172 1689 2235 objiciendo
1710 2187 1874 2233 suppo·-

486 2247 590 2288 nat?
608 2243 797 2298 Quando
820 2259 921 2302 ergo
943 2242 1162 2288 simulatio
1178 2244 1237 2287 ita
1259 2242 1462 2302 regnabit
1480 2277 1491 2298 ‚
1513 2243 1593 2288 nisi
1614 2258 1716 2288 cum
1738 2244 1874 2288 abun·
1922 2258 1924 2299 j

484 2315 605 2360 dabit
631 2316 835 2375 iniquitas
851 2351 862 2371 ‚
888 2314 935 2359 id
963 2325 1027 2360 est
1044 2351 1055 2371 ⁷
1081 2314 1276 2359 tenebrae
1300 2323 1581 2374 peccatorum
1615 2316 1738 2376 quasi
1760 2328 1871 2360 caeca
1922 2318 1924 2345 ¹

484 2394 611 2430 nocte
633 2386 962 2445 praevalebunt3
987 2396 1031 2431 et
1053 2385 1305 2445 refrigescet
1324 2384 1509 2429 charitas
1530 2385 1813 2441 multorum2,
1828 2383 1872 2429 id
1922 2387 1924 2418 ἶ

486 2465 574 2512 est,
615 2456 755 2516 operis
793 2457 993 2517 spiritalis
1030 2466 1240 2518 tanquam
1270 2455 1358 2501 vivi
1392 2456 1519 2515 pueri
1541 2465 1678 2501 mater
1707 2456 1871 2502 obdor-

487 2528 623 2572 miet?
654 2531 818 2572 Tamen
837 2530 940 2589 quia
972 2529 1033 2574 ita
1060 2527 1308 2588 refrigescet
1342 2527 1552 2585 charitas,
1576 2537 1627 2574 ut
1646 2527 1871 2588 negligen-

534 2617 543 2635 ¹
568 2611 687 2646 Matth.
705 2624 739 2654 x,
759 2611 791 2655 [4.
811 2629 853 2636 —
879 2620 892 2637 2
907 2613 953 2647 Id.
979 2623 1070 2656 xxw,
1091 2613 1147 2646 23.
