1867 3320
7 234 11 284 Ξ

6 291 10 324 ε

318 353 523 383 ΕΡῙεΤοιΑΞ
556 352 610 382 An
641 351 828 382 GALATAS
860 351 1095 382 EXPOSITIO.
1317 345 1397 383 117

7 406 185 490 {eventis
199 422 299 469 vitae
321 438 370 468 ae
387 422 662 482 negotiorum
683 436 861 466 suorum
879 420 934 465 ab
950 419 1188 479 Astrologis
1205 428 1248 464 et
1266 420 1401 465 Chal-

7 495 126 592 idaeis
142 503 313 540 notatos
335 492 427 539 dies
443 502 487 538 et
505 508 671 538 menses
687 529 699 549 ‚
719 501 763 537 et
785 508 920 538 annos
935 527 946 548 ‚
972 500 1015 537 et
1035 500 1231 551 tempora
1253 491 1403 536 obser-

25 574 139 612 vent.
165 568 360 610 Fortasse
385 573 528 608 tamen
559 579 650 609 non
671 579 779 624 opus
799 572 890 619 est,
911 571 961 608 ut
982 562 1066 608 hoc
1089 561 1144 607 de
1167 560 1403 607 Gentilium

9 594 164 705 {errore
187 635 493 694 intelligamus,
515 650 570 679 ne
592 635 882 680 intentionem
899 650 1054 689 eausae,
1070 648 1204 694 quam
1218 633 1274 677 ab
1289 648 1405 678 exor-

11 708 96 756 [dio
114 717 356 768 susceptam
379 706 434 751 ad
469 707 601 751 finem
635 722 775 767 usque
795 705 1018 766 perducit,
1044 705 1192 750 subito
1217 704 1262 749 in
1286 704 1408 750 aliud

0 800 3 827 ι
26 789 183 825 temere
203 778 465 839 detorquere
487 777 598 823 velle
621 778 875 834 videamur3
899 777 974 822 sed
996 776 1051 822 de
1068 777 1134 821 his
1157 776 1302 836 potius
1316 811 1328 832 ‚
1352 776 1407 820 de

0 853 6 934 l
24 851 178 912 quibus
212 850 414 896 cavendis
435 865 535 894 eum
557 864 681 908 agere
709 865 785 910 per
805 842 942 894 totam
960 848 1187 909 epistolam
1209 856 1402 908 apparet.

0 925 128 976 1tNam
152 932 194 968 et
216 925 240 967 J
245 923 358 967 udaei
380 921 589 966 serviliter
607 921 840 966 observant
858 920 972 975 dies,
993 930 1035 965 et
1054 935 1220 965 menses
1235 956 1250 976 ,
1271 929 1314 964 et
1334 935 1409 963 an-

0 974 122 1087 ᾗὶῃοε,
148 1001 192 1037 et
226 1002 421 1051 tempora
453 992 499 1035 in
521 990 685 1036 carnali
718 990 1018 1035 observatione
1041 990 1208 1035 sabbati
1231 999 1273 1034 et
1298 1005 1407 1034 neo-

6 1065 173 1125 ·,meniae
189 1073 232 1108 et
249 1078 395 1108 mense
409 1078 638 1118 novorum,
660 1072 703 1107 et
716 1063 900 1123 septimo
918 1077 1094 1123 quoque
1117 1077 1231 1106 anno
1253 1070 1408 1106 vocant

10 1145 11 1153 ¹
53 1135 261 1179 abbatum
275 1134 688 1187 sabbatorum.Quae
700 1134 907 1194 quoniam
921 1143 1044 1178 erant
1052 1132 1221 1177 umbrae
1237 1132 1407 1177 futuro-

18 1131 133 1267 ξιιῐη,
146 1207 237 1265 jam
251 1204 508 1250 adveniente
517 1205 689 1249 Christo
706 1205 752 1248 in
766 1205 1069 1264 superstitione
1084 1212 1401 1256 remanserunt,

18 1270 120 1344 {cum
142 1285 351 1336 tanquam
373 1275 577 1320 salutaria
602 1276 936 1320 observarentur
959 1291 980 1319 a
1004 1275 1295 1319 nescientibus
1317 1289 1406 1334 quo

43 1344 245 1391 eserenda
268 1347 353 1391 sint
375 1366 383 1391 :
408 1355 458 1390 ut
480 1356 688 1406 tanquam
717 1348 800 1391 hoc
822 1346 976 1391 dixerit
999 1344 1229 1405 Apostolus
1252 1346 1407 1389 Genti-

0 1407 13 1486 }
52 1433 101 1462 us
120 1453 131 1472 ,
156 1416 272 1471 Quid
301 1416 477 1476 prodest
509 1432 582 1461 vos
612 1418 791 1461 evasisse
823 1417 1074 1460 servitutem
1110 1431 1195 1475 qua
1231 1416 1408 1459 teneba-

0 1545 1 1548 ,
66 1488 150 1543 ini,
172 1503 273 1533 cum
295 1488 507 1532 serviretis
536 1487 763 1532 elementis
782 1487 959 1542 mundi,
981 1487 1158 1547 quando
1183 1502 1329 1530 rursus
1352 1486 1406 1531 ad

42 1558 121 1604 alia
139 1557 302 1614 reditis,
323 1557 491 1602 seducti
514 1558 568 1602 ab
587 1558 646 1603 eis
664 1559 740 1618 qui
759 1559 954 1602 nondum
978 1567 1258 1617 agnoscentes
1281 1558 1409 1602 liber-

44 1629 121 1673 atis
137 1644 227 1673 suae
249 1637 442 1688 tempus,
462 1629 575 1672 inter
590 1637 745 1672 caetera
763 1644 894 1688 opera
917 1629 1038 1686 Legis
1058 1644 1157 1688 quae
1177 1627 1407 1672 carnaliter

2 1724 23 1763 .‘
44 1700 223 1759 apium,
245 1699 373 1743 etiam
396 1698 664 1758 temporibus
681 1699 891 1754 serviunt,
917 1699 1077 1758 quibus
1099 1707 1141 1742 et
1163 1714 1237 1742 vos
1261 1713 1405 1742 rursus

1 1804 23 1824 ,2
53 1778 71 1814 t
91 1778 216 1813 antea
232 1769 390 1813 servire
407 1769 552 1824 vultis,
574 1778 617 1813 et
633 1769 859 1814 observare
882 1784 981 1812 cum
1007 1768 1064 1812 eis
1081 1768 1188 1822 dies,
1214 1777 1256 1812 et
1280 1784 1406 1812 nien-

20 1854 101 1894 2es,
123 1848 166 1884 et
185 1855 336 1895 annos,
361 1848 404 1884 et
421 1849 632 1898 tempora,
658 1840 819 1899 quibus
844 1839 1093 1883 serviebatis
1112 1848 1155 1883 et
1173 1848 1407 1898 antequam

0 1934 7 1976 ὲ
23 1928 25 1931 ·
59 1909 194 1954 bristo
215 1909 476 1953 crederetis?
498 1908 775 1954 Manifestum
797 1919 860 1953 est
882 1910 996 1952 enirn
1014 1944 1025 1963 ‚
1053 1909 1276 1954 volumina
1298 1919 1409 1953 tem-

28 2000 29 2003 *
83 1994 177 2023 rum
200 1994 276 2038 per
298 1978 511 2023 elementa
529 1979 658 2039 hujus
676 1977 845 2033 mundi,
868 1980 950 2023 hoc
974 1988 1052 2033 est,
1074 1979 1236 2024 eoelum
1262 1989 1304 2024 et
1328 1990 1406 2024 ter-

6 2065 114 2095 r‘am
139 2058 182 2093 et
206 2058 347 2094 motus
370 2060 502 2109 atque
531 2050 728 2094 ordinem
757 2050 946 2094 siderum
970 2050 1273 2095 administrari.
1300 2054 1409 2104 Quae

82 2119 251 2164 infirma
277 2138 296 2161 »
327 2119 538 2180 appellat,
564 2135 614 2164 ex
635 2135 686 2164 eo
704 2121 824 2181 quod
846 2122 1016 2165 infirma
1040 2131 1082 2165 et
1108 2121 1297 2165 instabili
1314 2138 1410 2181 spe-

51 2190 89 2235 ie
110 2191 331 2235 variantur
354 2210 362 2235 ;
389 2210 408 2232 «
435 2206 569 2250 egena
601 2210 620 2232 »
647 2207 749 2236 vero
767 2227 777 2247 ,
804 2208 852 2236 ex
877 2208 927 2237 eo
949 2192 1070 2253 quod
1092 2201 1221 2252 egent
1242 2208 1410 2238 summa

52 2268 70 2305 t
86 2260 228 2306 stabili
246 2262 386 2321 specie
402 2263 632 2317 Creatoris,
659 2272 707 2306 ut
730 2263 953 2323 quomodo
970 2273 1071 2308 sunt
1083 2299 1093 2318 ,
1121 2280 1210 2309 esse
1228 2266 1406 2324 possint.

0 2383 6 2403 J
83 2335 263 2377 XXXV.
278 2336 392 2391 Ergo
410 2333 540 2392 eligat
558 2334 692 2378 lector
710 2344 850 2379 utram
866 2334 983 2379 volet
1005 2337 1262 2381 sententiam
1282 2338 1411 2381 dum-

14 2383 29 2451 l
73 2404 158 2449 odo
191 2403 405 2463 intelligat
438 2404 491 2448 ad
525 2415 695 2450 tantum
726 2406 965 2466 perieulum
1006 2408 1160 2451 animae
1198 2409 1413 2468 pertinere

0 2519 10 2545 Ἡ
52 2475 339 2534 uperstitiosas
360 2484 606 2535 temporum
625 2477 946 2522 observationes
964 2513 975 2531 ,
998 2487 1046 2521 ut
1070 2479 1168 2523 huic
1191 2478 1286 2524 loco
1308 2480 1413 2522 sub-

0 2574 23 2619 ᾗ,
69 2548 174 2591 cerit
197 2547 428 2607 Apostolus
450 2568 457 2592 :
480 2567 499 2590 «
527 2550 675 2593 Timeo
695 2565 792 2604 VOS,
816 2566 869 2593 ne
897 2550 1005 2593 l'ortc
1023 2551 1115 2593 sine
1137 2567 1262 2595 causa
1291 2552 1414 2596 labo-

19 2619 54 2712 Ὗ
87 2619 267 2663 raverim
292 2619 335 2662 in
371 2622 489 2663 vos¹.
520 2637 539 2660 »
566 2620 695 2672 Quod
725 2635 825 2664 eum
851 2629 966 2664 tanta
1002 2620 1253 2666 celebritate
1285 2631 1418 2681 atque

21 2715 48 2736 η·
78 2702 85 2720 ¹
109 2703 209 2735 Galat.
228 2714 269 2742 tv,
294 2715 341 2734 ιι.
