1924 3309
456 254 538 292 400
885 261 919 290 s.
955 261 1186 293 Auousnm
1218 266 1399 296 El’lscol’l

451 327 557 389 quid
598 327 672 372 ille
714 329 903 386 meruit,
942 332 1017 391 qui
1048 341 1246 391 portatur
1280 333 1335 377 ad
1368 334 1578 393 gratiam,
1616 332 1725 393 quid
1759 333 1833 379 ille

450 400 634 456 meruit,
665 417 797 461 quem
831 411 967 446 mater
1001 402 1260 448 dormiendo
1292 405 1518 449 suffocat?
1549 403 1690 449 Ambo
1723 403 1835 465 nihil

448 470 555 515 boni
585 482 839 517 meruerunt
869 492 877 517 ε
912 472 987 517 sed
1029 491 1048 514 «
1082 472 1214 516 habet
1246 474 1404 531 figulus
1435 474 1517 518 luti
1545 483 1831 533 potestatem,

451 559 472 582 »
507 556 559 585 ex
591 542 739 586 eadem
777 557 913 586 massa
945 541 1085 586 facere
1114 542 1233 585 aliud
1265 558 1339 587 vas
1372 545 1416 587 in
1449 545 1683 599 honorem,
1715 542 1836 587 aliud

451 629 471 653 »
507 612 553 655 in
594 612 917 656 contumeliam.
955 629 974 652 »
1012 612 1239 671 Disputare
1283 612 1345 657 vis
1377 615 1583 657 mecum?
1623 617 1717 657 Imo
1749 613 1835 656 mi-

448 697 543 726 rare
566 698 738 727 mecum
757 717 767 737 ,
807 691 849 726 et
883 681 1073 725 exclama
1102 697 1303 727 mecum:
1333 701 1354 725 «
1378 684 1415 726 Ο
1450 681 1637 726 altitudo
1671 683 1836 727 divitia-

450 771 472 795 »
507 768 602 797 rum
623 757 633 777 ¹
654 754 700 796 1»
735 752 878 796 Ambo
903 768 1259 811 expavescamus,
1285 753 1414 797 ambo
1448 752 1685 798 clamemus
1711 772 1719 797 :
1755 772 1775 795 «
1799 754 1836 797 O

453 842 473 865 >›
510 822 965 881 altitudossdivitia1·um
986 824 993 865 i
1026 841 1045 864 »
1070 824 1214 867 Ambo
1237 823 1282 866 in
1304 839 1464 882 pavore
1497 823 1834 877 concordemus,

447 909 503 938 ne
524 894 570 937 in
592 909 736 938 errore
760 908 1002 952 pereamus.
1033 911 1054 935 «
1078 894 1115 936 Ο
1138 892 1324 937 altitudo
1345 892 1592 937 divitiarum
1615 893 1836 952 sapientiae

450 983 470 1006 »
508 973 550 1008 et
566 964 756 1008 scientiae
774 964 867 1019 Dei⁷
883 979 1015 1024 quam
1039 963 1335 1008 inscrutabilia
1357 973 1460 1007 sunt
1470 963 1635 1023 judicia
1658 960 1774 1024 ejus,
1794 973 1838 1007 et

451 1052 471 1076 »
506 1033 827 1093 investigabiles
856 1034 937 1077 viae
972 1034 1091 1092 ejus!
1133 1052 1152 1074 »
1190 1036 1389 1079 Scrutare
1411 1033 1735 1088 inscrutabilia,
1770 1032 1837 1078 fac

450 1104 729 1162 impossibilia
747 1139 757 1157 ‚
793 1119 1022 1162 corrumpe
1052 1104 1424 1163 incorruptibilia,
1455 1103 1555 1148 vide
1586 1103 1833 1148 invisibilia.

507 1176 627 1217 XIV.
659 1193 677 1214 «
705 1174 1010 1218 Inscrutabilia
1032 1184 1134 1218 sunt
1151 1175 1317 1234 judicia
1339 1176 1429 1234 ejus
1447 1209 1457 1228 ,
1484 1193 1504 1214 ³>
1534 1175 1718 1229 audisti,
1744 1173 1838 1218 suf-

448 1244 565 1288 ficiat
587 1243 666 1287 tibi
689 1262 698 1288 ε
730 1262 748 1283 «
774 1253 817 1287 et
838 1243 1158 1302 investigabiles
1179 1246 1261 1287 viae
1279 1245 1385 1303 ejus.
1411 1244 1515 1297 Quis
1538 1244 1653 1287 enim
1675 1259 1839 1303 cogno-

452 1333 472 1356 »
507 1315 569 1358 vit
584 1329 757 1357 sensum
782 1315 980 1368 Domini,
1003 1323 1078 1358 aut
1097 1315 1193 1374 quis
1215 1313 1483 1358 consiliarius
1504 1315 1594 1374 ejus
1616 1314 1731 1358 fuit?
1751 1318 1840 1359 Aut

451 1403 470 1426 »
508 1384 604 1443 quis
624 1384 741 1443 prior
776 1382 899 1427 dedit
934 1383 1028 1439 illi,
1054 1393 1097 1427 et
1130 1384 1397 1428 retribuetur
1420 1385 1522 1428 ei2?
1548 1402 1567 1424 n
1593 1385 1699 1437 Quis
1723 1385 1840 1443 prior

450 1453 596 1507 dedit,
622 1469 721 1497 cum
752 1462 895 1497 totum
927 1453 1057 1512 gratis
1080 1453 1278 1512 accepit?
1304 1473 1323 1495 «
1345 1454 1451 1507 Quis
1469 1454 1586 1513 prior
1602 1453 1725 1497 dedit
1744 1453 1836 1508 illi,

454 1543 473 1565 »
509 1534 552 1567 et
594 1524 858 1567 retribuetur
896 1524 971 1567 ei?
1015 1542 1033 1564 >s
1076 1524 1119 1568 Si
1154 1524 1362 1567 Dominus
1399 1524 1639 1567 retribuere
1676 1523 1835 1579 vellet,

449 1595 559 1638 nihil
588 1595 670 1639 nisi
699 1610 877 1654 poenam
917 1594 1113 1639 debitam
1147 1594 1432 1638 retribuisset.
1457 1593 1574 1638 Nihil
1597 1593 1836 1648 dederunt,

449 1674 500 1709 ut
521 1665 580 1708 eis
603 1664 932 1708 retribueretur.
955 1668 1072 1709 «Pro
1097 1664 1235 1708 nihilo
1265 1663 1402 1708 salvos
1425 1664 1554 1708 faciet
1576 1663 1712 1708 illos3.
1735 1665 1840 1718 Quis

456 1754 473 1777 ι)
509 1737 628 1794 prior
661 1735 782 1779 dedit
825 1735 917 1790 illi,
953 1753 972 1776 »
1008 1736 1132 1796 quasi
1165 1750 1344 1780 suorum
1381 1735 1516 1793 gratia
1552 1735 1840 1779 meritorum?

453 1824 474 1847 «
508 1806 614 1858 Quis
651 1805 768 1864 prior
803 1804 925 1849 dedit
963 1804 1051 1861 illi,
1079 1805 1220 1865 »quis
1254 1805 1466 1864 praevenit
1499 1805 1706 1862 gratiam,
1739 1820 1840 1864 quae

451 1876 582 1934 gratis
604 1876 732 1918 datur
746 1878 763 1916 ⁴?
787 1875 829 1920 Si
847 1874 1011 1930 aliquid
1032 1875 1284 1914 meritorum
1306 1873 1526 1913 antevenit
1542 1876 1738 1928 gratiam,
1750 1875 1841 1932 J'am

450 1960 539 1989 non
564 1946 694 2001 gratis
716 1945 867 1995 datur,
894 1939 970 1984 sed
992 1956 1042 1984 ex
1067 1941 1217 1985 debito
1242 1939 1455 1984 redditur.
1482 1941 1523 1986 Si
1541 1951 1686 1986 autem
1709 1944 1838 2000 gratis

450 2029 540 2058 non
563 2013 716 2067 datur,
742 2011 877 2070 gratia
899 2027 1033 2070 quare
1055 2013 1266 2056 vocatur?
1288 2030 1307 2053 «
1333 2012 1439 2064 Quis
1454 2026 1555 2070 ergo
1578 2013 1694 2072 prior
1716 2012 1838 2058 dedit

453 2102 474 2126 »
509 2083 573 2127 illi
590 2119 601 2138 ⁷
627 2092 669 2127 et
699 2082 966 2126 retribuetur
989 2082 1061 2124 ei?
1095 2083 1311 2135 Quoniam
1334 2097 1385 2126 ex
1408 2083 1501 2142 ipso
1529 2093 1572 2127 et
1600 2099 1676 2143 per
1697 2083 1840 2144 ipsum

453 2174 475 2197 »
511 2164 554 2198 et
575 2155 621 2199 in
638 2154 730 2213 ipso
753 2162 856 2197 sunt
877 2152 1064 2196 omnia4.
1081 2170 1100 2193 »
1127 2155 1235 2206 Quae
1255 2152 1408 2212 utique
1424 2188 1435 2207 ‚
1461 2153 1542 2197 nisi
1562 2155 1707 2197 omnia
1726 2155 1841 2199 bona

451 2241 551 2285 quae
567 2225 621 2268 ab
641 2223 716 2268 illo
731 2223 988 2282 accepimus,
1004 2232 1047 2266 et
1065 2223 1309 2281 accepimus
1325 2232 1374 2267 ut
1391 2223 1496 2267 boni
1518 2224 1650 2267 simus
1666 2226 1684 2266 ⁶?
1699 2225 1840 2269 Omne

453 2296 568 2340 enim
592 2294 743 2338 datum
770 2294 985 2353 optimum
1001 2328 1011 2347 ‚
1037 2302 1080 2336 et
1110 2307 1240 2336 omne
1262 2292 1429 2336 donum
1452 2293 1696 2352 perfectum
1716 2329 1727 2349 ‚
1759 2294 1839 2338 de-

453 2381 622 2412 sursum
646 2375 709 2409 est
732 2364 997 2409 descendeus
1019 2380 1042 2407 a
1065 2367 1190 2407 Patre
1207 2361 1442 2418 luminum,
1462 2364 1577 2423 apud
1604 2381 1734 2425 quem
1754 2381 1840 2410 non

453 2448 519 2483 est
540 2437 784 2481 immutatio
802 2437 833 2479 ⁵,
859 2438 968 2481 Nam
988 2444 1034 2478 tu
1055 2434 1100 2477 in
1121 2435 1245 2495 pejus
1265 2444 1455 2479 mutatus
1477 2450 1520 2480 es
1543 2454 1552 2480 ;
1572 2436 1691 2496 apud
1708 2451 1840 2496 quem

502 2543 511 2556 ¹
538 2538 628 2567 Rom.
650 2545 695 2573 xi,
711 2533 765 2566 33.
792 2549 833 2555 —
854 2539 866 2555 ²
885 2532 968 2565 lbid.
993 2531 1047 2573 34,
1071 2530 1171 2564 35.-
1187 2529 1200 2554 3
1220 2532 1299 2564 Psal.
1323 2543 1376 2573 ιν,
1402 2531 1487 2565 8.-
1503 2530 1518 2562 -i
1536 2535 1626 2566 Rom.
1648 2544 1693 2575 xi,
1709 2533 1764 2575 35,
1782 2533 1836 2566 36.

456 2607 497 2613 --
519 2588 660 2623 5Jacob.
682 2601 706 2630 1,
729 2598 780 2630 17.
