1867 3320
286 268 424 295 sunno
456 267 583 306 xxw,
618 270 672 296 DE
705 269 850 297 vznms
881 268 1031 298 psum
1063 272 1170 300 xcur.
1334 265 1415 304 393

42 334 128 387 Qui
144 332 197 377 de
213 332 396 391 Paganis
413 343 667 388 nascuntur,
683 334 737 378 ab
754 334 847 393 ipso
865 332 968 378 facti
979 344 1093 389 sunt,
1110 336 1271 396 abipso
1288 342 1417 384 creati

42 413 168 460 sunt3
185 412 228 447 et
244 418 333 447 non
351 411 454 446 sunt
470 402 658 461 populus
677 405 767 462 ejus
779 439 789 458 ‚
810 412 853 447 et
870 419 970 447 oves
982 419 1153 463 pascuae
1168 408 1275 466 ejus.
1293 410 1419 453 Com·

41 473 185 517 munis
207 482 270 516 est
291 473 494 516 omnibus
516 482 669 516 natura
683 508 693 525 ‚
719 489 808 517 non
826 474 974 531 gratia.
1001 476 1162 517 Natura
1182 492 1267 520 non
1292 489 1418 535 pute-

41 553 113 588 tur
130 543 264 601 gratia
285 563 296 599 3
320 542 394 586 sed
426 551 469 586 et
491 543 523 586 si
545 551 725 601 putetur
747 544 904 601 gratia,
940 542 1038 587 ideo
1058 553 1235 602 putetur
1259 549 1390 604 gratia
1406 583 1417 603 ,

40 614 142 672 quia
165 622 206 656 et
223 613 313 671 ipsa
339 612 467 670 gratis
487 627 689 656 concessa
711 621 788 656 est.
815 615 910 657 Non
944 614 1057 656 enim
1087 615 1217 658 homo
1237 617 1312 674 qui
1334 632 1422 660 non

40 691 132 726 erat
147 682 389 741 promeruit
411 690 460 724 ut
478 690 600 725 esset.
630 682 672 726 Si
695 682 950 740 promeruit,
965 684 1054 742 jam
1074 693 1164 727 erat
1185 703 1194 727 :
1215 685 1289 727 sed
1310 700 1421 729 non-

40 754 147 797 dum
169 761 273 796 erat.
300 755 417 810 Ergo
440 752 515 811 qui
533 762 827 810 promeretur,
853 769 941 797 non
958 763 1049 797 erat
1070 775 1080 810 3
1103 764 1145 798 et
1160 764 1307 798 tamen
1330 755 1421 800 fae·-

39 832 108 867 tus
123 832 187 866 est
205 841 213 867 :
239 837 319 866 nec
336 830 386 865 ut
407 836 563 880 pecora
578 821 718 867 factus
739 832 829 877 est,
856 839 936 867 ηερ
953 833 1001 867 ut
1019 824 1147 868 arbor
1170 824 1308 868 factus
1330 834 1418 880 est,

38 908 118 936 ηερ
136 901 184 936 ut
201 907 352 936 saxum
374 891 512 936 tactus
530 902 592 936 est
608 915 620 950 3
639 892 712 936 sed
736 891 874 937 factus
892 902 955 937 est
968 893 1023 937 ad
1040 894 1273 953 imaginem
1292 897 1425 941 Crea-

40 962 145 1007 toris
161 964 190 1003 ¹.
220 965 313 1007 Hoc
334 963 597 1007 beneficium
623 964 719 1022 quis
749 963 901 1007 dedjt‘?
932 967 1043 1007 Deus
1072 966 1148 1023 qui
1167 974 1257 1008 erat
1273 1000 1283 1019 ,
1309 975 1352 1009 et
1373 982 1423 1009 ex

38 1041 201 1077 aeterno
223 1042 328 1083 erat,
351 1033 432 1077 Cui
462 1033 610 1078 dedit?
635 1034 810 1078 Homini
833 1033 908 1093 qui
937 1034 1134 1078 nondum
1165 1044 1268 1078 erat.
1300 1034 1425 1078 Dedit

36 1103 113 1163 qui
134 1112 225 1147 erat
240 1138 250 1157 ‚
286 1103 453 1162 accepit
473 1104 550 1163 qui
587 1119 676 1148 non
699 1113 805 1148 erat.
843 1104 948 1157 Quis
989 1113 1133 1147 autem
1170 1104 1252 1148 hoc
1285 1102 1424 1148 facere

38 1174 181 1234 potuit
196 1209 206 1228 ‚
232 1174 313 1218 nisi
336 1175 412 1233 qui
436 1184 561 1219 vocat
583 1190 631 1219 ea
656 1191 755 1236 quae
778 1185 867 1220 non
891 1184 1014 1229 sunt,
1034 1184 1241 1234 tanquam
1265 1190 1312 1218 ea
1326 1191 1424 1234 quae

39 1246 165 1288 sunt²
181 1246 199 1288 P
213 1247 275 1288 De
289 1260 379 1304 quo
397 1245 502 1288 dicit
514 1245 748 1304 Apostolus
767 1264 775 1289 ε
795 1264 814 1286 «
830 1245 911 1298 Qui
925 1260 1000 1289 nos
1016 1243 1144 1303 elegit
1160 1255 1258 1288 ante
1271 1245 1424 1289 mundi

44 1332 64 1355 »
99 1315 454 1359 constitutionem
471 1316 503 1358 3.
534 1333 552 1355 »
579 1314 719 1373 Elegit
741 1325 840 1359 ante
858 1314 1011 1358 mundi
1033 1315 1384 1359 constitutionem
1411 1335 1418 1359 :

40 1384 85 1427 in
102 1383 269 1428 mundo
289 1384 370 1428 isto
389 1383 491 1428 facti
505 1399 669 1439 sumus,
692 1400 773 1428 ηερ
789 1384 986 1428 mundus
1008 1394 1101 1428 erat
1117 1385 1424 1444 quandoelecti

39 1468 202 1498 sumus.
228 1453 471 1498 Ineffabilia
490 1453 700 1498 mirabilia
721 1489 732 1508 ,
758 1453 910 1498 fratres
933 1454 1032 1497 mei.
1055 1455 1160 1507 Quis
1183 1455 1265 1498 hoc
1287 1454 1423 1513 expli-

38 1539 134 1568 care
156 1524 406 1568 suffecerit?
429 1525 526 1583 quis
547 1523 699 1568 saltem
723 1524 844 1584 quod
873 1525 1072 1583 explicet,
1091 1525 1308 1583 cogitare?
1332 1524 1424 1568 Eli-

37 1604 198 1653 guntur
220 1596 296 1655 qui
320 1611 409 1639 non
435 1605 536 1639 sunt
560 1615 570 1641 2
595 1611 674 1639 nec
688 1605 800 1640 errat
817 1596 892 1655 qui
906 1594 1041 1654 eligit,
1065 1612 1144 1640 ηερ
1161 1612 1270 1640 vane
1288 1595 1419 1653 eligit.

36 1665 168 1723 Eligit
184 1674 328 1709 tamen
345 1700 356 1719 ,
383 1674 426 1709 et
448 1666 579 1709 habet
601 1666 782 1720 electos,
802 1681 911 1725 quos
933 1675 1154 1710 creaturus
1173 1675 1236 1709 est
1257 1665 1423 1724 eligen—

36 1735 114 1780 dos
140 1755 148 1780 :
174 1736 308 1780 habet
324 1746 469 1780 autem
493 1737 610 1795 apud
631 1752 676 1780 se
698 1737 837 1795 ipsum
854 1771 864 1790 ‚
890 1751 978 1780 non
1002 1736 1046 1780 in
1062 1746 1215 1781 natura
1229 1752 1327 1791 sua,
1350 1735 1425 1780 sed

0 1797 2 1875 l
36 1806 81 1849 in
97 1806 365 1865 praescientia
392 1822 483 1850 sua.

0 2233 6 2359 ἰ

0 2379 7 2432 ¹.

8 2572 12 2607 l

96 1877 148 1918 V.
170 1877 287 1932 Ergo
309 1875 443 1918 nolite
463 1872 610 1918 extolli
639 1892 646 1917 ε
675 1874 871 1917 homines
893 1889 1070 1931 sumus3
1095 1880 1190 1932 Ipse
1208 1876 1312 1920 fecit
1330 1892 1421 1920 nos.

37 1947 94 1989 Et
115 1944 264 1988 fideles
301 1959 450 1988 sumus
475 1962 484 1987 ε
513 1944 546 1988 si
571 1953 715 1987 tamen
747 1958 893 1986 sumus
913 1977 923 1996 ‚
960 1943 1136 2001 quando
1165 1944 1242 1987 ista
1276 1955 1424 1988 contra

38 2016 220 2074 gratiam
243 2013 515 2073 disputamus
542 2033 551 2058 ;
577 2014 652 2057 sed
689 2028 787 2057 ecce
809 2012 956 2056 fideles
990 2028 1168 2069 sumus3
1209 2015 1335 2056 etiam
1374 2016 1425 2057 fi-

37 2085 176 2140 deles,
202 2086 331 2129 etiam
350 2086 509 2144 justos,
535 2085 635 2144 quia
653 2086 795 2144 justus
823 2098 872 2126 ex
897 2082 981 2127 side
1004 2084 1105 2127 vivit
1124 2086 1136 2108 ⁴
1158 2103 1165 2127 :
1198 2104 1216 2124 «
1243 2086 1336 2142 Ipse
1361 2084 1423 2128 fe-

38 2155 99 2199 cit
120 2170 198 2199 nos
214 2189 225 2209 ‚
247 2164 291 2198 et
318 2170 406 2198 non
431 2155 509 2213 ipsi
541 2169 633 2198 nos.
667 2173 685 2195 υ
713 2157 871 2207 Quaero
893 2155 998 2213 quid
1026 2169 1102 2197 nos
1127 2154 1304 2197 fecerit?
1329 2155 1425 2198 Dic-

40 2233 163 2268 turus
206 2239 249 2268 es
266 2259 276 2279 ‚
329 2225 548 2268 Homines.
594 2226 691 2269 Non
742 2223 843 2267 inde
896 2223 1089 2267 Psalmus
1133 2224 1392 2283 loquebatur
1411 2260 1422 2277 ‚

37 2294 149 2339 illud
170 2295 354 2350 scimus,
381 2294 488 2339 illud
513 2304 665 2340 notum
696 2304 785 2350 est,
815 2293 923 2338 illud
951 2303 1067 2353 patet
1099 2314 1107 2338 z
1136 2310 1214 2338 nee
1241 2310 1393 2352 magna
1412 2331 1421 2346 ,

39 2375 88 2410 ut
135 2366 218 2409 hoc
261 2366 507 2410 noverimus
525 2402 534 2418 ,
587 2366 782 2409 doctrina
825 2364 1066 2422 indigemus
1091 2400 1100 2418 ,
1142 2366 1241 2424 quia
1286 2366 1426 2408 homi-

12 2418 114 2490 lnes
147 2436 236 2494 ipse
269 2451 346 2480 nos
385 2435 502 2480 fecit.
548 2437 631 2480 Sed
668 2435 784 2479 unde
818 2435 1106 2493 loquebatur,
1148 2434 1245 2478 vid«-
1279 2455 1285 2478 :
1334 2439 1424 2494 lpse

40 2503 142 2550 fecit
174 2521 251 2550 nos
268 2540 278 2560 ‚
304 2514 347 2549 et
379 2521 468 2550 non
490 2507 570 2565 ipsi
593 2521 685 2550 nos.
713 2504 827 2558 Quid
850 2520 926 2548 nos
954 2504 1055 2548 l'ccit
1071 2539 1082 2559 ,
1108 2505 1186 2548 nisi
1210 2504 1327 2564 quod
1350 2520 1423 2548 su-

89 2596 95 2610 ¹
117 2589 219 2621 Flornc
237 2590 380 2621 acinam,
403 2601 444 2622 iv.
470 2608 508 2612 -—
529 2597 540 2613 ²
563 2593 637 2620 Rom
669 2603 711 2626 iv,
740 2601 786 2630 ιτ.
811 2607 814 2609 -
867 2587 878 2608 ³
902 2588 1012 2629 Eplies.
1037 2601 1056 2622 ι,
1079 2589 1108 2630 4.
1180 2587 1187 2617 ἰ
1212 2592 1296 2619 nom.
1323 2600 1342 2624 ι,
1372 2600 1404 2628 ιτ
