1924 3309
445 284 498 319 20
767 293 772 299 ·
873 289 905 317 s.
944 289 1173 318 Aucus-nm
1206 290 1385 316 Emscom

443 375 462 397 »
499 364 580 399 test
600 373 610 399 2
639 373 660 395 »
685 354 906 414 quomodo
923 363 1037 398 recte
1059 354 1273 397 diceretur
1291 387 1302 408 ,
1327 352 1471 396 nivem
1493 366 1581 395 non
1601 364 1723 409 posse
1745 363 1817 392 ca·-

437 424 596 479 lefieri,
627 439 770 483 neque
793 424 907 467 enim
930 432 1071 482 potest
1090 444 1101 480 3
1125 423 1201 466 sed
1222 438 1323 467 cum
1345 421 1543 466 adhibito
1565 419 1706 464 calore
1728 418 1816 462 sol-

439 494 579 549 vitur,
619 503 663 537 et
698 493 870 538 calescit
902 509 1014 554 aqua
1034 528 1045 549 ,
1079 494 1170 552 jam
1205 508 1334 538 nemo
1366 500 1508 551 potest
1545 505 1641 534 eam
1673 489 1817 533 nivem

438 562 595 607 dicere.

511 636 560 676 L.
601 631 731 684 Quod
757 641 904 676 autem
938 632 997 675 ait
1019 650 1027 675 :
1053 649 1073 673 «
1098 632 1266 690 Corpus
1293 630 1471 691 quidem
1501 637 1724 673 mortuum
1749 635 1818 688 *est

440 720 461 743 »
496 709 672 760 propter
695 710 922 761 peccatum
939 736 949 754 ,
974 701 1147 759 spiritus
1169 710 1317 744 autem
1337 700 1424 744 vita
1446 707 1510 743 est
1530 706 1708 757 propter
1723 698 1818 757 jus-

440 788 460 811 »
496 771 662 815 titiam¹
687 789 696 815 :
716 773 882 830 Corpus
904 779 1163 814 mortuum»
1185 769 1360 824 dicitur,
1376 767 1574 813 mortale.
1600 770 1665 811 Ex
1686 766 1817 825 ipsius
1879 774 1888 780 ‘

435 841 552 884 enim
587 840 848 885 mortalitate
880 839 1117 898 indigentia
1150 855 1295 884 rerum
1321 849 1591 883 terrenarum
1613 836 1819 881 sollicitat

435 910 649 965 animam,
681 919 723 954 et
752 908 951 969 quaedam
987 909 1197 954 desideria
1225 910 1381 954 excitat
1401 944 1411 964 ,
1448 908 1606 967 quibus
1629 907 1685 951 ad
1711 921 1817 966 pec-

436 978 627 1023 candum
648 994 738 1023 non
755 980 1027 1038 obtemperat
1049 979 1124 1038 qui
1140 980 1231 1039 jam
1253 988 1398 1023 mente
1415 979 1544 1022 servit
1563 977 1669 1035 Legi
1687 977 1779 1020 Dei.

514 1050 587 1092 LI.
613 1047 743 1101 Quod
775 1057 922 1092 autem
951 1049 1009 1092 ait
1030 1068 1040 1093 2
1067 1067 1086 1090 «
1114 1049 1157 1093 Si
1178 1049 1351 1108 spiritus
1375 1050 1466 1108 ejus
1492 1048 1570 1107 qui
1599 1046 1820 1091 suscitavit

438 1134 460 1160 »
495 1119 643 1161 Jesum
664 1118 885 1162 Christum
908 1134 931 1162 a
948 1117 1130 1162 mortuis
1144 1152 1155 1173 ,
1177 1118 1412 1163 vivificabit
1434 1127 1477 1162 et
1497 1117 1697 1161 mortalia
1720 1132 1818 1161 cor—

438 1205 459 1229 »
494 1202 599 1245 pora
615 1196 756 1231 vestra
772 1203 849 1246 per
868 1187 1188 1231 inhabitantem
1209 1188 1417 1246 Spiritum
1438 1190 1530 1247 ejus
1549 1187 1594 1230 in
1615 1186 1740 1231 vobis
1754 1188 1815 1229 ².»

439 1258 536 1300 Jam
558 1266 763 1315 quartum
793 1255 973 1314 gradum
997 1256 1264 1300 demonstrat
1296 1272 1346 1299 ex
1366 1256 1448 1300 illis
1470 1266 1659 1316 quatuor
1676 1291 1687 1311 ‚
1712 1270 1821 1316 quos

437 1325 633 1384 superius
661 1324 948 1369 distinximus.
973 1324 1058 1369 Sed
1076 1325 1232 1382 gradus
1263 1325 1342 1369 iste
1364 1325 1410 1368 in
1431 1326 1512 1369 hac
1529 1326 1616 1370 vita
1637 1340 1728 1369 non
1749 1326 1820 1370 in-

437 1395 623 1440 venitur.
651 1395 842 1437 Pertinet
860 1394 976 1437 enim
999 1393 1054 1437 ad
1074 1409 1193 1452 spem
1215 1410 1302 1454 qua
1325 1404 1599 1453 expectamus
1622 1395 1822 1455 redemp-

441 1464 604 1509 tionem
635 1463 825 1522 corporis
853 1462 1016 1518 nostri,
1052 1462 1231 1521 quando
1259 1465 1541 1523 corruptibile
1564 1466 1647 1509 hoc
1669 1464 1824 1510 induet

439 1534 833 1593 incorruptionem,
854 1542 898 1577 et
920 1531 1103 1577 mortale
1125 1534 1208 1577 hoc
1226 1533 1379 1578 induet
1400 1534 1771 1579 immortalitatem
1786 1537 1818 1579 3.

438 1605 508 1650 lbi
537 1621 619 1664 pax
648 1603 837 1663 perfecta
878 1612 963 1658 est,
994 1604 1095 1663 quia
1132 1603 1242 1648 nihil
1272 1603 1569 1649 molestiarum
1592 1605 1735 1649 anima
1767 1604 1822 1649 de

439 1689 619 1733 corpore
636 1673 800 1733 patitur
814 1674 907 1732 jam
927 1672 1165 1727 vivificato,
1191 1682 1234 1716 et
1256 1673 1302 1716 in
1323 1673 1545 1719 coelestem
1567 1674 1823 1734 qualitatem

441 1746 687 1788 immutato.

500 1815 596 1856 LII.
629 1809 758 1864 Quod
792 1818 939 1854 autem
965 1809 1052 1853 ait:
1083 1811 1219 1856 «Non
1241 1811 1357 1854 enim
1380 1812 1602 1871 accepistis
1625 1813 1823 1872 spiritum

446 1901 466 1924 »
502 1881 716 1926 servitutis
739 1880 785 1923 in
806 1880 1004 1923 timorem
1022 1914 1032 1934 ,
1059 1879 1135 1923 sed
1157 1881 1377 1939 accepistis
1401 1882 1598 1940 spiritum
1621 1881 1823 1942 adoptio-

446 1972 465 1995 »
502 1953 566 1996 nis
588 1950 777 1996 filiorum
795 1985 805 2005 ‚
830 1950 877 1993 in
897 1965 985 2010 quo
1012 1949 1272 2005 clamamus,
1298 1952 1425 1995 Abba
1440 1987 1450 2006 ,
1477 1955 1603 1996 Pater
1618 1953 1632 1978 ⁴
1647 1987 1658 2007 ‚
1689 1970 1708 1994 »
1735 1953 1825 1998 evi-

445 2022 692 2067 dentissime
719 2021 907 2065 duorum
947 2023 1322 2066 Testamentorum
1353 2021 1554 2066 distincta
1576 2031 1678 2066 sunt
1710 2032 1825 2067 tem-

447 2108 569 2154 pora.
594 2092 710 2136 Illud
732 2091 847 2135 enim
868 2089 923 2134 ad
944 2090 1145 2134 timorem
1172 2092 1359 2150 pertinet
1374 2127 1385 2147 ‚
1409 2095 1581 2138 Novum
1602 2103 1747 2137 autem
1770 2093 1826 2138 ad

449 2163 717 2207 charitatem.
745 2159 829 2206 Sed
847 2159 1056 2220 quaeritur
1073 2161 1170 2220 quis
1188 2170 1237 2205 ut
1257 2162 1429 2219 spiritus
1450 2163 1696 2207 servitutis?
1717 2167 1826 2209 Nam

449 2233 622 2293 spiritus
645 2230 888 2290 adoptionis
910 2229 1099 2274 filiorum
1115 2265 1126 2285 ,
1162 2231 1313 2290 utique
1346 2233 1528 2291 Spiritus
1550 2243 1722 2278 sanctus
1745 2243 1822 2279 est.

453 2303 634 2363 Spiritus
655 2317 756 2360 ergo
778 2300 993 2346 servitutis
1016 2302 1061 2345 in
1084 2301 1259 2356 timore,
1286 2301 1359 2346 ille
1389 2312 1452 2346 est
1473 2304 1548 2363 qui
1569 2313 1828 2363 potestatem

453 2374 587 2418 habet
607 2371 755 2416 mortis
773 2391 784 2427 3
805 2371 906 2430 quia
926 2371 1018 2429 ipso
1040 2371 1194 2415 timore
1218 2386 1292 2429 per
1314 2381 1448 2416 totam
1472 2374 1603 2417 vitam
1626 2375 1685 2417 rei
1706 2383 1828 2419 erant

455 2441 669 2487 servitutis
691 2441 768 2499 qui
784 2441 864 2483 sub
889 2444 998 2498 Lege
1019 2440 1230 2497 agebant,
1256 2457 1346 2485 non
1363 2443 1443 2485 sub
1469 2444 1616 2501 gratia.
1639 2447 1726 2488 Nec
1744 2445 1829 2488 mi-

455 2529 551 2557 rum
574 2511 773 2571 estquod
794 2527 892 2555 eum
916 2521 1176 2570 acceperunt
1199 2527 1274 2570 per
1304 2511 1493 2557 divinam
1513 2513 1828 2572 providentiam

508 2603 514 2619 ¹
536 2599 624 2628 Rom.
642 2605 706 2636 vin,
731 2605 778 2627 10.
800 2610 840 2616 --
862 2599 873 2616 ²
897 2593 976 2626 lbid.
1004 2603 1054 2626 11.
1082 2607 1117 2616 —‘
1139 2592 1152 2617 3
1176 2606 1187 2626 1
1207 2597 1277 2627 Cor.
1303 2606 1357 2636 xv,
1372 2596 1424 2628 53.
1442 2613 1482 2619 ——
1501 2596 1514 2627 l,
1532 2600 1618 2629 Rom.
1643 2609 1711 2639 vni,
1735 2599 1781 2631 is).

1912 161 1918 439 ἱ
