1924 3309
443 261 526 296 '220
879 267 911 297 ς.
949 268 1179 299 Auousrrm
1216 271 1393 299 EPISCOPI

443 336 556 380 labat
579 336 795 381 Abraham
814 372 824 392 ,
859 337 1038 397 quando
1060 348 1320 396 apparuerat
1352 353 1454 382 cum
1493 339 1692 394 duobus,
1736 348 1827 384 tan-

439 422 571 467 quam
593 408 789 453 Christus
823 424 923 452 cum
947 408 1123 467 Angelis
1153 410 1253 452 suis.
1278 408 1361 454 Sed
1385 409 1492 470 quid
1514 409 1679 467 agimus
1695 445 1706 466 ‚
1727 412 1828 471 quia

439 495 539 523 cum
557 479 646 524 duo
668 480 945 524 mitterentur
961 479 1012 524 ad
1033 479 1265 525 Sodomam
1286 490 1541 541 apparentes
1558 479 1680 525 fratri
1694 482 1828 528 Abra-

438 551 506 594 hae
529 553 653 606 Lot¹,
675 560 718 595 et
739 551 828 610 ipse
849 551 1043 610 agnoscit
1063 550 1108 593 in
1133 551 1192 594 eis
1216 551 1487 595 divinitatem
1507 572 1518 609 3
1541 561 1584 596 et
1600 568 1702 597 cum
1719 551 1828 598 duos

436 620 605 676 videat,
637 623 870 666 Dominum
900 621 1121 681 appellat?
1148 623 1204 665 Et
1232 621 1305 665 ille
1333 622 1377 666 in
1400 622 1540 665 tribus
1562 623 1824 679 Dominum,

435 700 478 736 et
498 693 543 736 in
561 691 735 736 duobus
751 692 824 735 ille
843 692 1092 736 Dominum.
1111 693 1174 737 Ne
1191 706 1439 751 separemus
1453 707 1556 751 ergo
1571 693 1827 740 Trinitatem

435 772 478 807 et
500 763 708 808 iaciamus
729 764 775 808 in
804 763 990 808 Sodoma
1019 762 1296 819 dualitatem,
1322 773 1432 824 puto
1451 764 1573 824 quod
1591 765 1745 809 melius
1764 765 1825 810 in·

438 833 698 893 telligimus,
729 835 829 895 quia
864 837 1009 879 Patres
1041 835 1177 879 nostri
1204 835 1437 880 Dominum
1461 835 1506 879 in
1538 835 1712 893 Angelis
1750 850 1826 894 ag·-

434 906 696 961 noscebant,
727 906 998 950 habitantem
1026 907 1070 950 in
1091 906 1364 951 habitatione
1382 906 1687 965 intelligebant
1705 928 1716 965 3
1736 922 1825 952 non

433 977 708 1035 portantibus
727 1012 737 1032 ,
757 976 833 1020 sed
854 976 1057 1021 insidenti
1076 977 1257 1036 gloriam
1277 977 1458 1022 dabant.
1480 980 1621 1031 Quam
1647 986 1824 1022 senten-

435 1047 536 1090 tiam
559 1048 810 1102 confirmat,
837 1063 926 1091 non
942 1046 1082 1092 solum
1106 1047 1298 1107 Epistola
1321 1064 1419 1107 quae
1443 1048 1647 1091 scribitur
1665 1046 1720 1091 ad
1739 1050 1825 1091 He.-

432 1119 594 1173 brseos,
620 1119 695 1162 ubi
726 1119 884 1162 dicitur
911 1138 920 1162 :
953 1138 972 1161 «
992 1119 1034 1163 Si
1056 1120 1172 1163 enim
1195 1121 1269 1179 qui
1293 1135 1369 1179 per
1386 1118 1574 1177 Angelos
1596 1120 1738 1164 dictus
1761 1129 1825 1164 est

435 1208 453 1230 »
490 1205 652 1244 sermo,
687 1189 828 1234 factus
850 1199 913 1234 est
936 1191 1112 1234 firmus2
1133 1210 1140 1235 :
1167 1209 1187 1231 η
1212 1190 1502 1250 (loquebatur
1525 1190 1643 1233 enim
1662 1189 1716 1234 de
1739 1193 1823 1234 Ve-

433 1263 508 1305 teri
533 1265 824 1317 Testamento,
842 1262 1166 1306 commendavit
1183 1262 1305 1321 quod
1327 1263 1386 1305 ibi
1408 1261 1565 1321 Angeli
1583 1261 1823 1322 loqueban-

432 1342 528 1389 tur,
554 1332 629 1375 sed
655 1336 768 1376 Deus
791 1333 836 1376 in
859 1332 1033 1389 Angelis
1060 1333 1145 1376 suis
1167 1333 1490 1387 honorabatur,
1516 1343 1559 1375 et
1580 1347 1656 1391 per
1678 1336 1822 1391 Ange·

430 1403 491 1446 los
515 1404 694 1447 interior
717 1403 938 1447 habitator
966 1402 1226 1447 audiebatur
1250 1423 1257 1447 :
1279 1407 1293 1459 )
1316 1402 1391 1446 sed
1413 1403 1544 1446 etiam
1568 1403 1612 1446 in
1639 1404 1821 1448 Actibus

429 1474 737 1533 Apostolorum
765 1474 1010 1533 Stephanus
1040 1473 1166 1527 dicit,
1196 1489 1381 1532 arguens
1409 1482 1452 1517 et
1483 1473 1709 1532 increpans
1742 1477 1822 1517 Ju-

427 1546 544 1589 dfeos
571 1565 579 1590 z
611 1565 629 1587 «
653 1549 769 1589 Dura
798 1544 991 1599 cervice,
1024 1554 1066 1588 et
1089 1561 1178 1589 non
1208 1545 1448 1589 circumcisi
1475 1545 1608 1587 corde
1634 1554 1676 1588 et
1705 1547 1819 1589 auri-

428 1634 448 1655 »
485 1616 565 1660 bus
584 1617 775 1659 ³.»Dura
792 1616 958 1659 cervice
977 1650 988 1669 ,
1015 1615 1150 1674 spinae
1170 1631 1258 1659 non
1281 1624 1498 1659 crematae.
1516 1617 1628 1658 «Vos
1651 1630 1820 1675 semper

428 1705 447 1727 »
485 1687 676 1730 resistitis
702 1687 878 1746 Spiritui
902 1696 1065 1729 sancto.
1084 1686 1222 1729 »Ideo
1240 1687 1376 1729 rubus
1400 1700 1489 1729 non
1511 1686 1816 1742 cremabatur,

424 1758 524 1817 quia
559 1757 747 1800 ssammae
772 1757 953 1815 Spiritus
973 1756 1027 1798 ab
1059 1756 1192 1814 spinis
1215 1765 1494 1815 peccatorum
1518 1756 1813 1801 resistebatur.

428 1848 447 1869 «
487 1831 570 1872 Vos
601 1843 769 1887 semper
803 1827 994 1870 resistitis
1025 1826 1204 1885 Spiritui
1227 1835 1392 1871 sancto.
1415 1829 1557 1879 Quem
1580 1822 1818 1885 Propheta-

426 1918 446 1940 »
483 1915 578 1943 rum
607 1915 696 1943 non
719 1898 975 1942 occiderunt
997 1906 1139 1956 patres
1160 1897 1322 1941 vestri?
1355 1900 1370 1955 (
1389 1900 1445 1941 Et
1475 1897 1591 1940 unde
1611 1898 1753 1955 agitur
1774 1902 1816 1956 z)

426 1989 445 2011 »
480 1970 556 2030 qui
574 1969 794 2028 accepistis
818 1972 977 2026 Legem
995 1968 1040 2011 in
1058 1968 1207 2011 edictis
1230 1968 1518 2027 Angelorum,
1540 1978 1582 2013 et
1602 1984 1691 2013 non
1714 1985 1814 2014 cus-

424 2060 443 2082 »
478 2040 658 2085 todistis.
685 2059 704 2081 »
734 2040 776 2083 Si
799 2039 962 2084 diceret
995 2039 1176 2097 Angeli,
1203 2049 1247 2084 et
1279 2055 1367 2083 non
1394 2039 1691 2098 Angelorum,
1724 2057 1812 2085 non

420 2111 599 2155 deerant
636 2110 699 2154 illi
726 2111 801 2171 qui
831 2109 1056 2163 dicerent,
1088 2110 1284 2153 Christus
1319 2119 1409 2164 est,
1434 2111 1537 2169 quia
1573 2110 1716 2155 dictus
1746 2121 1809 2155 est

425 2184 567 2241 magni
590 2181 756 2227 consilii
781 2181 986 2240 Angelus.
1015 2181 1206 2238 Angelus
1234 2182 1456 2235 Christus,
1484 2183 1700 2241 numquid
1718 2185 1809 2226 An-

422 2254 505 2310 geli
523 2254 748 2298 Christus?
771 2252 884 2295 Dicit
907 2261 948 2295 et
972 2250 1192 2310 apostolus
1215 2251 1374 2294 Paulus
1395 2287 1404 2305 ,
1432 2253 1637 2311 quoniam
1662 2268 1807 2296 semei-i

423 2324 608 2367 Abrahae
640 2324 936 2382 dispensatum
966 2330 1027 2365 est
1050 2340 1058 2365 z
1091 2341 1110 2361 (ι
1128 2321 1392 2380 Dispositum
1411 2358 1420 2376 ,
1445 2323 1609 2381 inquit,
1630 2338 1708 2381 per
1723 2326 1809 2367 An-

425 2414 443 2434 »
480 2393 596 2452 gelos
614 2395 657 2437 in
681 2409 813 2438 manu
832 2393 1077 2437 mediatoris
1096 2394 1126 2435 ⁴.
1151 2411 1170 2432 »

482 2467 577 2509 VII.
605 2469 699 2509 Jam
723 2480 823 2523 ergo
854 2464 1074 2525 Angelus,
1105 2474 1148 2508 et
1178 2464 1221 2507 in
1245 2464 1411 2521 Angclo
1439 2465 1671 2521 Dominus,
1693 2466 1806 2511 dice-

469 2569 475 2583 ¹
505 2564 583 2594 Gon.
605 2573 667 2603 xix,
698 2574 723 2593 t.
742 2580 781 2584 —
802 2569 814 2585 ²
834 2562 934 2594 llcbr.
955 2574 993 2602 11,
1017 2570 1047 2593 2.
1072 2578 1113 2584 ———
1128 2560 1140 2583 3
1160 2564 1232 2594 Act.
1253 2572 1307 2602 vn,
1333 2562 1383 2593 51.
1407 2579 1446 2584 —
1466 2561 1481 2591 4
1504 2562 1606 2594 Galat.
1627 2575 1678 2603 ιιι,
1703 2574 1751 2604 ¹9·
