1867 3320
273 285 411 312 senno
443 285 561 323 xxii,
597 289 648 314 nr.
684 279 706 314 3
741 289 868 317 vssnsr
906 291 1049 320 psum
1084 298 1210 325 Lxxii.
1333 293 1410 330 357

56 371 77 393 »
116 365 210 395 rum
234 350 443 409 jactantia
471 351 656 396 contulit
683 355 835 399 nobis?
861 358 1132 404 Transierunt
1153 366 1291 409 omnia
1321 366 1410 416 illa,

58 441 78 463 »
115 429 326 480 tanquam
347 419 500 464 umbra
519 423 548 464 ¹.
570 440 589 462 »
615 424 708 467 Erit
730 426 843 468 enim
867 427 1141 484 poenitentia,
1166 433 1236 476 sed
1256 418 1416 482 infrucss

53 501 180 536 tuosa
202 510 211 535 ε
235 490 317 534 erit
332 490 395 533 ibi
415 491 694 549 poenitentia,
723 494 797 537 sed
827 493 1019 540 dolorem
1038 498 1198 543 habens
1213 536 1223 554 ,
1242 507 1417 551 medici-

54 576 156 605 nam
177 575 267 605 non
287 560 466 605 habens.
487 562 614 605 Nunc
632 571 695 606 est
715 562 932 609 fructuosa
952 567 1205 625 poenitentia
1220 605 1231 624 ‚
1251 578 1421 631 quando

53 632 264 677 correctio
284 630 435 675 libera.
449 632 663 676 Poeniteat
678 642 719 677 te
741 633 794 678 ad
817 651 964 679 vocem
986 637 1228 696 Scripturoe.
1243 643 1347 686 Nam
1371 645 1423 688 ad

53 718 208 749 vocem
243 702 470 762 praesentis
486 702 667 762 judicis,
706 704 796 747 sine
818 720 944 750 causa
965 708 1191 766 poenitebit
1218 718 1274 754 te.
1308 714 1424 757 Tunc

48 778 140 836 jam
162 774 236 819 ille
253 774 514 818 sententiam
536 773 732 819 dicturus
754 785 817 820 est
839 796 847 821 :
868 787 910 822 et
931 793 1018 822 non
1045 780 1124 823 erit
1144 780 1263 840 quod
1285 797 1427 842 repre-

52 845 235 900 hendas,
252 843 432 905 quando
449 846 708 889 sententiam
730 846 922 892 dicturus
943 858 1019 894 est.
1045 852 1140 895 Non
1161 851 1272 895 enim
1294 854 1425 898 tacuit

55 925 156 961 ante
177 915 454 960 sententiam.
475 917 574 960 Non
602 916 715 960 enim
740 925 780 960 te
803 917 996 972 distulit,
1021 921 1098 964 nisi
1128 930 1177 965 ut
1198 923 1425 980 corrigeres

55 997 99 1032 te
127 1006 135 1032 :
169 984 531 1047 quandoquidem
556 986 715 1030 latroni
744 988 788 1031 in
811 1003 937 1033 cruce
959 991 1163 1049 pendenti
1190 1007 1232 1036 se
1266 1002 1428 1037 mutare

54 1057 249 1118 permisit
262 1060 294 1100 2.
324 1059 446 1100 Tunc
468 1057 584 1100 enim
615 1056 726 1102 latro
754 1058 948 1116 pendens
971 1075 1071 1104 cum
1092 1062 1274 1105 Domino
1292 1097 1302 1116 ,
1335 1077 1428 1106 cre-

54 1127 167 1172 didit
182 1127 229 1171 in
251 1127 491 1182 Christum,
517 1126 696 1187 quando
720 1127 774 1171 de
791 1126 865 1172 illo
890 1129 1092 1188 Discipuli
1115 1131 1425 1177 titubaverunt.

54 1201 424 1257 Contempserunt
453 1196 598 1241 Judaei
635 1206 829 1243 mortuos
865 1200 1136 1244 suscitantem
1157 1236 1167 1254 ‚
1204 1216 1290 1246 non
1324 1217 1429 1246 con-

54 1268 233 1328 tempsit
259 1267 371 1313 latro
405 1283 550 1313 secum
588 1268 635 1311 in
666 1283 794 1312 cruce
814 1268 1090 1327 pendentem.
1131 1272 1225 1315 Non
1248 1280 1307 1315 est
1330 1286 1428 1330 ergo

53 1339 175 1400 quod
196 1339 242 1384 in
278 1339 366 1383 fine
394 1340 566 1383 dicatur
596 1339 781 1383 Domino
801 1374 811 1393 ‚
842 1342 937 1384 Non
966 1355 1032 1383 me
1065 1342 1286 1399 permisisti
1319 1342 1427 1386 bene

0 1431 2 1434 >
55 1411 199 1456 vivere
218 1432 230 1468 3
265 1419 365 1464 aut,
406 1409 658 1454 dilationem
697 1411 972 1455 correctionis
1009 1425 1096 1454 non
1120 1411 1221 1454 mihi
1243 1411 1394 1455 dedisti
1415 1434 1426 1469 ς

0 1502 1 1513 ¹
53 1490 157 1537 aut,
196 1496 287 1525 non
308 1479 534 1525 ostendisti
563 1480 669 1541 quid
703 1489 973 1539 appeterem,
1009 1480 1115 1540 quid
1137 1482 1328 1525 vitarem.
1362 1483 1428 1525 vi-

54 1553 154 1598 dete
171 1545 274 1613 quia
297 1567 387 1597 non
407 1561 536 1607 tacet,
562 1552 706 1596 videte
729 1552 829 1611 quia
847 1551 1008 1605 differt,
1030 1552 1169 1596 videte
1192 1553 1290 1612 quia
1315 1551 1427 1595 blan-

53 1625 194 1679 ditur,
214 1625 439 1677 hortatur,
459 1623 666 1667 minatur.
694 1623 929 1668 Constituit
950 1623 1127 1666 verbum
1146 1638 1266 1666 suum
1292 1624 1333 1666 in
1355 1638 1427 1666 su-

52 1694 289 1752 blimitate3
308 1708 384 1753 per
398 1702 541 1738 totum
558 1693 775 1737 mundum
800 1693 1000 1737 recitatur
1023 1693 1216 1736 universo
1238 1693 1425 1737 humano

54 1765 215 1826 generi.
237 1767 336 1810 Non
363 1773 427 1809 est
454 1764 632 1824 quijam
655 1763 770 1807 dicat
795 1784 802 1808 ;
828 1764 989 1808 Neseivi
1012 1799 1021 1817 ,
1048 1778 1133 1806 non
1155 1763 1310 1806 audivi.
1340 1766 1425 1806 lm-

51 1836 197 1896 pletur
213 1833 335 1895 quod
356 1834 524 1879 dictum
554 1844 619 1878 est
635 1834 679 1877 in
704 1833 873 1878 Psalmo
895 1853 902 1876 :
929 1852 947 1873 «
975 1835 1058 1877 Nec
1083 1842 1143 1876 est
1165 1833 1238 1892 qui
1262 1847 1303 1875 se
1327 1833 1423 1876 abs·

55 1924 76 1948 »
112 1905 274 1951 condat
295 1921 318 1949 a
340 1904 481 1949 calore
504 1906 639 1964 ejus3.
670 1923 689 1945 »
714 1903 846 1948 Modo
870 1918 968 1959 ergo
987 1903 1101 1945 calor
1123 1903 1210 1960 ejus
1229 1903 1271 1945 in
1295 1902 1425 1946 verbo

52 1978 140 2036 ejus
162 1985 226 2020 est
248 1995 257 2020 z
279 1984 448 2020 mutare
470 1974 603 2020 modo
621 1990 643 2019 a
666 1974 806 2019 calore
825 1974 935 2032 ejus,
961 1981 1001 2015 ct
1025 1987 1108 2015 non
1131 1970 1293 2014 ‹lellues
1315 1972 1420 2014 sicut

51 2061 147 2091 cera
165 2046 219 2090 ab
240 2046 339 2104 igne
360 2046 469 2105 ejus.

113 2118 189 2161 lv.
216 2118 327 2162 Nam
349 2114 460 2159 illud
475 2149 487 2169 ,
513 2114 667 2159 fratres
690 2114 772 2158 mei
792 2149 803 2169 ‚
834 2122 1062 2156 venturum
1081 2120 1141 2154 cst
1165 2111 1416 2169 aliquando,

52 2185 175 2248 quod
198 2184 329 2231 modo
346 2178 502 2230 ‘rident
529 2185 677 2244 impii,
703 2184 821 2244 quod
851 2183 977 2226 modo
1009 2188 1288 2224 contemnunt
1313 2178 1422 2222 dci-i-

53 2273 191 2312 sores,
228 2256 349 2317 quod
383 2265 542 2316 putant
576 2254 683 2299 salso
712 2254 900 2310 cantar13
931 2250 1155 2310 aliquando
1192 2259 1419 2293 venturum

54 2337 134 2373 est.
163 2328 205 2373 Si
224 2343 314 2372 non
335 2335 551 2372 venerunt
570 2336 703 2380 tanta,
721 2334 881 2384 quanta
905 2321 1103 2382 p¹·;edict;i
1127 2330 1250 2375 suiit3
1270 2321 1421 2378 despe-

55 2414 200 2443 remus
219 2408 262 2443 et
279 2397 389 2442 illud
412 2397 648 2458 aliquando
662 2406 891 2441 venturum
912 2413 919 2438 ;
945 2393 976 2435 si
999 2401 1139 2434 auum
1164 2391 1303 2433 omnia
1327 2406 1422 2448 quw

57 2471 111 2514 de
142 2469 329 2514 Ecclesia
354 2468 501 2513 futura
520 2468 806 2528 praenuntiata
830 2473 927 2509 sunt
943 2498 952 2516 ‚
979 2464 1066 2521 jain
1094 2461 1285 2504 videmus
1306 2461 1423 2501 cxlii-

45 2541 145 2597 xbita
164 2576 174 2595 ,
199 2549 242 2584 et
263 2555 479 2584 caecorum
500 2541 626 2583 eiiam
661 2537 806 2583 oculos
838 2536 989 2578 l'criuut
1014 2550 1022 2577 ·,
1050 2533 1153 2591 quial
1180 2530 1424 2574 dubitantius

107 2633 111 2647 ¹
135 2628 206 2667 Sap,
231 2637 261 2662 ν,
286 2625 315 2661 3,
337 2629 367 2664 «⁸¹5
393 2643 414 2661 ι,
445 2644 451 2646 ν
476 2626 718 2657 »Ί1,ιιι·.υιιι,
745 2624 787 2661 ’.ἶ
867 2621 912 2644 ⁴¹¹
933 2620 956 2647 ΑΙ
995 2629 1062 2646 ΝΗ·
1095 2628 1106 2633 ”
