1924 3309
421 245 476 285 26
840 253 875 283 s.
910 252 1140 284 Aucus-nm
1171 255 1353 284 Erxscom

419 320 498 365 ubi
529 320 784 378 Unigenitus
813 317 992 374 dicitur,
1017 318 1170 364 fratres
1198 334 1288 363 non
1304 316 1462 373 habet,
1482 325 1525 361 et
1541 317 1797 362 naturaliter

421 400 484 435 est
518 390 652 435 Filius
686 391 763 434 Dei
789 409 797 435 ε
830 408 851 432 «
876 390 1071 434 Verbum
1098 390 1144 433 in
1178 389 1392 448 principio
1409 423 1419 443 ,
1446 403 1522 447 per
1549 387 1668 448 quod
1686 387 1799 433 facta

420 469 523 506 sunt
552 461 696 504 omnia
711 462 741 503 1.
764 460 1015 505 Secundum
1036 452 1351 519 susceptio‘nem
1374 467 1519 502 autem
1549 458 1735 502 hominis
1757 467 1801 503 et

422 530 726 576 incarnationis
748 529 1111 590 dispensationem
1129 565 1140 586 ,
1176 546 1252 590 per
1283 545 1415 590 quam
1448 544 1527 573 nos
1557 529 1685 573 etiam
1711 544 1802 574 non

422 600 676 646 naturaliter
697 600 808 645 filios
828 602 872 645 in
894 602 1174 661 adoptionem
1203 601 1395 646 fitiorum
1423 615 1577 645 vocare
1599 599 1803 659 dignatus

422 682 513 727 est,
538 671 851 731 primogenitus
873 671 1030 715 dicitur
1063 687 1165 715 cum
1188 671 1469 731 adjunctione
1497 668 1697 714 fratrum.
1719 670 1804 714 Ubi

423 741 540 785 enim
561 741 724 800 primus
750 734 934 795 dicitur,
959 755 1049 784 non
1074 741 1227 800 utique
1249 739 1387 795 solus,
1410 738 1484 784 sed
1509 739 1805 784 consecuturis

422 811 630 856 fratribus
651 813 695 855 in
718 811 764 855 id
786 827 874 871 quo
896 812 988 870 ipse
1010 812 1243 870 praecessit.
1270 811 1396 855 Unde
1418 819 1461 854 et
1489 810 1573 855 alio
1600 810 1697 855 loco
1714 811 1807 870 pri-

424 881 691 938 mogenitum
710 895 811 924 eum
833 896 856 924 a
872 880 1053 925 mortuis
1072 881 1202 935 dicit,
1227 889 1278 924 ut
1296 883 1351 924 sit
1369 880 1460 939 ipse
1480 880 1716 939 primatum
1738 889 1805 924 te-

424 952 571 994 nens².
593 950 866 994 Resurrectio
889 951 1005 995 enirn
1027 959 1301 994 mortuorum
1326 958 1375 993 ut
1392 950 1483 1009 jam
1509 964 1598 993 non
1616 949 1809 993 morian-

424 1028 496 1063 tur
514 1054 525 1074 ,
568 1027 667 1063 ante
709 1018 834 1063 illum
876 1019 997 1063 nulla
1029 1038 1037 1063 :
1075 1029 1173 1078 post
1214 1019 1338 1062 illum
1379 1028 1525 1063 autem
1567 1019 1808 1064 multorum

424 1098 672 1133 sanctorum
705 1098 795 1144 est,
828 1105 937 1149 quos
970 1088 1123 1134 fratres
1151 1105 1241 1134 non
1274 1088 1561 1133 confunditur
1591 1090 1809 1150 appellare

424 1168 602 1219 propter
624 1161 760 1218 ipsam
782 1161 1223 1205 communicationem
1244 1160 1540 1204 humanitatis.

484 1232 622 1273 LVII.
648 1229 778 1282 Quod
800 1240 945 1274 autem
968 1230 1072 1274 dicit
1093 1249 1102 1275 :
1132 1249 1153 1272 «
1177 1231 1262 1283 Qui
1284 1245 1363 1274 nos
1380 1230 1599 1288 separabit
1619 1244 1643 1273 a
1665 1230 1810 1273 chari-

428 1315 449 1339 »
483 1307 573 1342 tate
613 1299 806 1342 Christi?
849 1299 1111 1353 Tribulatio,
1159 1314 1215 1342 an
1258 1300 1456 1357 angustia
1474 1333 1485 1352 ,
1521 1314 1576 1342 an
1609 1313 1812 1357 persecu-

428 1385 449 1408 »
484 1367 572 1411 tio3
592 1401 603 1421 ‚
630 1385 650 1408 »
670 1376 752 1411 etc.
778 1382 829 1411 ex
850 1369 1069 1426 superiore
1091 1369 1301 1411 sententia
1316 1368 1504 1426 pendet,
1525 1368 1603 1411 ubi
1626 1368 1683 1414 ait
1706 1387 1751 1413 2«
1766 1368 1807 1413 Si

428 1456 449 1479 »
483 1446 632 1481 tamen
651 1437 940 1496 compatimur
957 1472 968 1492 ,
993 1447 1043 1481 ut
1064 1445 1108 1481 et
1129 1437 1420 1495 glorificemur
1443 1457 1452 1482 ;
1477 1438 1672 1482 existimo
1694 1439 1812 1481 enim

429 1525 451 1549 »
485 1508 607 1567 quod
636 1523 726 1551 non
746 1516 848 1551 sunt
880 1506 1107 1564 condignae
1128 1507 1345 1566 passiones
1367 1507 1496 1567 hujus
1528 1509 1735 1566 temporis
1757 1507 1813 1552 ad

431 1595 453 1619 »
487 1576 682 1622 futuram
705 1576 885 1635 gloriam
904 1612 914 1632 ,
940 1593 1039 1637 quae
1064 1577 1330 1622 revelabitur
1344 1578 1389 1620 in
1411 1578 1538 1621 nobis
1552 1578 1583 1620 ⁴.
1612 1595 1632 1618 »
1653 1577 1722 1622 Ad
1742 1578 1811 1636 ip-

428 1662 518 1692 sam
541 1648 655 1691 enim
678 1648 969 1691 hortationem
1004 1647 1143 1691 omnis
1165 1648 1295 1705 hujus
1322 1647 1406 1691 loci
1428 1648 1612 1691 intentio
1648 1647 1813 1692 directa

430 1727 508 1772 est,
534 1733 589 1761 ne
612 1716 675 1760 illi
696 1718 857 1776 quibus
878 1717 1074 1775 loquitur
1094 1717 1469 1775 persecutionibus
1488 1716 1809 1776 frangerentur,

430 1789 464 1832 si
481 1788 678 1832 viverent
697 1788 937 1831 secundum
960 1787 1237 1846 prudentiam
1257 1788 1417 1843 carnis,
1443 1804 1530 1848 qua
1559 1788 1812 1847 temporalia

430 1859 548 1903 bona
565 1865 852 1916 appetuntur,
872 1866 915 1901 et
937 1858 1146 1901 timentur
1165 1858 1415 1917 temporalia
1436 1858 1564 1902 mala.

490 1930 646 1971 LVIII.
673 1927 798 1979 Quod
819 1936 960 1971 autem
987 1927 1045 1971 ait
1067 1946 1075 1971 z
1103 1929 1293 1972 «Certus
1315 1943 1410 1972 sum
1429 1930 1570 1972 enim⁵
1588 1962 1599 1983 ,
1614 1946 1634 1970 »
1660 1937 1703 1973 et
1724 1944 1813 1974 non

433 1998 568 2054 dixit,
589 1997 754 2057 Opinor
774 1998 888 2041 enim
904 2032 915 2052 ‚
938 1996 1066 2057 plena
1088 1998 1175 2041 fide
1192 1999 1349 2052 tenuit,
1372 2017 1392 2041 «
1418 1998 1538 2058 quod
1559 2013 1637 2042 nec
1658 2014 1808 2044 mors»

432 2067 522 2112 ulla
539 2103 550 2123 ,
580 2086 599 2110 «
627 2082 706 2112 nec
729 2068 816 2112 vita
841 2085 860 2109 »
887 2067 1133 2127 temporalis
1156 2068 1362 2127 promissa
1377 2103 1388 2123 ,
1420 2084 1499 2112 nec
1533 2078 1688 2113 caetera
1710 2070 1814 2114 sub-

433 2139 657 2198 sequentia
686 2147 867 2197 possunt
888 2137 1136 2182 credentem
1158 2153 1181 2181 a
1204 2139 1411 2182 charitate
1434 2140 1508 2182 Dei
1536 2139 1809 2199 detorquere.

434 2210 571 2253 Nemo
592 2223 692 2265 ergo
713 2217 882 2267 separat
897 2242 908 2262 ,
934 2223 1014 2251 nec
1040 2208 1116 2266 qui
1151 2208 1343 2253 minatur
1367 2218 1550 2253 mortem
1571 2229 1582 2266 3
1614 2210 1715 2269 quia
1738 2210 1813 2269 qui

436 2277 573 2322 credit
594 2278 638 2321 in
654 2279 825 2322 Christo
843 2313 854 2333 ‚
873 2278 975 2323 licet
995 2279 1203 2322 moriatur
1220 2313 1230 2332 ‚
1260 2279 1378 2323 vivet
1400 2298 1408 2323 :
1434 2294 1576 2337 neque
1593 2280 1669 2338 qui
1687 2278 1814 2337 polli-

436 2356 557 2392 cetur
579 2349 737 2403 vitam3
761 2348 862 2407 quia
885 2348 955 2391 ille
976 2347 1051 2392 dat
1071 2348 1203 2391 vitam
1228 2351 1570 2393 aeternam.Nam
1595 2357 1814 2407 tempora-

437 2417 486 2460 lis
514 2416 615 2461 vitae
637 2417 890 2476 pollicitatio
905 2452 916 2473 ‚
947 2427 1119 2462 aeternae
1142 2418 1464 2476 comparatione
1493 2417 1814 2462 contemnenda

504 2518 512 2534 ¹
532 2515 624 2545 Joan.
637 2525 663 2555 1,
685 2524 714 2545 1.
736 2530 777 2537 —
792 2520 805 2537 ²
820 2514 923 2547 Colos.
941 2525 966 2556 1,
984 2517 1034 2548 18.
1052 2531 1092 2538 —
1110 2512 1122 2537 3
1138 2516 1229 2547 Rom.
1257 2525 1324 2555 vm,
1345 2514 1396 2546 35.
1418 2530 1458 2537 —-
1473 2513 1488 2543 4
1506 2514 1587 2546 Ibid.
1611 2525 1664 2555 17,
1685 2519 1750 2547 etc.
1772 2530 1813 2537 -

442 2566 456 2591 5
473 2567 556 2601 Ibid.
578 2569 631 2602 38.
