1867 3320
314 268 453 296 santo
485 270 590 307 XLV,
625 271 678 298 ΒΕ
711 273 854 300 vnnnis
886 275 1023 316 ISAIAE,
1061 280 1163 308 Lvu.
1347 274 1424 312 551

58 332 240 376 vestitus
249 341 327 388 est,
342 332 534 376 mundus
548 333 618 388 sit,
636 343 680 378 et
689 336 817 380 vestis
833 336 921 396 ipsa
933 341 1094 385 munda
1107 343 1201 387 erit.
1218 345 1434 391 Inhabita·

58 412 127 448 tor
150 403 291 448 bonus
309 413 351 447 et
375 419 506 447 sanus
528 404 602 459 sit,
624 413 667 448 et
684 421 772 450 non
793 407 942 454 timeat
963 412 1132 457 ruinam
1152 413 1306 459 domus
1326 432 1429 461 suae.

115 475 172 517 X.
210 473 327 527 Quid
351 474 466 517 enim
495 475 574 518 ista
595 477 726 519 caro?
748 478 845 521 Non
865 477 983 523 illam
1006 480 1212 527 debemus
1238 495 1434 532 contem-

57 558 175 587 nere.
202 543 316 596 Quid
337 544 452 587 enim
475 545 592 588 hoc?
613 548 819 601 Foenum‚
837 548 911 592 sed
931 565 1085 594 aurum
1106 554 1199 597 erit.
1215 554 1311 599 Noli
1332 571 1437 600 con-

57 622 251 657 temnere
285 612 485 669 famum,
522 615 763 660 mutabitur
792 618 835 661 in
864 634 1032 664 aurum.
1075 620 1152 665 Ille
1187 626 1328 680 enim,
1364 628 1437 687 qui

57 692 210 743 potens
232 681 315 727 suit
351 694 519 728 mutare
554 701 713 745 aquam
743 687 787 731 in
812 688 960 733 vinum
978 726 988 745 ,
1013 701 1166 751 potens
1188 703 1250 737 est
1272 705 1437 740 mutare

58 753 229 798 foenum
249 755 294 796 in
318 770 495 809 aurum,
522 764 564 799 et
586 756 781 801 decarne
802 757 944 804 facere
966 761 1197 820 Angelum.
1222 765 1263 808 Si
1285 765 1339 808 de
1352 781 1438 811 sor-

58 823 187 868 dibus
223 824 326 869 fecit
357 825 602 881 hominem,
636 826 690 870 de
714 828 889 872 homine
924 846 1010 875 non
1042 831 1169 876 saciet
1196 835 1440 893 Angelum?

57 894 267 938 Attendat
292 895 405 938 enim
437 895 632 940 Charitas
654 899 802 941 Vestra
832 899 950 943 unde
968 900 1105 945 factus
1123 912 1185 947 est
1209 904 1339 949 homo
1359 941 1370 959 ‚
1395 917 1438 951 et

54 965 200 1009 videte
222 965 255 1009 si
279 964 348 1008 vel
372 966 564 1025 cogitare
592 966 701 1012 illud
723 968 938 1014 volumus.
967 974 1027 1015 De
1049 974 1138 1018 istis
1161 974 1358 1021 sordibus
1374 977 1438 1021 fe-

56 1035 116 1081 cit
136 1036 376 1091 hominem,
397 1046 439 1081 et
459 1038 654 1096 praefecit
672 1039 764 1083 aliis
788 1039 1044 1086 animalibus
1061 1063 1073 1100 3
1089 1042 1143 1086 de
1159 1044 1334 1089 homine
1351 1062 1439 1091 non

56 1106 184 1152 faciet
209 1106 459 1165 Angelum?
497 1108 645 1152 Faciet
678 1124 865 1167 prorsus.
899 1112 1069 1156 Amicos
1103 1128 1202 1158 suos
1237 1115 1316 1158 sibi
1337 1114 1463 1161 fecit-

56 1177 280 1233 homines‚
309 1193 399 1222 non
433 1176 529 1222 illos
552 1176 745 1222 facturus
768 1188 830 1223 est
859 1180 1077 1238 Angelos?
1097 1201 1115 1223 «
1135 1185 1229 1226 Jam
1256 1199 1343 1228 non
1369 1185 1438 1230 di-

59 1267 79 1291 »
115 1264 208 1293 cam
230 1264 305 1293 vos
326 1264 468 1293 servos
484 1284 495 1304 ,
516 1250 590 1292 sed
616 1248 772 1294 amicos
788 1252 818 1293 ¹.
843 1269 862 1291 n
889 1251 1044 1296 Adhuc
1065 1268 1235 1297 carnem
1259 1264 1437 1314 portan-

56 1320 175 1366 tibus
192 1355 203 1376 ‚
229 1319 373 1364 adhue
395 1319 681 1364 morientibus
697 1355 708 1375 ,
732 1321 875 1365 adhuc
902 1322 945 1365 in
975 1322 1051 1366 ista
1073 1332 1260 1382 egestate
1282 1334 1323 1369 et
1347 1324 1435 1370 fra-

55 1391 220 1451 gilitate
257 1391 358 1435 vitae
401 1390 670 1434 versantibus
710 1389 817 1434 dixit
853 1410 861 1435 ;
891 1410 910 1432 α
932 1393 1025 1435 Jam
1061 1408 1135 1437 vos
1172 1409 1260 1438 non
1296 1395 1435 1440 dicam

57 1480 78 1504 n
112 1476 254 1505 servos
270 1496 280 1516 ‚
303 1460 378 1504 sed
404 1461 577 1504 amicos
599 1478 618 1501 »
635 1463 690 1504 Et
705 1460 810 1520 quid
831 1470 893 1505 est
914 1461 1092 1506 daturus
1115 1463 1285 1508 amicis?
1306 1466 1434 1518 Quod

54 1532 101 1577 in
114 1547 158 1576 se
179 1533 272 1592 ipso
294 1532 483 1576 ostendit
503 1542 766 1589 resurgente.
792 1533 1131 1576 Coronabuntur
1148 1569 1159 1588 ,
1185 1543 1227 1578 et
1249 1550 1430 1579 conver-

54 1611 202 1647 tentur
237 1602 283 1645 in
311 1601 490 1660 gloriam
525 1602 774 1658 coelestem,
815 1612 856 1646 et
894 1613 1020 1647 erunt
1041 1603 1226 1664 aequales
1260 1606 1433 1664 Angelis

54 1673 147 1718 Dei.
174 1671 301 1717 Nulla
324 1672 405 1715 erit
427 1672 670 1731 corruptio,
707 1671 826 1715 nulla
852 1672 1081 1716 titillati02.
1109 1676 1204 1718 Non
1228 1674 1287 1717 ibi
1309 1676 1433 1720 nobis

52 1743 222 1788 dicetur
243 1762 252 1787 z
282 1762 302 1784 «
318 1742 529 1787 Mundate
550 1758 626 1785 vos
649 1742 703 1784 ab
728 1742 845 1785 omni
865 1743 1214 1802 coinquinatione
1231 1746 1366 1788 carnis
1387 1755 1429 1790 et

55 1832 76 1856 n
111 1813 329 1873 spiritus.»
343 1815 439 1858 Non
463 1811 775 1864 laborabimus,
796 1827 875 1855 nec
899 1813 1022 1856 nobis
1039 1815 1313 1872 promittetur
1326 1831 1429 1874 prae·

51 1884 216 1940 mium;
247 1883 347 1943 quia
366 1883 456 1942 jam
481 1882 740 1940 accepimus.
773 1884 859 1925 Nee
881 1882 1002 1926 nobis
1022 1882 1190 1927 dicetur
1213 1893 1260 1928 ut
1285 1900 1430 1943 gema-

53 1971 148 1999 mus
169 1976 179 2012 3
213 1954 315 2015 quia
334 1955 422 2014 jam
449 1952 689 1996 laudamus.
718 1954 834 1997 Siout
858 1953 971 1996 enim
994 1969 1092 1997 caro
1113 1954 1300 1998 mortalis
1322 1970 1427 1999 con-

53 2026 239 2071 vertitur
260 2026 304 2068 in
328 2039 484 2083 corpus
508 2022 692 2082 Angeli3
726 2023 783 2067 sic
816 2032 858 2066 et
888 2022 1068 2082 gemitus
1087 2033 1359 2068 convertetur
1382 2025 1425 2069 in

50 2095 217 2140 laudes.
240 2096 320 2139 Hic
338 2094 596 2155 poenitentia
612 2129 622 2146 ‚
652 2103 695 2137 et
719 2108 934 2152 pressura,
959 2102 1000 2137 et
1016 2094 1197 2151 gemitus
1218 2113 1226 2137 ε
1252 2094 1310 2137 ibi
1332 2097 1424 2138 lau-

51 2167 126 2212 des
141 2202 152 2221 ‚
173 2166 322 2211 laetitia
341 2201 352 2220 ‚
377 2175 420 2210 et
441 2163 664 2224 gaudium.
692 2167 839 2208 Postea
861 2178 986 2222 ergo,
1010 2163 1138 2208 modo
1161 2179 1245 2208 non
1264 2173 1326 2209 est
1348 2164 1424 2208 la»-

0 2279 1 2283 ,
51 2237 160 2283 titia.
189 2236 273 2282 Sed
295 2236 402 2281 ubi?
423 2239 471 2279 [n
493 2250 581 2294 spe.
604 2233 805 2279 Nondum
829 2243 946 2278 tenes
963 2269 974 2288 ‚
999 2234 1071 2277 sed
1095 2234 1305 2293 sperando
1324 2250 1426 2294 gau-

51 2308 126 2353 des
152 2308 290 2368 :quia
323 2307 397 2367 qui
430 2305 624 2365 promisit
660 2320 749 2351 non
780 2313 917 2364 potest
955 2303 1181 2362 decipere3
1214 2304 1312 2363 quia
1349 2305 1423 2364 qui

53 2380 273 2440 promisit,
298 2378 431 2422 habet
455 2387 497 2420 et
514 2376 599 2420 dat.

102 2486 106 2496 ¹
131 2479 222 2507 Joan.
246 2487 295 2513 xv,
321 2475 356 2506 ι’·
392 2491 428 2495 -—
455 2481 464 2494 ⁷
486 2475 548 2503 Lm·
585 2484 635 2510 xx,
658 2472 710 2504 30.

322 2622 422 2652 FlNlS
447 2620 541 2651 ῚῸΜΙ
570 2619 778 2650 (ΣΙ-ΖΝΊἙΜΜΙ
807 2616 1160 2652 ΥΙΗΕὸΙΜΙ-ΟΕΑΙΠΊ.
