1924 3309
470 327 525 367 54
906 333 938 362 s.
976 331 1206 361 Aucusvmm
1237 326 1421 356 Enscon

470 403 540 450 vel
562 401 710 447 abillo
730 419 739 445 z
765 399 883 443 unde
912 398 1002 457 ipse
1029 395 1239 441 Dominus
1262 392 1508 436 discernens
1530 387 1591 432 ait
1612 403 1622 430 ε
1654 402 1673 426 (ι
1697 386 1853 428 Pacem

473 494 494 517 »
529 488 671 518 meam
690 471 748 516 do
771 470 916 516 vobis1
941 488 950 514 :
979 486 998 510 >›
1026 466 1268 526 adjungens
1296 463 1424 506 etiam
1444 469 1487 504 et
1508 458 1678 509 dicens,
1703 469 1794 498 non
1810 467 1854 496 se

471 544 602 589 talem
624 557 774 602 pacem
811 539 914 584 dare
932 574 942 594 ‚
982 537 1158 597 qualem
1194 533 1269 577 dat
1289 532 1360 576 hic
1382 528 1586 574 mundus.
1624 523 1770 569 Gratia
1794 530 1857 565 est

471 631 575 674 ergo
603 630 626 658 a
658 615 746 656 Deo
769 615 895 655 Patre
913 645 924 664 ,
962 617 1005 652 et
1040 605 1224 651 Domino
1247 611 1393 646 nostro
1425 603 1527 643 Jesu
1550 596 1746 649 Christo,
1771 608 1858 653 qua

473 685 598 730 nobis
616 691 793 742 peccata
808 679 1106 729 remittuntur,
1127 673 1286 734 quibus
1305 669 1639 715 adversabamur
1655 668 1759 708 Deo.
1773 666 1860 708 Pax

474 770 576 799 vero
593 754 684 811 ipsa
713 766 799 810 qua
821 746 1146 793 reconciliamur
1171 747 1274 787 Deo.
1307 743 1419 785 Cum
1442 738 1556 781 enim
1581 750 1656 795 per
1679 732 1859 792 gratiam

475 823 658 869 remissis
692 819 877 879 peccatis
909 819 1150 873 absumptae
1185 812 1347 856 fuerint
1365 808 1626 859 inimicitiae,
1660 811 1790 847 restat
1811 811 1860 845 ut

475 909 579 955 pace
603 892 899 936 adhaereamus
921 888 998 942 illi,
1018 903 1040 930 a
1059 902 1148 946 quo
1170 900 1247 927 nos
1265 881 1353 926 sola
1374 887 1548 939 peccata
1573 874 1858 920 dirimebant:

475 967 585 1009 sicut
618 963 832 1020 Propheta
851 959 957 1003 dicit
978 977 986 1002 :
1017 976 1035 998 «
1061 959 1157 1001 Non
1181 952 1376 1012 gravabit
1400 965 1546 994 aurem
1564 982 1574 1002 ‚
1602 955 1653 990 ut
1673 961 1762 989 non
1785 959 1865 988 au-

480 1055 500 1077 »
538 1034 628 1077 diat
647 1053 658 1089 3
678 1030 751 1075 sed
776 1038 951 1089 peccata
976 1036 1113 1071 vestra
1135 1026 1248 1068 inter
1269 1038 1344 1067 vos
1363 1030 1405 1064 et
1428 1024 1565 1064 Deum
1580 1017 1822 1075 separa11t2.
1841 1031 1862 1055 n

479 1105 649 1159 Quibus
671 1101 853 1145 remissis
870 1114 946 1158 per
964 1097 1093 1141 fidem
1111 1094 1281 1139 Domini
1301 1092 1436 1136 nostri
1451 1094 1473 1135 J
1479 1106 1552 1134 esu
1568 1087 1729 1133 Christi
1747 1084 1866 1129 nulla

479 1174 750 1234 separatione
768 1169 1083 1214 interveniente
1105 1181 1189 1224 pax
1210 1164 1304 1207 erit.

540 1246 619 1288 IX.
646 1246 843 1286 Fortasse
861 1249 1006 1283 autem
1030 1237 1214 1297 quisque
1234 1234 1416 1277 miretur
1436 1266 1446 1284 ,
1469 1227 1691 1289 quomodo
1713 1223 1869 1268 intelli-

484 1312 623 1372 genda
647 1313 699 1355 sit
717 1310 880 1370 justitia
899 1307 1059 1367 judicis
1081 1306 1182 1358 Dei,
1216 1318 1314 1347 cum
1335 1301 1514 1358 gratiam
1540 1297 1708 1356 praebet
1724 1296 1871 1353 ignos-

489 1382 623 1428 2endo
651 1380 852 1438 peccatis.
894 1376 980 1421 Sed
1002 1377 1085 1418 hoc
1118 1373 1247 1432 plane
1276 1374 1441 1429 justum
1467 1378 1529 1411 est
1563 1365 1681 1426 apud
1702 1368 1870 1419 Deum,

484 1452 589 1512 quia
608 1465 709 1495 vere
723 1450 890 1508 justum
908 1455 995 1499 est,
1020 1453 1070 1487 ut
1091 1443 1118 1485 ii
1142 1457 1251 1501 quos
1273 1447 1547 1498 peccatorum
1573 1450 1752 1479 suorum
1775 1448 1874 1492 poe-

486 1523 621 1575 nitet,
647 1536 698 1563 eo
715 1528 910 1575 tempore
931 1530 1019 1574 quo
1042 1511 1239 1556 nondum
1258 1523 1487 1568 poenarum
1511 1504 1767 1549 manifestus
1792 1511 1873 1546 ter·
1922 1555 1924 1562 Ι

488 1607 559 1636 ror
592 1596 792 1648 apparet,
819 1582 1151 1628 misericorditer
1173 1587 1426 1639 separentur
1444 1577 1499 1621 ab
1527 1576 1586 1618 eis
1609 1574 1687 1634 qui
1717 1571 1873 1616 defen-
1922 1608 1924 1616 Α

488 1662 627 1706 siones
645 1666 923 1717 peccatorum
946 1667 1123 1697 suorum
1142 1649 1417 1709 pertinaciter
1439 1646 1730 1705 exquirentes,
1755 1641 1876 1686 nulla
1922 1693 1924 1696 Α

490 1731 749 1791 poenitentia
776 1726 928 1782 corrigi
951 1724 1119 1767 volunt.
1146 1721 1360 1779 Injustum
1382 1727 1445 1761 est
1467 1713 1582 1760 enim
1605 1724 1654 1758 ut
1675 1729 1777 1758 cum
1811 1713 1876 1756 his
1922 1719 1924 1739 ³

491 1801 554 1844 illi
571 1800 626 1843 ad
643 1797 909 1842 consortium
924 1791 1097 1853 poenale
1114 1790 1388 1849 copulentur,
1406 1787 1481 1846 qui
1496 1793 1724 1831 vocantem
1739 1787 1877 1827 Deum
1922 1787 1924 1822 ἑ

493 1886 583 1915 non
605 1874 875 1927 spreverunt,
894 1873 937 1907 et
954 1870 1182 1922 peccantes
1197 1859 1512 1917 displicuerunt
1534 1856 1631 1909 sibi,
1648 1863 1698 1898 ut
1719 1868 1878 1913 quem·
1922 1854 1924 1868 ¹

495 1939 732 1985 admodum
754 1935 825 1979 ille
847 1942 1022 1993 peccata
1041 1946 1191 1974 eorum
1205 1965 1214 1983 ,
1242 1930 1301 1972 sic
1320 1929 1448 1972 etiam
1476 1927 1554 1985 ipsi
1572 1925 1763 1969 odissent
1783 1938 1873 1966 sua.
1922 1935 1924 1941 ·

494 2014 556 2055 Ea
579 2009 694 2052 enim
711 2007 889 2049 demum
906 2013 968 2047 cst
991 1999 1382 2059 humanaejustitiae
1401 1996 1642 2054 disciplina,
1660 2009 1750 2037 non
1770 1993 1813 2036 in
1836 2007 1880 2036 se
1923 1996 1924 1999 ’

497 2094 640 2124 amare
657 2077 737 2120 nisi
760 2075 880 2135 quod
898 2074 971 2117 Dei
989 2081 1068 2126 est,
1086 2080 1128 2114 et
1144 2069 1282 2114 odisse
1300 2066 1418 2126 quod
1443 2065 1666 2123 proprium
1689 2071 1752 2106 est
1773 2077 1879 2119 3nec
1921 2050 1924 2064 ¹

496 2148 736 2208 approbare
766 2153 941 2204 peccata
967 2158 1040 2185 sua
1058 2175 1068 2194 ,
1103 2155 1182 2183 nec
1204 2139 1248 2181 in
1271 2138 1330 2180 eis
1351 2135 1484 2180 alium
1513 2133 1781 2192 improbare,
1805 2129 1881 2174 sed

499 2236 542 2264 se
568 2221 706 2277 ipsum
730 2239 742 2274 3
769 2231 850 2259 nec
877 2223 1032 2273 putare
1055 2211 1153 2255 satis
1176 2209 1255 2253 sibi
1277 2223 1367 2251 esse
1383 2242 1393 2259 ,
1427 2215 1475 2249 ut
1497 2221 1572 2248 sua
1595 2211 1769 2263 peccata
1793 2190 1882 2245 dis-

498 2289 686 2348 pliceant
704 2309 714 2344 3
736 2286 815 2329 nisi
838 2283 966 2327 etiam
990 2279 1310 2339 vigilantissima
1331 2277 1532 2334 deinceps
1552 2273 1792 2317 intentione
1814 2272 1880 2315 vi-

500 2367 648 2402 tentur
668 2378 679 2413 3
700 2371 779 2399 nec
802 2356 846 2397 in
863 2354 921 2397 eis
946 2351 1130 2397 vitandis
1154 2350 1263 2394 vires
1286 2362 1382 2391 suas
1403 2346 1643 2390 existimare
1659 2342 1877 2395 sufficere,

501 2428 581 2472 nisi
603 2426 809 2470 divinitus
829 2425 1073 2482 adjuvetur.
1098 2423 1271 2463 Justum
1295 2426 1357 2461 est
1378 2431 1480 2474 ergo
1501 2413 1616 2473 apud
1641 2416 1777 2456 Deum
1796 2446 1807 2465 ,
1833 2420 1884 2456 ut
1922 2423 1924 2426 ⁴

502 2498 750 2555 ignoscatur
784 2493 942 2537 talibus
970 2504 1261 2551 quaecumque
1299 2496 1422 2531 antea
1459 2483 1795 2535 commiserunt,
1829 2495 1883 2524 ne
1920 2467 1924 2494 ³

501 2566 651 2626 (quod
671 2564 995 2623 injustissimum
1018 2563 1103 2617 est>
1125 2574 1226 2604 cum
1249 2559 1307 2603 eis
1330 2557 1405 2617 qui
1422 2555 1526 2600 tales
1549 2569 1638 2598 non
1659 2560 1761 2596 sunt
1782 2566 1885 2595 con-

553 2658 562 2671 ¹
585 2652 675 2681 Joan.
702 2659 770 2688 xiv,
790 2657 843 2688 27.
866 2663 906 2668 —
929 2653 940 2667 2
960 2646 1030 2676 Isa'i'.
1055 2654 1117 2684 mx,
1143 2655 1173 2683 1,
1194 2652 1225 2673 2.
