<?xml version="1.0" encoding="UTF-8"?>
<!DOCTYPE html PUBLIC "-//W3C//DTD XHTML 1.0 Transitional//EN"
    "http://www.w3.org/TR/xhtml1/DTD/xhtml1-transitional.dtd">
<html xmlns="http://www.w3.org/1999/xhtml" xml:lang="en" lang="en">
 <head>
  <title>
</title>
<meta http-equiv="Content-Type" content="text/html;charset=utf-8" />
  <meta name='ocr-system' content='tesseract 3.04.00' />
  <meta name='ocr-capabilities' content='ocr_page ocr_carea ocr_par ocr_line ocrx_word'/>
</head>
<body>
  <div class='ocr_page' id='page_1' title='image "./operaomniaaccura17auguuoft_0151.png"; bbox 0 0 1867 3320; ppageno 0'>
   <div class='ocr_carea' id='block_1_1' title="bbox 346 288 1428 328">
    <p class='ocr_par' dir='ltr' id='par_1_1' title="bbox 346 288 1428 328">
     <span class='ocr_line' id='line_1_1' title="bbox 346 288 1428 328; baseline 0.005 -5"><span class='ocrx_word' id='word_1_1' title='bbox 346 296 551 324; x_wconf 68' lang='lat' dir='ltr'>El‘ls&#39;loLAE</span> <span class='ocrx_word' id='word_1_2' title='bbox 586 296 639 323; x_wconf 79' lang='grc' dir='ltr'>ΑΙ)</span> <span class='ocrx_word' id='word_1_3' title='bbox 671 296 858 323; x_wconf 65' lang='lat' dir='ltr'><strong>GALATAS</strong></span> <span class='ocrx_word' id='word_1_4' title='bbox 891 299 1124 326; x_wconf 47' lang='lat' dir='ltr'>Ekrosnio.</span> <span class='ocrx_word' id='word_1_5' title='bbox 1354 288 1428 328; x_wconf 64' lang='lat'>1⁴1</span> 
     </span>
    </p>
   </div>
   <div class='ocr_carea' id='block_1_2' title="bbox 44 362 1438 2672">
    <p class='ocr_par' dir='ltr' id='par_1_2' title="bbox 44 362 1438 2672">
     <span class='ocr_line' id='line_1_2' title="bbox 57 362 1430 422; baseline 0.001 -15"><span class='ocrx_word' id='word_1_6' title='bbox 57 363 362 422; x_wconf 85' lang='lat' dir='ltr'>lmportunitas</span> <span class='ocrx_word' id='word_1_7' title='bbox 394 362 509 406; x_wconf 86' lang='lat' dir='ltr'>enim</span> <span class='ocrx_word' id='word_1_8' title='bbox 545 362 864 422; x_wconf 69' lang='lat' dir='ltr'>opportunitati</span> <span class='ocrx_word' id='word_1_9' title='bbox 901 363 1052 422; x_wconf 85' lang='lat' dir='ltr'>utique</span> <span class='ocrx_word' id='word_1_10' title='bbox 1085 364 1298 407; x_wconf 85' lang='lat' dir='ltr'>contraria</span> <span class='ocrx_word' id='word_1_11' title='bbox 1328 374 1390 409; x_wconf 88' lang='lat' dir='ltr'>est</span> <span class='ocrx_word' id='word_1_12' title='bbox 1422 384 1430 409; x_wconf 92' lang='lat'>:</span> 
     </span>
     <span class='ocr_line' id='line_1_3' title="bbox 53 431 1434 492; baseline 0.001 -16"><span class='ocrx_word' id='word_1_13' title='bbox 53 448 193 492; x_wconf 87' lang='lat' dir='ltr'>neque</span> <span class='ocrx_word' id='word_1_14' title='bbox 229 433 409 477; x_wconf 92' lang='lat' dir='ltr'>omnino</span> <span class='ocrx_word' id='word_1_15' title='bbox 444 431 583 476; x_wconf 90' lang='lat' dir='ltr'>ullum</span> <span class='ocrx_word' id='word_1_16' title='bbox 614 432 978 476; x_wconf 82' lang='lat' dir='ltr'>medicamentum</span> <span class='ocrx_word' id='word_1_17' title='bbox 1015 440 1165 486; x_wconf 84' lang='lat' dir='ltr'>sanat,</span> <span class='ocrx_word' id='word_1_18' title='bbox 1201 432 1279 475; x_wconf 85' lang='lat' dir='ltr'>nisi</span> <span class='ocrx_word' id='word_1_19' title='bbox 1315 433 1434 492; x_wconf 89' lang='lat' dir='ltr'>quod</span> 
     </span>
     <span class='ocr_line' id='line_1_4' title="bbox 53 502 1436 564; baseline -0.001 -15"><span class='ocrx_word' id='word_1_20' title='bbox 53 513 295 564; x_wconf 88' lang='lat' dir='ltr'>opportune</span> <span class='ocrx_word' id='word_1_21' title='bbox 317 503 582 548; x_wconf 83' lang='lat' dir='ltr'>adhibueris.</span> <span class='ocrx_word' id='word_1_22' title='bbox 605 505 867 563; x_wconf 83' lang='lat' dir='ltr'>Quanquam</span> <span class='ocrx_word' id='word_1_23' title='bbox 889 518 991 562; x_wconf 82' lang='lat' dir='ltr'>ergo</span> <span class='ocrx_word' id='word_1_24' title='bbox 1029 512 1073 547; x_wconf 87' lang='lat' dir='ltr'>et</span> <span class='ocrx_word' id='word_1_25' title='bbox 1101 503 1161 547; x_wconf 88' lang='lat' dir='ltr'>sic</span> <span class='ocrx_word' id='word_1_26' title='bbox 1180 502 1314 562; x_wconf 88' lang='lat' dir='ltr'>possit</span> <span class='ocrx_word' id='word_1_27' title='bbox 1345 504 1436 547; x_wconf 89' lang='lat' dir='ltr'>dis-</span> 
     </span>
     <span class='ocr_line' id='line_1_5' title="bbox 54 573 1436 632; baseline -0.001 -14"><span class='ocrx_word' id='word_1_28' title='bbox 54 573 214 631; x_wconf 84' lang='lat' dir='ltr'>tingui,</span> <span class='ocrx_word' id='word_1_29' title='bbox 247 576 365 618; x_wconf 86' lang='lat' dir='ltr'>Insta</span> <span class='ocrx_word' id='word_1_30' title='bbox 398 582 668 632; x_wconf 80' lang='lat' dir='ltr'>opportune,</span> <span class='ocrx_word' id='word_1_31' title='bbox 696 583 743 617; x_wconf 92' lang='lat' dir='ltr'>ut</span> <span class='ocrx_word' id='word_1_32' title='bbox 761 573 868 617; x_wconf 87' lang='lat' dir='ltr'>alius</span> <span class='ocrx_word' id='word_1_33' title='bbox 886 574 939 617; x_wconf 84' lang='lat' dir='ltr'>sit</span> <span class='ocrx_word' id='word_1_34' title='bbox 974 588 1122 617; x_wconf 88' lang='lat' dir='ltr'>sensus</span> <span class='ocrx_word' id='word_1_35' title='bbox 1141 607 1152 627; x_wconf 90' lang='lat'>‚</span> <span class='ocrx_word' id='word_1_36' title='bbox 1180 575 1436 632; x_wconf 89' lang='lat' dir='ltr'>Importune</span> 
     </span>
     <span class='ocr_line' id='line_1_6' title="bbox 53 642 1436 702; baseline 0 -15"><span class='ocrx_word' id='word_1_37' title='bbox 53 658 204 702; x_wconf 79' lang='lat' dir='ltr'>argue,</span> <span class='ocrx_word' id='word_1_38' title='bbox 230 642 388 686; x_wconf 91' lang='lat' dir='ltr'>deinde</span> <span class='ocrx_word' id='word_1_39' title='bbox 407 652 562 687; x_wconf 84' lang='lat' dir='ltr'>caetera</span> <span class='ocrx_word' id='word_1_40' title='bbox 585 652 891 697; x_wconf 81' lang='lat' dir='ltr'>contexantur,</span> <span class='ocrx_word' id='word_1_41' title='bbox 914 646 1113 698; x_wconf 85' lang='lat' dir='ltr'>Hortare,</span> <span class='ocrx_word' id='word_1_42' title='bbox 1137 643 1312 702; x_wconf 88' lang='lat' dir='ltr'>increpa</span> <span class='ocrx_word' id='word_1_43' title='bbox 1335 659 1436 687; x_wconf 88' lang='lat' dir='ltr'>eum</span> 
     </span>
     <span class='ocr_line' id='line_1_7' title="bbox 52 713 1438 773; baseline -0.001 -15"><span class='ocrx_word' id='word_1_44' title='bbox 52 715 170 758; x_wconf 91' lang='lat' dir='ltr'>omni</span> <span class='ocrx_word' id='word_1_45' title='bbox 187 713 497 772; x_wconf 83' lang='lat' dir='ltr'>longanimiate</span> <span class='ocrx_word' id='word_1_46' title='bbox 519 723 562 758; x_wconf 90' lang='lat' dir='ltr'>et</span> <span class='ocrx_word' id='word_1_47' title='bbox 579 713 776 758; x_wconf 90' lang='lat' dir='ltr'>doctrina</span> <span class='ocrx_word' id='word_1_48' title='bbox 799 734 807 758; x_wconf 92' lang='lat'>:</span> <span class='ocrx_word' id='word_1_49' title='bbox 834 723 884 758; x_wconf 90' lang='lat' dir='ltr'>ut</span> <span class='ocrx_word' id='word_1_50' title='bbox 906 723 1011 758; x_wconf 88' lang='lat' dir='ltr'>tunc</span> <span class='ocrx_word' id='word_1_51' title='bbox 1043 722 1317 773; x_wconf 86' lang='lat' dir='ltr'>opportunus</span> <span class='ocrx_word' id='word_1_52' title='bbox 1339 729 1438 758; x_wconf 89' lang='lat' dir='ltr'>sen-</span> 
     </span>
     <span class='ocr_line' id='line_1_8' title="bbox 53 783 1437 839; baseline 0.001 -12"><span class='ocrx_word' id='word_1_53' title='bbox 53 784 187 838; x_wconf 81' lang='lat' dir='ltr'>tiaris,</span> <span class='ocrx_word' id='word_1_54' title='bbox 225 799 326 828; x_wconf 90' lang='lat' dir='ltr'>cum</span> <span class='ocrx_word' id='word_1_55' title='bbox 347 784 478 828; x_wconf 89' lang='lat' dir='ltr'>instas</span> <span class='ocrx_word' id='word_1_56' title='bbox 511 783 794 839; x_wconf 77' lang='lat' dir='ltr'>aedificand03</span> <span class='ocrx_word' id='word_1_57' title='bbox 836 800 936 830; x_wconf 88' lang='lat' dir='ltr'>cum</span> <span class='ocrx_word' id='word_1_58' title='bbox 974 793 1120 829; x_wconf 88' lang='lat' dir='ltr'>autem</span> <span class='ocrx_word' id='word_1_59' title='bbox 1153 783 1338 829; x_wconf 88' lang='lat' dir='ltr'>destruis</span> <span class='ocrx_word' id='word_1_60' title='bbox 1368 800 1437 828; x_wconf 88' lang='lat' dir='ltr'>ar—</span> 
     </span>
     <span class='ocr_line' id='line_1_9' title="bbox 51 855 1436 914; baseline 0 -15"><span class='ocrx_word' id='word_1_61' title='bbox 51 855 250 913; x_wconf 80' lang='lat' dir='ltr'>guendo,</span> <span class='ocrx_word' id='word_1_62' title='bbox 276 870 365 899; x_wconf 91' lang='lat' dir='ltr'>non</span> <span class='ocrx_word' id='word_1_63' title='bbox 404 870 526 899; x_wconf 90' lang='lat' dir='ltr'>cures</span> <span class='ocrx_word' id='word_1_64' title='bbox 560 856 725 899; x_wconf 87' lang='lat' dir='ltr'>etiamsi</span> <span class='ocrx_word' id='word_1_65' title='bbox 748 855 1024 914; x_wconf 87' lang='lat' dir='ltr'>importunus</span> <span class='ocrx_word' id='word_1_66' title='bbox 1047 855 1230 900; x_wconf 90' lang='lat' dir='ltr'>videaris</span> <span class='ocrx_word' id='word_1_67' title='bbox 1247 891 1257 910; x_wconf 92' lang='lat'>‚</span> <span class='ocrx_word' id='word_1_68' title='bbox 1284 856 1318 899; x_wconf 86' lang='lat' dir='ltr'>si</span> <span class='ocrx_word' id='word_1_69' title='bbox 1353 856 1436 900; x_wconf 90' lang='lat' dir='ltr'>hoc</span> 
     </span>
     <span class='ocr_line' id='line_1_10' title="bbox 49 923 1435 985; baseline -0.001 -16"><span class='ocrx_word' id='word_1_70' title='bbox 49 935 112 969; x_wconf 91' lang='lat' dir='ltr'>est</span> <span class='ocrx_word' id='word_1_71' title='bbox 133 925 291 969; x_wconf 88' lang='lat' dir='ltr'>talibus</span> <span class='ocrx_word' id='word_1_72' title='bbox 318 926 632 984; x_wconf 87' lang='lat' dir='ltr'>importunum.</span> <span class='ocrx_word' id='word_1_73' title='bbox 658 928 721 968; x_wconf 86' lang='lat' dir='ltr'>lta</span> <span class='ocrx_word' id='word_1_74' title='bbox 742 923 831 969; x_wconf 88' lang='lat' dir='ltr'>duo</span> <span class='ocrx_word' id='word_1_75' title='bbox 854 941 953 984; x_wconf 77' lang='lat' dir='ltr'>quae</span> <span class='ocrx_word' id='word_1_76' title='bbox 975 934 1242 985; x_wconf 87' lang='lat' dir='ltr'>sequuntur,</span> <span class='ocrx_word' id='word_1_77' title='bbox 1269 924 1325 969; x_wconf 88' lang='lat' dir='ltr'>ad</span> <span class='ocrx_word' id='word_1_78' title='bbox 1346 925 1435 969; x_wconf 92' lang='lat' dir='ltr'>duo</span> 
     </span>
     <span class='ocr_line' id='line_1_11' title="bbox 48 993 1438 1055; baseline -0.001 -15"><span class='ocrx_word' id='word_1_79' title='bbox 48 996 268 1054; x_wconf 82' lang='lat' dir='ltr'>superiora</span> <span class='ocrx_word' id='word_1_80' title='bbox 292 1005 469 1055; x_wconf 82' lang='lat' dir='ltr'>possunt</span> <span class='ocrx_word' id='word_1_81' title='bbox 492 994 740 1053; x_wconf 83' lang='lat' dir='ltr'>singillatim</span> <span class='ocrx_word' id='word_1_82' title='bbox 761 993 933 1050; x_wconf 82' lang='lat' dir='ltr'>referri,</span> <span class='ocrx_word' id='word_1_83' title='bbox 958 998 1141 1039; x_wconf 88' lang='lat' dir='ltr'>Hortare</span> <span class='ocrx_word' id='word_1_84' title='bbox 1161 1011 1262 1039; x_wconf 90' lang='lat' dir='ltr'>cum</span> <span class='ocrx_word' id='word_1_85' title='bbox 1278 1010 1438 1054; x_wconf 92' lang='lat' dir='ltr'>oppor-</span> 
     </span>
     <span class='ocr_line' id='line_1_12' title="bbox 51 1064 1434 1125; baseline 0 -16"><span class='ocrx_word' id='word_1_86' title='bbox 51 1075 152 1109; x_wconf 87' lang='lat' dir='ltr'>tune</span> <span class='ocrx_word' id='word_1_87' title='bbox 186 1066 337 1120; x_wconf 77' lang='lat' dir='ltr'>instas,</span> <span class='ocrx_word' id='word_1_88' title='bbox 363 1066 536 1124; x_wconf 88' lang='lat' dir='ltr'>increpa</span> <span class='ocrx_word' id='word_1_89' title='bbox 560 1080 658 1109; x_wconf 90' lang='lat' dir='ltr'>cum</span> <span class='ocrx_word' id='word_1_90' title='bbox 680 1065 930 1124; x_wconf 87' lang='lat' dir='ltr'>importune</span> <span class='ocrx_word' id='word_1_91' title='bbox 966 1066 1108 1125; x_wconf 84' lang='lat' dir='ltr'>arguis</span> <span class='ocrx_word' id='word_1_92' title='bbox 1136 1085 1143 1110; x_wconf 88' lang='grc'>;</span> <span class='ocrx_word' id='word_1_93' title='bbox 1165 1064 1324 1109; x_wconf 89' lang='lat' dir='ltr'>deinde</span> <span class='ocrx_word' id='word_1_94' title='bbox 1349 1081 1434 1109; x_wconf 87' lang='lat' dir='ltr'>cae·</span> 
     </span>
     <span class='ocr_line' id='line_1_13' title="bbox 51 1136 1434 1192; baseline -0.001 -11"><span class='ocrx_word' id='word_1_95' title='bbox 51 1146 137 1181; x_wconf 86' lang='lat' dir='ltr'>tera</span> <span class='ocrx_word' id='word_1_96' title='bbox 155 1136 244 1181; x_wconf 90' lang='lat' dir='ltr'>duo</span> <span class='ocrx_word' id='word_1_97' title='bbox 261 1136 455 1181; x_wconf 86' lang='lat' dir='ltr'>similiter</span> <span class='ocrx_word' id='word_1_98' title='bbox 476 1172 486 1191; x_wconf 80' lang='grc'>,</span> <span class='ocrx_word' id='word_1_99' title='bbox 512 1136 586 1180; x_wconf 90' lang='lat' dir='ltr'>sed</span> <span class='ocrx_word' id='word_1_100' title='bbox 604 1152 810 1181; x_wconf 90' lang='lat' dir='ltr'>converso</span> <span class='ocrx_word' id='word_1_101' title='bbox 829 1137 982 1181; x_wconf 89' lang='lat' dir='ltr'>ordine</span> <span class='ocrx_word' id='word_1_102' title='bbox 998 1172 1008 1192; x_wconf 84' lang='lat'>,</span> <span class='ocrx_word' id='word_1_103' title='bbox 1027 1137 1294 1192; x_wconf 83' lang='lat' dir='ltr'>referuntur,</span> <span class='ocrx_word' id='word_1_104' title='bbox 1321 1139 1434 1182; x_wconf 83' lang='lat' dir='ltr'>Cum</span> 
     </span>
     <span class='ocr_line' id='line_1_14' title="bbox 48 1206 1433 1266; baseline -0.001 -15"><span class='ocrx_word' id='word_1_105' title='bbox 48 1207 165 1252; x_wconf 89' lang='lat' dir='ltr'>omni</span> <span class='ocrx_word' id='word_1_106' title='bbox 188 1206 515 1264; x_wconf 75' lang='lat' dir='ltr'>longanimitate</span> <span class='ocrx_word' id='word_1_107' title='bbox 547 1207 600 1250; x_wconf 92' lang='lat' dir='ltr'>ad</span> <span class='ocrx_word' id='word_1_108' title='bbox 623 1206 894 1251; x_wconf 83' lang='lat' dir='ltr'>sustinendas</span> <span class='ocrx_word' id='word_1_109' title='bbox 929 1206 1253 1266; x_wconf 86' lang='lat' dir='ltr'>indignationes</span> <span class='ocrx_word' id='word_1_110' title='bbox 1283 1223 1433 1252; x_wconf 86' lang='lat' dir='ltr'>eorum</span> 
     </span>
     <span class='ocr_line' id='line_1_15' title="bbox 47 1277 1434 1337; baseline 0 -15"><span class='ocrx_word' id='word_1_111' title='bbox 47 1294 154 1337; x_wconf 83' lang='lat' dir='ltr'>quos</span> <span class='ocrx_word' id='word_1_112' title='bbox 187 1278 398 1332; x_wconf 83' lang='lat' dir='ltr'>destruis,</span> <span class='ocrx_word' id='word_1_113' title='bbox 435 1288 478 1321; x_wconf 88' lang='lat' dir='ltr'>et</span> <span class='ocrx_word' id='word_1_114' title='bbox 502 1278 698 1322; x_wconf 87' lang='lat' dir='ltr'>doctrina</span> <span class='ocrx_word' id='word_1_115' title='bbox 736 1277 790 1322; x_wconf 86' lang='lat' dir='ltr'>ad</span> <span class='ocrx_word' id='word_1_116' title='bbox 822 1277 1075 1321; x_wconf 89' lang='lat' dir='ltr'>instruenda</span> <span class='ocrx_word' id='word_1_117' title='bbox 1105 1293 1255 1322; x_wconf 89' lang='lat' dir='ltr'>eorum</span> <span class='ocrx_word' id='word_1_118' title='bbox 1294 1278 1434 1322; x_wconf 87' lang='lat' dir='ltr'>studia</span> 
     </span>
     <span class='ocr_line' id='line_1_16' title="bbox 46 1348 1434 1409; baseline 0 -17"><span class='ocrx_word' id='word_1_119' title='bbox 46 1365 155 1409; x_wconf 82' lang='lat' dir='ltr'>quos</span> <span class='ocrx_word' id='word_1_120' title='bbox 175 1348 376 1392; x_wconf 79' lang='lat' dir='ltr'>aedificas.</span> <span class='ocrx_word' id='word_1_121' title='bbox 405 1352 565 1392; x_wconf 85' lang='lat' dir='ltr'>Tamen</span> <span class='ocrx_word' id='word_1_122' title='bbox 589 1349 754 1392; x_wconf 83' lang='lat' dir='ltr'>etiamsi</span> <span class='ocrx_word' id='word_1_123' title='bbox 773 1348 847 1392; x_wconf 92' lang='lat' dir='ltr'>illo</span> <span class='ocrx_word' id='word_1_124' title='bbox 874 1348 1094 1393; x_wconf 88' lang='lat' dir='ltr'>usitatiore</span> <span class='ocrx_word' id='word_1_125' title='bbox 1118 1349 1249 1393; x_wconf 88' lang='lat' dir='ltr'>modo</span> <span class='ocrx_word' id='word_1_126' title='bbox 1278 1349 1434 1392; x_wconf 86' lang='lat' dir='ltr'>distin-</span> 
     </span>
     <span class='ocr_line' id='line_1_17' title="bbox 48 1418 1429 1478; baseline -0.001 -16"><span class='ocrx_word' id='word_1_127' title='bbox 48 1428 205 1477; x_wconf 83' lang='lat' dir='ltr'>guatur</span> <span class='ocrx_word' id='word_1_128' title='bbox 233 1438 240 1462; x_wconf 91' lang='lat'>:</span> <span class='ocrx_word' id='word_1_129' title='bbox 264 1422 379 1462; x_wconf 89' lang='lat' dir='ltr'>Insta</span> <span class='ocrx_word' id='word_1_130' title='bbox 403 1428 675 1477; x_wconf 69' lang='lat' dir='ltr'>opportune3</span> <span class='ocrx_word' id='word_1_131' title='bbox 696 1418 815 1478; x_wconf 83' lang='lat' dir='ltr'>quod</span> <span class='ocrx_word' id='word_1_132' title='bbox 835 1419 867 1462; x_wconf 89' lang='lat' dir='ltr'>si</span> <span class='ocrx_word' id='word_1_133' title='bbox 883 1420 965 1462; x_wconf 91' lang='lat' dir='ltr'>hoe</span> <span class='ocrx_word' id='word_1_134' title='bbox 984 1418 1115 1463; x_wconf 93' lang='lat' dir='ltr'>modo</span> <span class='ocrx_word' id='word_1_135' title='bbox 1134 1435 1221 1463; x_wconf 89' lang='lat' dir='ltr'>non</span> <span class='ocrx_word' id='word_1_136' title='bbox 1243 1420 1429 1478; x_wconf 78' lang='lat' dir='ltr'>proficis,</span> 
     </span>
     <span class='ocr_line' id='line_1_18' title="bbox 47 1488 1432 1548; baseline 0 -16"><span class='ocrx_word' id='word_1_137' title='bbox 47 1489 296 1548; x_wconf 89' lang='lat' dir='ltr'>importune</span> <span class='ocrx_word' id='word_1_138' title='bbox 322 1508 330 1532; x_wconf 79' lang='lat'>2</span> <span class='ocrx_word' id='word_1_139' title='bbox 358 1489 415 1532; x_wconf 76' lang='lat' dir='ltr'>ita</span> <span class='ocrx_word' id='word_1_140' title='bbox 439 1488 768 1545; x_wconf 86' lang='lat' dir='ltr'>intelligendum</span> <span class='ocrx_word' id='word_1_141' title='bbox 792 1497 854 1532; x_wconf 86' lang='lat' dir='ltr'>est</span> <span class='ocrx_word' id='word_1_142' title='bbox 872 1524 882 1543; x_wconf 81' lang='grc'>,</span> <span class='ocrx_word' id='word_1_143' title='bbox 910 1497 957 1531; x_wconf 91' lang='lat' dir='ltr'>ut</span> <span class='ocrx_word' id='word_1_144' title='bbox 980 1498 1027 1532; x_wconf 91' lang='lat' dir='ltr'>tu</span> <span class='ocrx_word' id='word_1_145' title='bbox 1061 1489 1432 1548; x_wconf 84' lang='lat' dir='ltr'>opportunitatem</span> 
     </span>
     <span class='ocr_line' id='line_1_19' title="bbox 46 1558 1432 1617; baseline -0.001 -14"><span class='ocrx_word' id='word_1_146' title='bbox 46 1560 226 1604; x_wconf 90' lang='lat' dir='ltr'>omnino</span> <span class='ocrx_word' id='word_1_147' title='bbox 249 1575 337 1603; x_wconf 90' lang='lat' dir='ltr'>non</span> <span class='ocrx_word' id='word_1_148' title='bbox 359 1558 527 1603; x_wconf 86' lang='lat' dir='ltr'>deseras</span> <span class='ocrx_word' id='word_1_149' title='bbox 542 1594 557 1613; x_wconf 84' lang='grc'>,</span> <span class='ocrx_word' id='word_1_150' title='bbox 582 1567 623 1602; x_wconf 88' lang='lat' dir='ltr'>et</span> <span class='ocrx_word' id='word_1_151' title='bbox 646 1558 703 1602; x_wconf 91' lang='lat' dir='ltr'>sic</span> <span class='ocrx_word' id='word_1_152' title='bbox 725 1558 906 1617; x_wconf 83' lang='lat' dir='ltr'>accipias</span> <span class='ocrx_word' id='word_1_153' title='bbox 925 1558 1044 1617; x_wconf 82' lang='lat' dir='ltr'>quod</span> <span class='ocrx_word' id='word_1_154' title='bbox 1067 1558 1232 1603; x_wconf 87' lang='lat' dir='ltr'>dietum</span> <span class='ocrx_word' id='word_1_155' title='bbox 1257 1568 1336 1613; x_wconf 82' lang='lat' dir='ltr'>est,</span> <span class='ocrx_word' id='word_1_156' title='bbox 1358 1559 1432 1602; x_wconf 77' lang='lat' dir='ltr'>ini-</span> 
     </span>
     <span class='ocr_line' id='line_1_20' title="bbox 46 1628 1433 1688; baseline -0.001 -15"><span class='ocrx_word' id='word_1_157' title='bbox 46 1639 259 1688; x_wconf 88' lang='lat' dir='ltr'>portune,</span> <span class='ocrx_word' id='word_1_158' title='bbox 298 1638 346 1672; x_wconf 91' lang='lat' dir='ltr'>ut</span> <span class='ocrx_word' id='word_1_159' title='bbox 383 1628 445 1672; x_wconf 90' lang='lat' dir='ltr'>illi</span> <span class='ocrx_word' id='word_1_160' title='bbox 478 1628 660 1672; x_wconf 84' lang='lat' dir='ltr'>videaris</span> <span class='ocrx_word' id='word_1_161' title='bbox 694 1628 998 1686; x_wconf 85' lang='lat' dir='ltr'>importunus,</span> <span class='ocrx_word' id='word_1_162' title='bbox 1036 1628 1112 1688; x_wconf 89' lang='lat' dir='ltr'>qui</span> <span class='ocrx_word' id='word_1_163' title='bbox 1135 1644 1223 1672; x_wconf 88' lang='lat' dir='ltr'>non</span> <span class='ocrx_word' id='word_1_164' title='bbox 1246 1628 1433 1672; x_wconf 87' lang='lat' dir='ltr'>libenter</span> 
     </span>
     <span class='ocr_line' id='line_1_21' title="bbox 44 1697 1432 1759; baseline -0.001 -16"><span class='ocrx_word' id='word_1_165' title='bbox 44 1698 164 1743; x_wconf 87' lang='lat' dir='ltr'>audit</span> <span class='ocrx_word' id='word_1_166' title='bbox 185 1715 284 1759; x_wconf 80' lang='lat' dir='ltr'>quae</span> <span class='ocrx_word' id='word_1_167' title='bbox 308 1698 515 1742; x_wconf 85' lang='lat' dir='ltr'>dicuntur</span> <span class='ocrx_word' id='word_1_168' title='bbox 538 1699 582 1742; x_wconf 91' lang='lat' dir='ltr'>in</span> <span class='ocrx_word' id='word_1_169' title='bbox 604 1713 703 1741; x_wconf 91' lang='lat' dir='ltr'>eum</span> <span class='ocrx_word' id='word_1_170' title='bbox 730 1717 738 1741; x_wconf 76' lang='grc' dir='ltr'>ε</span> <span class='ocrx_word' id='word_1_171' title='bbox 766 1706 812 1741; x_wconf 89' lang='lat' dir='ltr'>tu</span> <span class='ocrx_word' id='word_1_172' title='bbox 844 1707 987 1741; x_wconf 85' lang='lat' dir='ltr'>tamen</span> <span class='ocrx_word' id='word_1_173' title='bbox 1009 1698 1114 1742; x_wconf 83' lang='lat' dir='ltr'>scias</span> <span class='ocrx_word' id='word_1_174' title='bbox 1151 1698 1231 1741; x_wconf 91' lang='lat' dir='ltr'>hoc</span> <span class='ocrx_word' id='word_1_175' title='bbox 1253 1697 1314 1742; x_wconf 87' lang='lat' dir='ltr'>illi</span> <span class='ocrx_word' id='word_1_176' title='bbox 1342 1714 1432 1742; x_wconf 84' lang='lat' dir='ltr'>esse</span> 
     </span>
     <span class='ocr_line' id='line_1_22' title="bbox 44 1769 1432 1830; baseline 0 -16"><span class='ocrx_word' id='word_1_177' title='bbox 44 1779 339 1828; x_wconf 83' lang='lat' dir='ltr'>opportunum</span> <span class='ocrx_word' id='word_1_178' title='bbox 360 1804 371 1824; x_wconf 83' lang='lat'>,</span> <span class='ocrx_word' id='word_1_179' title='bbox 418 1779 460 1813; x_wconf 91' lang='lat' dir='ltr'>et</span> <span class='ocrx_word' id='word_1_180' title='bbox 503 1769 780 1814; x_wconf 87' lang='lat' dir='ltr'>dilectionem</span> <span class='ocrx_word' id='word_1_181' title='bbox 826 1785 1065 1829; x_wconf 87' lang='lat' dir='ltr'>curamque</span> <span class='ocrx_word' id='word_1_182' title='bbox 1108 1770 1298 1814; x_wconf 83' lang='lat' dir='ltr'>sanitatis</span> <span class='ocrx_word' id='word_1_183' title='bbox 1342 1771 1432 1830; x_wconf 85' lang='lat' dir='ltr'>ejus</span> 
     </span>
     <span class='ocr_line' id='line_1_23' title="bbox 45 1839 1431 1885; baseline 0.001 -2"><span class='ocrx_word' id='word_1_184' title='bbox 45 1839 187 1883; x_wconf 91' lang='lat' dir='ltr'>animo</span> <span class='ocrx_word' id='word_1_185' title='bbox 224 1849 369 1883; x_wconf 87' lang='lat' dir='ltr'>teneas</span> <span class='ocrx_word' id='word_1_186' title='bbox 404 1849 629 1884; x_wconf 86' lang='lat' dir='ltr'>mansueto</span> <span class='ocrx_word' id='word_1_187' title='bbox 664 1849 706 1883; x_wconf 88' lang='lat' dir='ltr'>et</span> <span class='ocrx_word' id='word_1_188' title='bbox 746 1839 940 1884; x_wconf 81' lang='lat' dir='ltr'>modesto</span> <span class='ocrx_word' id='word_1_189' title='bbox 978 1849 1020 1884; x_wconf 90' lang='lat' dir='ltr'>et</span> <span class='ocrx_word' id='word_1_190' title='bbox 1056 1840 1264 1885; x_wconf 84' lang='lat' dir='ltr'>fraterno.</span> <span class='ocrx_word' id='word_1_191' title='bbox 1304 1841 1431 1884; x_wconf 85' lang='lat' dir='ltr'>Multi</span> 
     </span>
     <span class='ocr_line' id='line_1_24' title="bbox 46 1910 1431 1970; baseline 0.001 -16"><span class='ocrx_word' id='word_1_192' title='bbox 46 1911 160 1954; x_wconf 90' lang='lat' dir='ltr'>enim</span> <span class='ocrx_word' id='word_1_193' title='bbox 182 1920 327 1970; x_wconf 87' lang='lat' dir='ltr'>postea</span> <span class='ocrx_word' id='word_1_194' title='bbox 350 1911 588 1968; x_wconf 83' lang='lat' dir='ltr'>cogitantes</span> <span class='ocrx_word' id='word_1_195' title='bbox 611 1926 710 1970; x_wconf 81' lang='lat' dir='ltr'>quae</span> <span class='ocrx_word' id='word_1_196' title='bbox 734 1910 967 1964; x_wconf 86' lang='lat' dir='ltr'>audierint,</span> <span class='ocrx_word' id='word_1_197' title='bbox 993 1920 1035 1954; x_wconf 92' lang='lat' dir='ltr'>et</span> <span class='ocrx_word' id='word_1_198' title='bbox 1057 1927 1187 1970; x_wconf 86' lang='lat' dir='ltr'>quam</span> <span class='ocrx_word' id='word_1_199' title='bbox 1216 1914 1330 1969; x_wconf 79' lang='lat' dir='ltr'>justa</span> <span class='ocrx_word' id='word_1_200' title='bbox 1354 1927 1431 1955; x_wconf 86' lang='lat' dir='ltr'>au-</span> 
     </span>
     <span class='ocr_line' id='line_1_25' title="bbox 47 1980 1427 2041; baseline 0 -17"><span class='ocrx_word' id='word_1_201' title='bbox 47 1980 229 2035; x_wconf 85' lang='lat' dir='ltr'>dierint,</span> <span class='ocrx_word' id='word_1_202' title='bbox 253 1981 342 2039; x_wconf 89' lang='lat' dir='ltr'>ipse</span> <span class='ocrx_word' id='word_1_203' title='bbox 363 1996 406 2024; x_wconf 90' lang='lat' dir='ltr'>se</span> <span class='ocrx_word' id='word_1_204' title='bbox 425 1980 593 2038; x_wconf 84' lang='lat' dir='ltr'>gravius</span> <span class='ocrx_word' id='word_1_205' title='bbox 611 1989 653 2023; x_wconf 90' lang='lat' dir='ltr'>et</span> <span class='ocrx_word' id='word_1_206' title='bbox 670 1980 858 2023; x_wconf 89' lang='lat' dir='ltr'>severius</span> <span class='ocrx_word' id='word_1_207' title='bbox 885 1990 1145 2038; x_wconf 77' lang='lat' dir='ltr'>arguerunt3</span> <span class='ocrx_word' id='word_1_208' title='bbox 1168 1990 1208 2024; x_wconf 90' lang='lat' dir='ltr'>et</span> <span class='ocrx_word' id='word_1_209' title='bbox 1229 1982 1427 2041; x_wconf 84' lang='lat' dir='ltr'>quamvis</span> 
     </span>
     <span class='ocr_line' id='line_1_26' title="bbox 44 2049 1427 2110; baseline -0.001 -15"><span class='ocrx_word' id='word_1_210' title='bbox 44 2051 356 2110; x_wconf 86' lang='lat' dir='ltr'>perturbatiore</span> <span class='ocrx_word' id='word_1_211' title='bbox 389 2066 410 2094; x_wconf 81' lang='lat' dir='ltr'>a</span> <span class='ocrx_word' id='word_1_212' title='bbox 439 2049 605 2094; x_wconf 88' lang='lat' dir='ltr'>medico</span> <span class='ocrx_word' id='word_1_213' title='bbox 640 2049 892 2094; x_wconf 89' lang='lat' dir='ltr'>viderentur</span> <span class='ocrx_word' id='word_1_214' title='bbox 930 2050 1187 2105; x_wconf 76' lang='lat' dir='ltr'>abscedere,</span> <span class='ocrx_word' id='word_1_215' title='bbox 1222 2051 1427 2109; x_wconf 78' lang='lat' dir='ltr'>paulatini</span> 
     </span>
     <span class='ocr_line' id='line_1_27' title="bbox 46 2120 1427 2179; baseline -0.001 -15"><span class='ocrx_word' id='word_1_216' title='bbox 46 2122 166 2165; x_wconf 87' lang='lat' dir='ltr'>verbi</span> <span class='ocrx_word' id='word_1_217' title='bbox 197 2121 341 2179; x_wconf 84' lang='lat' dir='ltr'>vigore</span> <span class='ocrx_word' id='word_1_218' title='bbox 365 2120 408 2164; x_wconf 87' lang='lat' dir='ltr'>iu</span> <span class='ocrx_word' id='word_1_219' title='bbox 433 2120 643 2164; x_wconf 82' lang='lat' dir='ltr'>medullas</span> <span class='ocrx_word' id='word_1_220' title='bbox 664 2129 918 2179; x_wconf 69' lang='lat' dir='ltr'>penetrante</span> <span class='ocrx_word' id='word_1_221' title='bbox 936 2157 945 2175; x_wconf 79' lang='lat'>‚</span> <span class='ocrx_word' id='word_1_222' title='bbox 971 2121 1107 2164; x_wconf 82' lang='lat' dir='ltr'>sanati</span> <span class='ocrx_word' id='word_1_223' title='bbox 1143 2130 1243 2164; x_wconf 87' lang='lat' dir='ltr'>suut</span> <span class='ocrx_word' id='word_1_224' title='bbox 1274 2141 1280 2163; x_wconf 93' lang='lat'>:</span> <span class='ocrx_word' id='word_1_225' title='bbox 1309 2121 1427 2179; x_wconf 77' lang='lat' dir='ltr'>quod</span> 
     </span>
     <span class='ocr_line' id='line_1_28' title="bbox 46 2190 1429 2250; baseline -0.003 -16"><span class='ocrx_word' id='word_1_226' title='bbox 46 2207 130 2236; x_wconf 85' lang='lat' dir='ltr'>non</span> <span class='ocrx_word' id='word_1_227' title='bbox 157 2193 298 2245; x_wconf 80' lang='lat' dir='ltr'>lieret,</span> <span class='ocrx_word' id='word_1_228' title='bbox 325 2192 357 2234; x_wconf 91' lang='lat' dir='ltr'>si</span> <span class='ocrx_word' id='word_1_229' title='bbox 375 2206 544 2250; x_wconf 83' lang='lat' dir='ltr'>semper</span> <span class='ocrx_word' id='word_1_230' title='bbox 568 2200 891 2250; x_wconf 76' lang='lat' dir='ltr'>expectaremus</span> <span class='ocrx_word' id='word_1_231' title='bbox 917 2190 1226 2249; x_wconf 76' lang='lat' dir='ltr'>peri‹·lit;uitem</span> <span class='ocrx_word' id='word_1_232' title='bbox 1271 2199 1429 2248; x_wconf 45' lang='lat' dir='ltr'>putris-</span> 
     </span>
     <span class='ocr_line' id='line_1_29' title="bbox 45 2262 1424 2322; baseline -0.004 -15"><span class='ocrx_word' id='word_1_233' title='bbox 45 2264 240 2307; x_wconf 78' lang='lat' dir='ltr'>centibus</span> <span class='ocrx_word' id='word_1_234' title='bbox 265 2263 486 2318; x_wconf 83' lang='lat' dir='ltr'>membris,</span> <span class='ocrx_word' id='word_1_235' title='bbox 504 2262 682 2322; x_wconf 78' lang='lat' dir='ltr'>quando</span> <span class='ocrx_word' id='word_1_236' title='bbox 704 2278 804 2306; x_wconf 87' lang='lat' dir='ltr'>eum</span> <span class='ocrx_word' id='word_1_237' title='bbox 826 2262 980 2305; x_wconf 80' lang='lat' dir='ltr'>liberet</span> <span class='ocrx_word' id='word_1_238' title='bbox 999 2271 1073 2305; x_wconf 84' lang='lat' dir='ltr'>aut</span> <span class='ocrx_word' id='word_1_239' title='bbox 1098 2262 1162 2304; x_wconf 85' lang='lat' dir='ltr'>uri</span> <span class='ocrx_word' id='word_1_240' title='bbox 1179 2270 1252 2304; x_wconf 83' lang='lat' dir='ltr'>aut</span> <span class='ocrx_word' id='word_1_241' title='bbox 1276 2262 1424 2304; x_wconf 62' lang='lat' dir='ltr'>secari.</span> 
     </span>
     <span class='ocr_line' id='line_1_30' title="bbox 45 2332 1429 2392; baseline -0.002 -16"><span class='ocrx_word' id='word_1_242' title='bbox 45 2333 169 2386; x_wconf 84' lang='lat' dir='ltr'>Quod</span> <span class='ocrx_word' id='word_1_243' title='bbox 215 2349 294 2377; x_wconf 84' lang='lat' dir='ltr'>nec</span> <span class='ocrx_word' id='word_1_244' title='bbox 322 2333 400 2392; x_wconf 87' lang='lat' dir='ltr'>ipsi</span> <span class='ocrx_word' id='word_1_245' title='bbox 435 2334 625 2392; x_wconf 85' lang='lat' dir='ltr'>eorporis</span> <span class='ocrx_word' id='word_1_246' title='bbox 659 2333 813 2376; x_wconf 82' lang='lat' dir='ltr'>medici</span> <span class='ocrx_word' id='word_1_247' title='bbox 845 2332 1099 2384; x_wconf 79' lang='lat' dir='ltr'>attendunt,</span> <span class='ocrx_word' id='word_1_248' title='bbox 1141 2332 1216 2391; x_wconf 76' lang='lat' dir='ltr'>qui</span> <span class='ocrx_word' id='word_1_249' title='bbox 1252 2341 1429 2375; x_wconf 66' lang='lat' dir='ltr'>terrenae</span> 
     </span>
     <span class='ocr_line' id='line_1_31' title="bbox 46 2402 1428 2461; baseline -0.001 -15"><span class='ocrx_word' id='word_1_250' title='bbox 46 2404 251 2446; x_wconf 74' lang='lat' dir='ltr'>mercedis</span> <span class='ocrx_word' id='word_1_251' title='bbox 273 2403 435 2447; x_wconf 85' lang='lat' dir='ltr'>intuitu</span> <span class='ocrx_word' id='word_1_252' title='bbox 459 2412 627 2446; x_wconf 56' lang='lat' dir='ltr'>curant.</span> <span class='ocrx_word' id='word_1_253' title='bbox 653 2406 822 2456; x_wconf 85' lang='lat' dir='ltr'>Quotus</span> <span class='ocrx_word' id='word_1_254' title='bbox 846 2403 958 2444; x_wconf 64' lang='lat' dir='ltr'>onim</span> <span class='ocrx_word' id='word_1_255' title='bbox 984 2402 1168 2461; x_wconf 77' lang='lat' dir='ltr'>quisquc</span> <span class='ocrx_word' id='word_1_256' title='bbox 1201 2403 1428 2459; x_wconf 76' lang='lat' dir='ltr'>reperitur,</span> 
     </span>
     <span class='ocr_line' id='line_1_32' title="bbox 46 2472 1432 2532; baseline -0.001 -17"><span class='ocrx_word' id='word_1_257' title='bbox 46 2474 118 2532; x_wconf 81' lang='lat' dir='ltr'>qui</span> <span class='ocrx_word' id='word_1_258' title='bbox 146 2474 305 2517; x_wconf 64' lang='lat' dir='ltr'>ferrum</span> <span class='ocrx_word' id='word_1_259' title='bbox 340 2490 487 2517; x_wconf 82' lang='lat' dir='ltr'>corum</span> <span class='ocrx_word' id='word_1_260' title='bbox 514 2483 587 2517; x_wconf 73' lang='lat' dir='ltr'>aut</span> <span class='ocrx_word' id='word_1_261' title='bbox 612 2475 750 2531; x_wconf 73' lang='lat' dir='ltr'>ignem</span> <span class='ocrx_word' id='word_1_262' title='bbox 789 2488 875 2515; x_wconf 83' lang='lat' dir='ltr'>uon</span> <span class='ocrx_word' id='word_1_263' title='bbox 912 2473 1094 2527; x_wconf 69' lang='lat' dir='ltr'>lignatus</span> <span class='ocrx_word' id='word_1_264' title='bbox 1123 2482 1322 2529; x_wconf 71' lang='lat' dir='ltr'>expertus</span> <span class='ocrx_word' id='word_1_265' title='bbox 1351 2472 1432 2513; x_wconf 60' lang='lat' dir='ltr'>sit?</span> 
     </span>
     <span class='ocr_line' id='line_1_33' title="bbox 46 2541 1433 2603; baseline -0.003 -18"><span class='ocrx_word' id='word_1_266' title='bbox 46 2559 140 2586; x_wconf 78' lang='lat' dir='ltr'>cuni</span> <span class='ocrx_word' id='word_1_267' title='bbox 167 2554 208 2586; x_wconf 72' lang='lat' dir='ltr'>ct</span> <span class='ocrx_word' id='word_1_268' title='bbox 233 2544 291 2587; x_wconf 87' lang='lat' dir='ltr'>illi</span> <span class='ocrx_word' id='word_1_269' title='bbox 318 2545 496 2587; x_wconf 67' lang='lat' dir='ltr'>rariores</span> <span class='ocrx_word' id='word_1_270' title='bbox 519 2545 603 2587; x_wconf 80' lang='lat' dir='ltr'>sint</span> <span class='ocrx_word' id='word_1_271' title='bbox 625 2545 697 2603; x_wconf 76' lang='lat' dir='ltr'>qui</span> <span class='ocrx_word' id='word_1_272' title='bbox 726 2542 918 2587; x_wconf 57' lang='lat' dir='ltr'>volente,</span> <span class='ocrx_word' id='word_1_273' title='bbox 943 2541 1056 2597; x_wconf 65' lang='lat' dir='ltr'>ligati</span> <span class='ocrx_word' id='word_1_274' title='bbox 1080 2542 1270 2584; x_wconf 56' lang='lat' dir='ltr'>fuerint?</span> <span class='ocrx_word' id='word_1_275' title='bbox 1289 2542 1433 2584; x_wconf 69' lang='lat' dir='ltr'>l&#39;lurvs</span> 
     </span>
     <span class='ocr_line' id='line_1_34' title="bbox 49 2611 1431 2672; baseline -0.004 -15"><span class='ocrx_word' id='word_1_276' title='bbox 49 2614 157 2658; x_wconf 78' lang='lat' dir='ltr'>enim</span> <span class='ocrx_word' id='word_1_277' title='bbox 187 2616 456 2670; x_wconf 59' lang='lat' dir='ltr'>resistentes,</span> <span class='ocrx_word' id='word_1_278' title='bbox 494 2624 535 2658; x_wconf 81' lang='lat' dir='ltr'>et</span> <span class='ocrx_word' id='word_1_279' title='bbox 560 2616 664 2658; x_wconf 78' lang='lat' dir='ltr'>niori</span> <span class='ocrx_word' id='word_1_280' title='bbox 690 2632 732 2657; x_wconf 68' lang='lat' dir='ltr'>sc</span> <span class='ocrx_word' id='word_1_281' title='bbox 754 2613 863 2658; x_wconf 70' lang='lat' dir='ltr'>nmh·</span> <span class='ocrx_word' id='word_1_282' title='bbox 899 2613 1132 2656; x_wconf 60' lang='lat' dir='ltr'>(laniantes</span> <span class='ocrx_word' id='word_1_283' title='bbox 1153 2648 1162 2662; x_wconf 72' lang='grc'>,</span> <span class='ocrx_word' id='word_1_284' title='bbox 1198 2628 1327 2672; x_wconf 72' lang='lat' dir='ltr'>quam</span> <span class='ocrx_word' id='word_1_285' title='bbox 1360 2611 1431 2654; x_wconf 77' lang='lat' dir='ltr'>illo</span> 
     </span>
    </p>
   </div>
  </div>
 </body>
</html>
