1924 3309
456 198 539 237 4145
878 208 909 234 s.
947 206 1176 235 Auous'ssm
1209 208 1388 236 Emscom

451 273 532 317 nisi
563 273 753 330 bonurn3
785 272 972 317 fundum
1002 273 1181 333 qumis,
1218 272 1387 317 nonnisi
1422 273 1616 329 bonum3
1651 271 1831 317 domum

449 343 608 403 quaeris
624 377 636 398 ‚
656 342 829 387 nonnisi
851 342 1010 388 bonam
1029 357 1233 400 3ux01·em
1255 343 1428 402 quaeris,
1455 343 1627 388 nonnisi
1645 343 1834 400 bonam3

452 415 644 459 tunicam
677 414 848 459 nonnisi
883 415 1042 459 bonam
1060 449 1070 469 ‚
1107 413 1287 472 caligam
1316 415 1488 459 nonnisi
1515 415 1676 460 bonam
1705 434 1714 459 :
1739 414 1837 459 ani-

448 501 566 530 mam
604 484 738 530 solam
761 485 934 530 malam.
960 487 1114 530 Nonne
1151 483 1231 527 tibi
1262 485 1351 543 ipse
1374 500 1417 529 es
1456 486 1723 541 contrarius,
1761 484 1837 544 qui

449 557 565 602 bona
589 557 746 618 quaeris
764 592 774 612 ‚
795 572 894 601 cum
921 557 975 600 sis
998 554 1168 600 malus?
1187 555 1230 600 Si
1253 556 1367 600 bona
1399 557 1557 616 quaeris
1575 591 1585 611 ,
1607 557 1724 616 prius
1746 564 1839 600 esto

452 627 542 687 ipse
559 626 680 688 quod
699 627 872 687 quaeris.
901 627 943 671 Si
974 635 1117 670 autem
1146 625 1283 670 malus
1311 625 1449 670 multa
1475 627 1590 671 bona
1605 627 1806 671 invenisti
1824 661 1834 681 ,

452 698 560 759 quid
586 699 662 744 tibi
684 697 888 758 prodest,
915 698 1015 756 quia
1045 706 1090 740 tu
1115 697 1296 756 peristi?
1330 700 1484 742 Amate
1517 698 1652 742 bonas
1676 697 1839 741 animas

450 779 611 814 vestras
634 789 642 814 ;
674 769 774 813 odio
800 769 957 812 habete
983 768 1118 812 malas
1144 769 1307 813 animas
1329 778 1503 814 vestraS.
1542 768 1626 814 Sed
1653 768 1840 812 amando

451 837 577 883 illum
605 856 628 884 a
651 854 740 899 quo
763 848 827 882 est
847 853 976 883 omne
998 839 1165 883 bonum
1183 874 1193 894 ‚
1214 839 1320 884 boni
1342 839 1473 884 eritis.
1501 839 1614 883 Odio
1631 838 1840 883 habentes

451 909 567 953 mala
586 918 726 954 vestra
742 944 753 964 ‚
777 909 890 954 bona
916 909 1073 967 eligite.

511 982 589 1023 VI.
613 978 729 1033 Quid
747 988 833 1034 est,
860 979 959 1023 odio
976 980 1138 1023 habere
1160 979 1271 1024 mala
1293 982 1400 1024 tua?
1422 978 1683 1024 Poenitendo
1701 979 1841 1024 confi-

456 1049 535 1094 teri
572 1059 750 1110 peccata
773 1058 863 1094 tua.
889 1051 1041 1094 Omnis
1069 1051 1184 1094 enim
1216 1051 1458 1110 potantem,
1494 1059 1537 1094 et
1568 1059 1742 1110 peccata
1765 1064 1841 1094 sua

452 1120 710 1179 poenitendo
724 1121 953 1176 confitens,
978 1120 1175 1165 irascitur
1190 1121 1269 1164 sibi
1287 1142 1297 1178 3
1312 1130 1355 1164 et
1376 1120 1568 1179 quodam
1589 1119 1720 1165 modo
1741 1135 1842 1179 poe-

454 1191 638 1235 nitendo
656 1190 849 1235 vindicat
868 1191 912 1234 in
930 1207 974 1235 se
996 1191 1116 1251 quod
1138 1191 1337 1250 displicet
1358 1191 1452 1235 sibi.
1479 1195 1595 1236 Deus
1611 1191 1725 1235 enim
1750 1190 1842 1235 odit

451 1269 695 1320 peccatum.
721 1261 764 1306 Si
789 1269 832 1304 et
855 1270 903 1304 tu
921 1260 1063 1305 oderis
1083 1262 1127 1305 in
1151 1271 1191 1305 te
1206 1296 1216 1316 ‚
1245 1261 1366 1321 quod
1383 1271 1427 1306 et
1449 1265 1562 1305 Deus
1580 1262 1700 1316 odit,
1725 1262 1841 1306 inte-

451 1332 532 1376 rim
565 1331 710 1393 aliqua
747 1332 974 1376 voluntate
1011 1333 1286 1393 conjungeris
1320 1336 1436 1389 Deo,
1473 1333 1579 1377 dum
1615 1334 1698 1378 hoc
1731 1333 1777 1377 in
1803 1342 1841 1377 te

454 1403 583 1448 odisti
606 1402 727 1463 quod
749 1402 841 1447 odit
863 1412 906 1447 et
928 1406 1056 1448 Deus.
1086 1404 1195 1448 Saevi
1223 1402 1268 1447 in
1292 1413 1333 1448 te
1349 1439 1360 1459 ‚
1386 1413 1437 1448 ut
1459 1407 1572 1448 Deus
1601 1404 1843 1448 intercedat

454 1474 531 1519 tibi
549 1510 560 1530 ,
586 1483 629 1519 et
651 1491 741 1519 non
766 1474 944 1519 damnet
974 1484 1031 1519 te.
1064 1478 1296 1519 Peccatum
1317 1475 1432 1518 enim
1454 1475 1546 1519 sine
1569 1475 1842 1519 dubitatione

452 1545 725 1605 puniendum
751 1554 815 1590 est
841 1565 850 1591 ;
874 1547 959 1590 hoe
990 1545 1177 1590 debetur
1208 1554 1407 1606 peccato,
1445 1545 1615 1604 punitio
1631 1580 1642 1600 ,
1665 1544 1843 1589 damna-

452 1617 527 1661 tio.
561 1617 840 1662 Puniendum
869 1626 933 1662 est
966 1626 1216 1677 peccatum,
1243 1625 1319 1662 aut
1341 1634 1364 1662 a
1392 1625 1462 1672 te,
1487 1625 1564 1660 aut
1584 1617 1638 1660 ab
1661 1616 1770 1676 ipso.
1799 1616 1843 1661 Si

452 1688 635 1747 punitur
657 1704 681 1732 a
706 1697 746 1732 te
763 1723 774 1743 ,
800 1698 907 1733 tune
929 1688 1136 1746 punietur
1154 1689 1244 1732 sine
1262 1697 1305 1732 te
1332 1706 1340 1733 :
1361 1687 1395 1731 si
1412 1702 1516 1732 vero
1533 1703 1557 1730 a
1579 1695 1622 1730 te
1644 1701 1734 1731 non
1755 1702 1842 1746 pu-

453 1758 594 1813 nitur,
615 1767 762 1802 tecum
778 1757 961 1816 punitur
977 1759 1007 1801 1.
1033 1757 1346 1803 «Confitemini
1368 1771 1470 1815 ergo
1493 1757 1680 1802 Domino
1695 1791 1706 1813 ‚
1729 1772 1843 1817 quo-

455 1847 475 1870 »
512 1829 628 1872 niam
658 1828 799 1873 bonus
832 1837 910 1872 est.
939 1845 960 1869 »
987 1827 1178 1872 Laudate
1212 1837 1428 1887 quantum
1462 1828 1638 1886 potestis
1657 1863 1668 1883 ,
1703 1838 1844 1872 amate

454 1909 669 1960 quantum
691 1900 868 1960 potestis
886 1918 894 1944 ;
915 1899 1130 1944 effundite
1147 1914 1294 1944 coram
1311 1898 1386 1943 illo
1408 1898 1539 1943 corda
1557 1908 1712 1955 vestra,
1732 1902 1844 1944 Deus

455 1969 628 2030 adjutor
649 1978 795 2015 noster
810 1971 827 1994 ²
844 2004 855 2025 ,
886 1988 905 2012 «
932 1969 1141 2030 quoniam
1165 1969 1307 2015 bonus
1324 1978 1401 2014 est.
1435 1987 1454 2011 »

512 2085 520 2102 ¹
536 2079 615 2112 Vide
631 2091 727 2122 supra
745 2080 847 2113 Serui.
861 2090 928 2120 xlx,
948 2090 978 2112 n.
1006 2088 1038 2121 2,
1059 2084 1092 2111 et
1109 2082 1212 2112 Serui.
1229 2090 1285 2121 xx,
1304 2090 1335 2112 n.
1357 2087 1389 2111 2.
1405 2095 1446 2101 —-
1464 2084 1475 2101 ²
1497 2077 1577 2112 psal.
1597 2088 1659 2120 Lm,
1679 2090 1711 2120 9.
