1867 3320
270 327 408 356 senno
442 332 627 375 xxxvii,
665 341 716 367 ms
752 346 992 379 Piiovzafflls
1022 354 1264 392 suonosis.
1359 361 1439 399 485»

28 389 228 434 ‚Nescio
261 406 358 451 quae
392 395 548 441 mulier
571 403 686 460 apud
714 407 946 458 Photinum
970 422 1225 483 quemdam,
1256 431 1438 491 lapidem

71 460 192 520 quasi
213 464 450 521 pretiosum
478 467 533 512 de
554 486 809 524 ornamento
830 481 958 543 hujus
980 490 1168 538 mulieris
1189 513 1405 550 excussum
1424 543 1435 562 ‚

63 529 155 590 jam
179 530 306 577 vilem
330 544 373 579 et
394 537 638 598 abjectum,
677 549 794 594 unde
815 551 1003 602 haeretici
1027 561 1267 612 Photiniani
1289 577 1438 633 appel-

0 628 5 657 t
66 598 235 658 lantur‚
268 604 351 650 hoc
373 606 505 668 elegit
526 615 650 672 quasi
671 618 851 680 simplex
873 626 1049 684 pallium
1068 631 1209 680 facere
1232 641 1321 686 viro
1342 661 1433 692 suo.

0 668 2 676 ⁸
64 673 164 717 Non·
196 676 363 736 accepit
399 677 474 723 ille
508 683 663 745 utique
700 703 723 733 a
743 707 818 737 sua
841 699 1051 759 conjuge,
1073 719 1174 750 vere
1194 724 1294 766 sua,
1331 715 1439 762 sicut

61 742 270 802 scriptum
293 756 379 791 est:
401 750 538 795 Unius
558 753 747 815 duplicia
770 774 869 808 sunt
896 768 1036 825 pallia.
1058 773 1135 819 Ille
1158 779 1270 824 enim
1294 784 1437 830 Chris-

50 816 152 857 ‘Ium
173 814 312 860 solum
337 818 559 869 hominem
582 826 702 873 dixit.
728 834 892 881 Rursus
910 842 1049 887 extitit
1069 849 1212 894 nescio
1234 868 1330 912 quae
1354 856 1434 902 alia

42 876 311 932 detestanda
347 890 530 949 mulier,
571 900 691 956 quasi
727 911 771 946 et
804 904 895 965 ipsa
929 918 1073 958 texens
1110 917 1201 964 viro
1230 923 1428 981 pallium,

55 961 205 1000 texens
227 967 372 1004 autem
395 977 607 1022 pannosas
629 967 823 1019 fabellas.
847 979 919 1023 Ait
940 983 1080 1029 enim:
1105 989 1298 1036 Christus

49 1034 116 1069 est
132 1035 304 1074 tantum
324 1066 334 1085 ‚
358 1034 537 1080 omnino
557 1037 746 1086 hominis
771 1045 879 1090 nihil
894 1049 1073 1099 habens.
1093 1059 1184 1103 Hoc
1205 1064 1432 1111 Manichaei

46 1095 220 1154 ficunt.
248 1101 521 1161 Photiniani,
546 1107 682 1155 homo
700 1120 897 1176 tantum3
921 1123 1168 1184 Manichaei,
1203 1134 1312 1178 Deus
1335 1145 1429 1181 tan-

49 1186 52 1188 >
70 1181 158 1210 um.
191 1167 260 1213 Illi
282 1171 393 1218 nihil
415 1175 614 1224 divinum
645 1180 691 1226 in
708 1185 892 1233 Domino
909 1195 1168 1243 confitentur

40 1246 51 1295 52
66 1245 188 1282 otum
222 1240 450 1302 divinum,
488 1258 532 1294 et
564 1259 711 1298 tamen
748 1264 834 1302 tam
865 1259 1019 1308 falsum

0 606 4 617 Ἴ
0 535 6 591 ..ns-
0 463 7 530 -4-
0 433 8 457 :a

1185 1222 1195 1257 3
1220 1203 1285 1247 isti
1304 1209 1425 1265 quasi

1037 1301 1047 1320 ‚
1083 1278 1132 1313 ut
1165 1287 1243 1316 nec
1273 1275 1422 1322 saltem

6 1398 10 1399 ⁷
41 1394 145 1438 rgo
166 1385 396 1430 crucifixus
418 1403 509 1433 non
532 1401 623 1446 est,
648 1410 750 1454 ergo
772 1414 851 1444 nec
874 1408 1114 1451 resurrexit.
1141 1413 1224 1464 Qui
1249 1414 1321 1458 ille
1350 1432 1419 1460 re—

5 1722 11 1771 ῗ
33 1749 132 1780 era
155 1752 278 1795 caro,
307 1757 409 1788 vera
435 1760 573 1803 mors,
603 1764 703 1795 vera
729 1767 855 1810 crux,
882 1772 1007 1803 verus
1041 1761 1196 1819 bomo,
1224 1776 1265 1810 et
1296 1776 1409 1814 totus

6 1800 11 1854 Ῐ
47 1807 187 1854 eritas
206 1830 215 1855 :
238 1811 332 1857 laus
352 1815 582 1863 abundans
603 1820 658 1865 de
678 1822 775 1867 colo
797 1826 924 1886 hujus
946 1830 1151 1877 mulieris.
1168 1838 1246 1888 Qui
1267 1848 1408 1884 autem

8 1924 11 1929 ,
66 1887 108 1924 ta
129 1879 409 1930 laudabiliter
431 1887 620 1946 duplicia
644 1892 774 1951 pallia
796 1896 1049 1955 timuerunt,
1078 1906 1302 1953 mendacio
1324 1912 1406 1955 du-

27 1949 161 1997 ilices
176 1967 524 2003 remanserunt.«
546 1961 742 2022 Duplicia
763 1966 889 2026 pallia
906 1968 1004 2015 fecit
1025 1973 1115 2018 viro
1137 1991 1258 2022 suo.»
1276 1983 1402 2025 Pror-

8 2011 13 2032 ²
35 2036 97 2065 us
119 2021 309 2083 duplicia
328 2025 457 2086 pallia
476 2028 593 2076 fecit.
619 2034 840 2082 Confitere
861 2042 1019 2097 Deum,
1044 2046 1246 2091 confitere
1269 2050 1400 2096 homi-

10 2085 26 2146 {g
57 2107 156 2152 em3
191 2093 339 2141 lauda·
359 2100 498 2144 Deum
531 2102 576 2146 in
597 2104 798 2164 homine,
822 2108 951 2157 lauda
974 2113 1188 2162 hominem
1225 2121 1265 2163 in
1292 2125 1391 2166 Deo.

61 2164 178 2209 exuit
200 2168 557 2225 pretiosissimum
581 2173 691 2221 illud
713 2178 894 2238 pallium
917 2182 1054 2230 laudis
1080 2207 1087 2231 :
1116 2207 1134 2229 «
1163 2192 1209 2232 In
1234 2193 1391 2250 princi-

10 2247 15 2251 ·
78 2235 152 2294 pio
174 2247 266 2282 erat
284 2240 479 2287 Verbum
497 2279 509 2300 ,
530 2255 574 2290 et
591 2248 784 2294 Verbum
803 2263 893 2298 erat
910 2256 1023 2314 apud
1047 2260 1177 2304 Deum
1193 2297 1203 2315 ‚
1225 2273 1265 2309 et
1285 2269 1392 2312 Deus

76 2317 169 2353 erat
192 2311 388 2357 Verbum
423 2335 431 2360 :
462 2316 546 2362 hoc
568 2329 658 2364 erat
688 2322 732 2366 in
764 2325 972 2385 principio
1002 2332 1117 2388 apud
1153 2336 1286 2381 Deum
1309 2343 1335 2382 ¹.
1366 2361 1384 2381 n

54 2379 171 2424 exuit
187 2389 231 2425 et
247 2380 366 2428 aliud
389 2386 584 2445 pallium,
601 2402 778 2452 propter
795 2401 1153 2447 conversationem
1176 2406 1285 2451 inter
1307 2410 1385 2454 lio-

18 2448 154 2494 nines
176 2452 477 2512 quotidianam
500 2478 508 2503 :
539 2479 559 2502 «
585 2463 777 2508 Verbum
801 2481 897 2511 caro
917 2466 1072 2515 sactum
1092 2484 1152 2518 cst
1169 2511 1178 2529 ‚
1201 2488 1241 2522 ct
1261 2480 1383 2523 liabi-

28 2552 29 2555 ,
73 2522 186 2567 tavit
202 2523 247 2568 in
266 2526 434 2572 nobis‘2.
452 2531 646 2591 Duplicia
666 2535 790 2593 pallia
815 2537 913 2583 fi‘cit
936 2541 1024 2585 viro
1047 2559 1137 2589 suo.
1160 2565 1178 2585 n

19 2609 41 2623 -·
69 2592 236 2639 XVIII.
267 2616 286 2638 «
308 2599 370 2642 De
391 2599 519 2658 bysso
541 2612 582 2647 et
604 2620 791 2665 purpura
811 2611 1057 2656 vestimenta
1086 2616 1163 2659 sibi
1189 2618 1283 2663 lecit
1303 2625 1328 2662 ⁷¹.
1362 2645 1376 2658 ι»

57 2681 64 2697 ¹
88 2677 177 2710 Joan.
200 2690 224 2719 r,
245 2691 272 2712 1.
295 2698 335 2704 -—
360 2684 471 2718 ²1bid.
498 2687 532 2728 'l
570 2705 609 2711 —
632 2688 740 2721 ’51ἰ-ον
773 2703 841 2724 rui
860 2704 910 2726 T).
