1924 3309
435 285 516 325 158
871 296 905 326 s.
941 296 1171 328 mensum
1204 300 1385 331 nmscom

431 369 628 405 turarum
654 375 995 407 commemorare
1016 363 1250 422 possimus,
1275 365 1352 410 sed
1381 381 1436 410 ne
1467 380 1697 411 oneremus
1724 380 1817 411 me-

428 431 610 475 moriam
635 432 881 477 sanctitatis
899 435 1078 487 Vestrae‚
1095 432 1175 477 ista
1197 448 1556 480 commemorasse
1577 435 1813 480 suffecerit.

429 503 596 546 Caetera
618 517 694 547 vos
720 502 834 562 ipsos
857 518 1052 563 quaerere
1068 537 1079 558 ,
1103 503 1174 547 vel
1201 520 1303 549 cum
1328 506 1562 566 Scripturae
1583 506 1813 566 leguntur,
1875 516 1878 519 '

429 572 669 628 advertere,
684 581 815 633 atque
837 573 949 617 inter
967 588 1042 618 vos
1063 573 1337 620 considerare
1355 575 1628 621 concorditer
1650 584 1695 621 et
1713 590 1815 636 per-

429 651 613 688 tractare
636 643 934 689 adhortamur.
955 644 1163 689 Conversi
1177 653 1261 690 etc.

428 809 1814 831 mmmmmwwmmmmummumwwmwwmmmvwvvmmwmmmm

942 938 1178 985 SERMO
1214 936 1300 984 11¹.

696 1099 781 1146 'De
805 1102 1070 1146 tentatione
1095 1101 1144 1146 A
1150 1097 1314 1144 bralzoe
1337 1115 1369 1144 α
1391 1098 1515 1144 Deo.

482 1260 517 1301 Ι.
542 1260 782 1303 Νοτιεευνιᾼ
805 1259 941 1318 pietas
964 1259 1095 1318 patris
1129 1258 1264 1303 nostri
1281 1258 1468 1302 Abrahae
1497 1255 1665 1302 reddita
1686 1255 1813 1301 nobis

421 1336 484 1371 est
505 1328 552 1371 in
574 1328 829 1391 memoriam
850 1344 927 1388 per
949 1338 1167 1374 recentem
1185 1328 1418 1373 lectionem
1444 1347 1452 1372 :
1479 1336 1522 1372 et
1548 1336 1617 1372 est
1633 1327 1811 1388 quidem

420 1399 478 1443 ita
501 1398 726 1454 mirabilis,
752 1409 803 1443 ut
825 1399 997 1444 nullum
1021 1416 1095 1444 cor
1114 1399 1415 1444 arbitrandum
1438 1399 1492 1443 sit
1514 1407 1602 1443 tam
1625 1397 1811 1443 oblivio-

422 1486 516 1514 sum
536 1505 548 1526 ‚
574 1480 624 1515 ut
642 1470 743 1514 inde
768 1470 1005 1530 aliquando
1026 1471 1139 1515 elabi
1160 1471 1307 1531 possit.
1331 1473 1644 1530 Verumtamen
1665 1469 1810 1514 nescio

418 1541 672 1601 quomodo,
709 1541 1070 1600 quotiescumque
1102 1541 1287 1599 legitur,
1325 1541 1449 1600 quasi
1480 1550 1587 1585 tunc
1618 1539 1719 1595 fiat,
1752 1540 1811 1584 ita

419 1611 554 1655 afficit
585 1620 752 1655 mentes
787 1611 1074 1654 audientium.
1112 1614 1272 1669 Magna
1298 1610 1431 1665 fides,
1454 1625 1609 1668 magna
1640 1610 1805 1669 pietas,

418 1697 508 1726 non
525 1681 666 1725 solum
690 1684 734 1724 in
756 1684 897 1725 Deum
917 1715 928 1736 ‚
949 1681 1025 1724 sed
1048 1681 1176 1724 etiam
1198 1681 1243 1724 in
1261 1681 1402 1739 ipsum
1423 1680 1602 1724 unicum
1621 1679 1780 1724 Filium
1794 1714 1806 1735 ‚

418 1752 489 1796 cui
511 1751 621 1795 nihil
643 1750 744 1794 mali
767 1767 858 1795 esse
888 1760 1009 1810 pater
1031 1750 1238 1806 credidit,
1258 1750 1475 1811 quidquid
1497 1750 1551 1794 de
1572 1750 1649 1794 illo
1663 1751 1806 1810 jusse-

416 1831 483 1866 rat
504 1822 581 1881 qui
613 1822 815 1866 creavit2.
841 1825 968 1866 Pater
994 1822 1110 1865 enim
1143 1822 1221 1862 filii
1256 1822 1322 1863 sui
1349 1835 1438 1864 esse
1462 1829 1632 1879 poterat
1666 1821 1807 1865 Abra·-

414 1893 541 1947 ham,
576 1891 820 1936 secundum
844 1891 1142 1949 operationem
1165 1890 1303 1933 carnis
1320 1925 1330 1944 ,
1357 1906 1447 1934 non
1470 1899 1615 1934 autem
1639 1899 1807 1936 creator

416 1972 459 2006 et
479 1961 701 2016 conditor,
734 1960 976 2004 secundum
1005 1960 1303 2019 operationem
1331 1961 1580 2020 majestatis.
1615 1963 1672 2005 Et
1702 1961 1804 2021 qui-

413 2031 538 2087 dem,
559 2031 671 2076 sicut
692 2031 798 2074 dicit
815 2030 1071 2089 Apostolus,
1098 2046 1187 2074 non
1212 2029 1454 2074 secundum
1478 2046 1651 2075 carnem
1675 2040 1804 2076 natus

413 2112 476 2146 est
513 2105 632 2147 Isaac
671 2101 857 2145 Abrahae
875 2135 885 2155 ,
916 2101 991 2144 sed
1015 2116 1065 2144 ex
1087 2100 1395 2159 promissione3
1424 2119 1433 2144 :
1466 2116 1556 2145 non
1577 2101 1680 2161 quia
1701 2117 1802 2146 eum

410 2188 539 2217 carne
561 2188 650 2218 non
670 2181 763 2216 erat
780 2180 998 2231 operatus,
1019 2170 1095 2215 sed
1117 2171 1218 2229 quia
1237 2170 1292 2214 de
1313 2186 1482 2215 summa
1503 2171 1802 2231 desperatione

411 2253 688 2302 susceperat3
709 2252 752 2286 et
774 2242 856 2286 nisi
873 2241 1038 2285 adesset
1059 2242 1314 2300 promittens
1340 2245 1453 2286 Deus
1468 2276 1479 2297 ‚
1499 2241 1610 2286 nihil
1626 2251 1714 2287 tam
1731 2258 1800 2287 se·-

411 2329 493 2357 nex
516 2312 570 2356 de
597 2312 833 2358 visceribus
857 2311 1038 2356 aniculae
1062 2312 1255 2371 conjugis
1277 2327 1447 2370 sperare
1475 2311 1667 2356 audebat
1699 2328 1801 2372 pos-

411 2384 607 2428 teritatis.
634 2385 717 2428 Sed
734 2383 924 2428 credidit
944 2382 1213 2427 nasciturum
1227 2417 1237 2436 ‚
1258 2392 1302 2426 et
1323 2398 1411 2427 non
1433 2383 1599 2442 plangit
1616 2384 1802 2428 moritu-

413 2470 527 2498 rum.
550 2456 655 2514 Ejus
683 2453 859 2498 dextera
884 2453 1059 2512 eligitur
1077 2452 1132 2497 ad
1151 2453 1407 2497 sacrificium
1423 2488 1434 2509 ‚
1457 2463 1505 2498 ut
1524 2463 1768 2498 moreretur
1787 2475 1799 2513 3

411 2526 480 2585 cuj
489 2541 536 2569 us
559 2540 632 2570 cor
652 2524 840 2568 electum
864 2533 927 2568 est
943 2523 997 2569 ad
1011 2523 1138 2568 fidem
1158 2557 1169 2578 ‚
1195 2531 1243 2567 ut
1259 2533 1522 2568 nasceretur.
1546 2527 1642 2570 Non
1665 2525 1801 2585 trepi-

462 2627 470 2645 ¹
492 2622 580 2655 Alias
597 2622 636 2655 de
654 2624 811 2664 Tempore
831 2630 883 2664 72.
907 2638 947 2646 -
967 2627 980 2645 2
1002 2620 1113 2655 Paulus
1125 2621 1165 2654 ad
1183 2620 1281 2654 Hebr.
1303 2632 1348 2663 xi,
1371 2633 1421 2664 17.
1443 2639 1484 2646 —-
1505 2621 1518 2647 3
1544 2622 1646 2656 Galat.
1665 2634 1711 2664 iv,
1740 2625 1794 2656 23.
