1924 3309
1878 60 1881 77 Ι

1878 90 1881 112 Ι

1879 155 1883 241 ¹·

505 238 586 276 172
904 247 938 276 s.
975 246 1206 277 Anonsnm
1238 250 1420 278 Eriscom
1881 244 1884 296 ξ

505 332 524 354 »
560 312 776 356 mundum
795 315 833 371 ¹3
863 333 881 355 η
908 315 1129 375 quomodo
1147 317 1335 360 ,Ioannes
1358 316 1449 375 ipse
1471 317 1663 376 Baptista
1685 331 1775 361 non
1796 297 1886 388 erati

501 384 650 430 lumen
670 399 836 430 verum.
863 386 975 430 Dicit
996 387 1113 429 enim
1136 389 1322 430 Joannes
1340 388 1625 446 evangelista:
1647 406 1666 429 «
1684 390 1782 432 Non
1796 403 1866 433 cra

504 473 524 497 »
542 455 615 500 ille
631 456 799 512 lumen,
814 456 889 501 sed
910 466 959 502 ut
982 458 1277 502 testimonium
1301 458 1551 518 perhiberet
1572 457 1626 503 de
1644 458 1809 503 lumine
1821 399 1888 522 ²⁶]

504 530 603 574 Non
615 527 756 573 solum
772 538 917 573 autem
932 532 956 572 J
960 544 1121 573 oannes
1135 530 1326 589 Baptista
1343 545 1495 575 verum
1510 530 1660 575 lumen
1674 546 1764 575 non
1779 523 1889 604 erati

501 598 575 644 sed
594 615 673 644 nec
702 599 861 645 Paulus
883 616 1036 645 verum
1051 600 1203 645 lumen
1225 611 1338 657 erat,
1365 617 1444 646 nec
1468 606 1620 646 Petrus
1642 617 1796 648 verum
1816 602 1891 667 lu-1

500 686 602 715 men
627 680 746 726 erat,
777 687 856 715 nec
891 670 1024 732 aliqui
1048 672 1245 731 Apostoli
1273 687 1425 716 verum
1446 671 1598 716 lumen
1619 683 1758 718 erant.
1782 672 1890 718 Είῑε-ἶ

500 742 592 784 nim
619 757 770 786 verum
804 742 955 786 lumen
977 751 1062 798 est,
1088 743 1209 802 quod
1232 741 1450 787 illuminat
1470 758 1645 787 omnem
1667 744 1885 789 hominem

500 813 745 857 venientem
763 814 808 857 in
831 814 950 858 hunc
968 813 1199 858 mundum.
1226 813 1294 858 Illi
1311 829 1414 859 vero
1431 813 1597 858 lumina
1617 823 1762 870 erant,
1788 816 1894 878 quial

499 882 875 927 illuminabantur.
898 887 1008 928 Nam
1032 893 1073 928 et
1096 884 1212 928 oculi
1240 885 1377 929 carnis
1406 894 1566 929 nostrae
1588 883 1797 929 dicuntur
1819 879 1895 949 lu-{

499 954 648 1011 mina3
677 963 720 997 et
741 955 1042 1014 unusquisque
1064 956 1207 1014 jurat,
1248 958 1329 998 Per
1360 955 1525 999 lumina
1553 970 1663 999 mea.
1703 950 1895 1019 Lumina}

500 1024 577 1067 ista
601 1024 710 1085 quid
728 1025 905 1069 sunt3'si
929 1025 1039 1069 desit
1061 1026 1140 1079 sol,
1157 1026 1191 1069 si
1213 1026 1324 1069 desit
1345 1026 1449 1070 luna
1472 1035 1548 1069 aut
1565 1025 1888 1081 lucerna‚certe

500 1095 544 1138 in
566 1095 755 1138 tenebris
777 1105 1017 1139 remanent.
1044 1095 1129 1139 Ubi
1151 1105 1252 1139 sunt
1274 1095 1440 1139 lumina
1457 1131 1467 1149 ,
1498 1096 1676 1141 videant
1694 1105 1794 1140 ante
1815 1111 1858 1140 se
1873 1131 1884 1151 ,

499 1166 722 1224 praebeant
739 1165 946 1210 ducatum
968 1165 1150 1225 pedibus
1165 1201 1175 1221 ,
1201 1167 1234 1209 si
1255 1166 1421 1210 lumina
1439 1176 1540 1210 sunt
1558 1186 1566 1210 :
1593 1177 1635 1210 et
1656 1176 1802 1210 tamen
1821 1165 1899 1242 ¹¹1⁴}

498 1236 616 1279 mina
638 1246 754 1281 sunt.
781 1239 923 1290 Quare
945 1236 1111 1280 lumina
1136 1239 1268 1280 sunt‘?
1302 1238 1413 1290 Quia
1437 1245 1619 1295 possunt
1639 1237 1790 1281 lumen
1818 1245 1899 1306 req

498 1306 656 1364 cipere.
692 1307 864 1350 Etenim
893 1322 992 1350 cum
1016 1306 1147 1350 fuerit
1166 1306 1317 1350 lumen
1345 1305 1538 1361 illatum,
1564 1306 1714 1351 lumen
1744 1308 1900 1387 ipsum*

498 1391 587 1420 non
610 1377 740 1420 sentit
762 1376 880 1420 frons
903 1387 998 1432 tua,
1020 1393 1100 1422 nec
1119 1377 1232 1421 auris
1248 1386 1338 1432 tua,
1366 1392 1446 1421 nec
1463 1376 1646 1422 olfactus
1664 1387 1786 1433 tuus,
1807 1392 1900 1447 nect

498 1461 651 1490 manus
675 1456 748 1491 tua
766 1482 776 1502 ‚
802 1463 882 1492 ηερ
914 1463 987 1506 pes
1010 1457 1137 1492 tuus:
1163 1448 1253 1492 sola
1271 1447 1466 1492 membra
1500 1449 1544 1491 in
1569 1457 1610 1491 te
1631 1449 1706 1508 qui
1723 1452 1902 1493 vocan-²

498 1525 570 1560 tur
592 1516 732 1572 oculi,
758 1517 848 1561 sola
869 1518 1063 1561 sentiunt
1093 1517 1243 1561 lumen
1278 1517 1463 1561 illatum.
1502 1518 1694 1562 Absente
1723 1517 1887 1563 lumine

498 1586 786 1630 tenebrantur
813 1606 821 1631 :
847 1587 922 1630 sed
945 1586 1065 1631 illato
1084 1586 1250 1631 lumine
1273 1588 1363 1631 sola
1386 1586 1690 1632 illuminantur
1706 1623 1717 1641 ‚
1743 1588 1789 1631 id
1806 1597 1903 1652 est‚¹‘

496 1656 600 1716 quia
621 1657 710 1700 sola
737 1658 931 1701 sentiunt
954 1657 1118 1701 lumen.
1141 1657 1450 1701 llluminantur
1467 1658 1645 1717 quidem
1668 1667 1711 1702 et
1733 1658 1904 1729 caeterai

498 1727 693 1771 membra
715 1737 789 1771 tua
807 1749 818 1784 3
834 1727 908 1771 sed
934 1737 981 1771 ut
1005 1729 1139 1771 videri
1158 1730 1338 1787 possint,
1355 1744 1442 1771 non
1471 1738 1520 1772 ut
1536 1728 1684 1772 Videre
1704 1729 1882 1785 possint.
1901 1739 1905 1801 ἱ

498 1800 606 1842 Nam
628 1797 702 1841 lux
724 1814 823 1857 quae
855 1799 992 1842 oritur
1007 1833 1017 1853 ‚
1040 1799 1108 1842 vel
1145 1815 1244 1853 quae
1267 1797 1451 1838 infertur
1468 1830 1479 1849 ‚
1506 1798 1650 1839 omnia
1689 1797 1883 1841 membra
1902 1811 1906 1872 ἱ

498 1866 753 1926 perfundit3
783 1867 930 1908 oculos
967 1873 1016 1907 ut
1050 1864 1249 1918 videant,
1286 1876 1440 1908 caetera
1470 1874 1519 1909 ut
1550 1864 1795 1911 videantur.
1822 1868 1907 1930 Sici

498 1951 648 1981 omnes
670 1936 804 1979 sancti
820 1935 1054 1979 illuminati
1077 1944 1205 1989 sunt,
1232 1944 1280 1979 ut
1297 1935 1521 1990 viderent,
1549 1945 1591 1980 et
1610 1946 1659 1980 ut
1681 1937 1800 1996 quod
1824 1933 1907 2006 νὺξ

499 2006 689 2060 debant,
716 2005 1018 2063 praedicarent.
1048 2006 1152 2049 Ideo
1190 2004 1271 2049 illis
1310 2005 1477 2050 dictum
1500 2015 1562 2050 est
1590 2025 1597 2050 :
1624 2027 1643 2048 ι(
1680 2009 1766 2052 'Vos
1790 2008 1908 2079 estis}

503 2096 523 2118 »
558 2076 707 2120 lumen
729 2076 958 2120 mundi-³.»
983 2075 1067 2120 Sed
1088 2076 1254 2131 lumen,
1280 2092 1369 2120 non
1387 2092 1538 2120 verum
1555 2077 1722 2121 lumen.
1749 2079 1908 2166 Qare‘ti

504 2168 524 2190 «
559 2148 665 2200 Quia
684 2157 774 2191 erat
792 2147 941 2190 lumen
959 2161 1108 2190 verum
1131 2181 1142 2201 ‚
1163 2146 1284 2206 quod
1304 2146 1524 2191 illuminat
1545 2163 1718 2191 omnem
1743 2148 1886 2192 homi·
1905 2172 1909 2211 ς

505 2239 524 2261 »
560 2235 662 2263 nem
679 2221 739 2263 4.»
756 2221 942 2263 Omnem
966 2219 1187 2263 hominem
1208 2218 1314 2262 dixit
1335 2238 1343 2262 :
1365 2220 1399 2262 si
1422 2218 1476 2262 de
1495 2220 1575 2263 isto
1593 2219 1681 2263 sole
1706 2220 1883 2275 diceret,
1905 2218 1909 2275 ξ

502 2306 592 2335 ηοη
613 2289 800 2346 diceret,
830 2293 1016 2334 Omnem
1052 2291 1273 2334 hominem
1293 2311 1304 2348 3
1325 2291 1427 2349 quia
1450 2290 1528 2334 iste
1550 2290 1613 2335 sol
1636 2306 1725 2335 non
1748 2307 1771 2334 a
1792 2290 1887 2335 solis
1906 2278 1910 2351 J

502 2361 755 2405 hominibus
773 2360 957 2404 videtur.
972 2359 1132 2404 Vident
1153 2359 1276 2403 illum
1295 2370 1337 2403 et
1359 2359 1530 2419 pecora⁷
1545 2370 1589 2404 et
1605 2361 1887 2405 minutissima
1907 2360 1911 2422 ξ

504 2430 704 2475 animalia
719 2466 729 2485 ‚
755 2440 796 2475 et
827 2446 988 2474 muscae
1014 2431 1161 2475 vident
1192 2431 1321 2474 istum
1339 2431 1473 2475 solem
1495 2451 1503 2475 :
1524 2430 1635 2475 illud
1652 2440 1797 2475 autem
1819 2431 1886 2474 lu·

506 2517 607 2546 men
639 2501 757 2561 quod
798 2505 911 2546 Deus
933 2511 996 2546 est
1011 2537 1021 2557 ‚
1048 2516 1176 2545 nemo
1199 2501 1316 2545 videt
1331 2537 1342 2556 ,
1373 2502 1450 2544 nisi
1469 2501 1523 2545 de
1539 2502 1700 2561 quibus
1722 2501 1887 2546 dictum

555 2594 563 2610 ¹
587 2590 677 2620 Joan.
699 2599 720 2626 1,
735 2600 767 2629 9.
786 2605 824 2610 ——
847 2586 1235 2628 ²lbi‹.1.—-3Mauh.v‚
1255 2586 1308 2629 24.
1329 2603 1369 2610 —-
1384 2586 1397 2616 l·
1414 2589 1504 2620 Joan.
1531 2598 1554 2627 1,
1580 2599 1604 2618 ι.
