1924 3309
424 256 507 293 398
866 261 899 289 s.
935 255 1165 289 AUGUSTINI
1197 259 1379 290 Emscom

420 330 556 383 cidat‚
583 325 693 370 nihil
727 326 947 371 inveniet:
971 327 1072 386 quia
1100 341 1216 371 mors
1251 337 1428 386 peccato
1455 328 1570 387 juste
1602 327 1803 373 debetur.

419 404 564 454 Quare
583 414 685 458 ergo
702 397 928 444 morieris?
945 416 964 439 «
985 401 1042 442 Ut
1058 398 1210 453 sciant,
1227 397 1393 458 inquit,
1409 414 1581 455 omneS‚
1606 401 1708 459 quia
1729 414 1809 445 vo-

420 489 440 512 »
476 470 691 514 luntatem
723 469 860 514 Patris
888 469 972 525 mei
1001 468 1158 512 facio1.
1187 486 1206 510 »
1230 471 1326 528 Ipse
1360 469 1507 525 solvit,
1543 470 1619 530 qui
1651 469 1808 528 ligatus

416 557 506 586 non
520 550 582 586 est
608 559 617 586 ι
641 540 731 600 ipse
753 556 776 584 a
798 538 979 584 mortuis
1000 537 1180 594 liberat,
1201 539 1278 598 qui
1301 548 1364 584 est
1382 540 1427 584 in
1449 541 1631 584 mortuis
1647 540 1774 584 liber.

474 614 554 656 XI.
579 610 663 657 Sed
679 611 769 671 ipse
781 611 894 654 misit
911 618 954 653 et
974 612 1150 667 Legem.
1178 612 1260 652 Per
1281 625 1453 655 servum
1477 625 1604 654 suum
1626 613 1805 670 Legem,

416 699 493 744 per
514 699 558 728 se
579 684 721 743 ipsum
741 683 937 739 gratiam.
959 678 1150 724 Attende
1167 679 1373 725 Elisaeum
1392 682 1437 725 in
1455 697 1615 740 magno
1633 682 1809 742 altoque

414 754 646 812 mysterio,
670 762 875 811 tanquam
906 750 1189 809 prophetam,
1215 750 1384 808 agendo
1408 752 1776 811 praenuntiantem
1793 786 1806 807 ,

416 841 505 869 uon
527 823 666 869 solum
690 821 928 882 loquendo.
955 824 1155 865 Mortuus
1178 830 1270 866 erat
1293 819 1410 866 filius
1446 822 1630 882 hospitae
1657 822 1806 882 ipsius.

414 894 531 948 Quid
552 893 824 952 significabat
855 900 1054 936 mortuus
1077 906 1186 950 puer
1204 927 1215 947 ‚
1246 892 1326 936 nisi
1349 892 1520 937 Adam?
1547 893 1809 938 Nuntiatum

413 975 476 1011 est
498 973 647 1010 sancto
670 963 901 1022 Prophetae
918 997 929 1018 ‚
956 963 1121 1021 gerenti
1139 962 1185 1006 in
1208 964 1436 1022 prophetia
1454 972 1610 1023 typum
1634 964 1807 1008 Domini

413 1036 548 1082 nostri
571 1038 676 1080 Jesu
697 1033 859 1079 Christi
886 1052 895 1078 ε
921 1033 1035 1077 misit
1050 1048 1127 1092 per
1155 1049 1327 1078 servum
1351 1034 1559 1078 baculum
1590 1049 1741 1090 suum,
1766 1043 1810 1079 et

414 1109 473 1153 ait
517 1106 580 1151 illi
618 1126 626 1151 :
669 1124 689 1148 «
726 1105 847 1149 Vade
864 1139 875 1159 ,
918 1104 1026 1148 vade
1050 1139 1061 1160 ,
1125 1120 1241 1164 pone
1280 1121 1409 1164 super
1454 1120 1639 1164 puerum
1688 1120 1810 1150 mor-

416 1197 436 1220 »
453 1178 652 1222 tuum2.»
669 1175 862 1219 Perrexit
884 1173 973 1229 ille,
992 1183 1203 1233 tauquam
1224 1189 1371 1219 servus
1393 1176 1619 1219 obediens.
1639 1175 1810 1221 Sciebat

414 1249 632 1308 Propheta
666 1246 773 1306 quid
794 1245 970 1289 fecerat.
998 1245 1148 1289 Posuit
1172 1245 1378 1290 baculum
1402 1262 1531 1306 supra
1560 1255 1805 1303 mortuum,

413 1336 502 1366 non
520 1318 717 1364 surrexit.
749 1335 767 1359 ι(
796 1317 839 1361 Si
872 1317 987 1360 enim
1011 1315 1113 1360 data
1133 1326 1243 1360 esset
1267 1319 1355 1360 Lex
1375 1333 1474 1378 quae
1505 1319 1638 1377 possit
1664 1318 1809 1363 vivifi-

415 1410 436 1432 »
472 1405 591 1444 care,
617 1387 796 1432 omnino
820 1402 871 1430 ex
887 1390 1003 1445 Lege
1026 1387 1353 1446 essetjustitia³.
1377 1405 1397 1428 »
1419 1390 1518 1433 Non
1540 1403 1643 1447 ergo
1665 1388 1810 1447 potuit

413 1465 501 1505 Lex
517 1459 748 1505 vivificare.
776 1458 907 1501 Venit
928 1457 1018 1516 ipse
1038 1456 1213 1515 grandis
1254 1456 1310 1501 ad
1332 1457 1588 1517 parvulum,
1624 1457 1809 1503 salvator

414 1531 468 1576 ad
491 1528 771 1583 salvandum,
804 1528 927 1572 vivus
948 1526 1003 1571 ad
1033 1536 1259 1571 mortuum
1296 1547 1304 1572 :
1335 1529 1455 1572 venit
1474 1529 1579 1588 ipse.
1615 1531 1673 1573 Et
1703 1528 1812 1588 quid

413 1601 547 1646 fecit?
567 1602 590 1644 J
595 1598 784 1644 uvenilia
804 1597 1001 1641 membra
1020 1598 1258 1653 contraxit,
1279 1606 1488 1658 tanquam
1504 1614 1548 1642 se
1562 1598 1705 1658 ipsum
1728 1599 1811 1643 exi·

412 1672 593 1717 naniens
605 1706 616 1726 ,
641 1663 692 1714 ut
705 1670 892 1714 formam
905 1668 1017 1712 servi
1034 1667 1249 1727 acciperet
1264 1669 1296 1712 4.
1313 1672 1337 1712 J
1342 1668 1529 1713 uvenilia
1552 1683 1655 1727 ergo
1672 1684 1811 1713 mem-

356 1779 359 1780 γ
412 1743 492 1787 bra
514 1740 756 1794 contraxit,
790 1753 975 1798 parvum
1005 1752 1049 1781 se
1084 1752 1219 1796 parvo
1252 1739 1494 1797 coaptavit,
1531 1747 1582 1783 ut
1619 1739 1811 1784 efiiceret

412 1828 569 1873 corpus
590 1810 850 1856 humilitatis
868 1817 1028 1853 nostrae
1050 1809 1277 1853 conforme
1299 1810 1472 1868 corpori
1499 1810 1646 1869 gloriae
1669 1826 1758 1855 suae
1773 1812 1805 1853 5.

413 1889 567 1945 Itaque
587 1883 634 1927 in
650 1883 732 1927 isto
754 1891 861 1939 typo
879 1880 1040 1925 Christi
1063 1880 1319 1934 prophetice
1353 1890 1552 1935 expresso
1579 1881 1808 1924 suscitatus

412 1965 475 2000 est
498 1962 719 2006 mortuus,
743 1958 954 2008 tanquam
967 1945 1229 2005 justificatus
1245 1954 1309 1990 est
1330 1946 1506 2005 impius.

470 2026 573 2069 XII.
601 2025 687 2067 Ista
717 2018 852 2079 gratia
876 2015 1160 2077 praedicetur,
1181 2016 1262 2061 ista
1285 2026 1349 2061 est
1373 2017 1509 2075 gratia
1531 2018 1805 2064 Christiano-

412 2111 508 2141 rum
531 2109 608 2154 per
634 2091 860 2136 hominem
881 2087 1168 2133 Mediatorem
1185 2122 1196 2142 ‚
1219 2103 1297 2147 per
1318 2102 1492 2148 passum
1514 2098 1557 2133 et
1578 2091 1804 2136 resuscita-

412 2178 530 2221 tum,
557 2164 633 2225 qui
655 2160 848 2207 ascendit
868 2158 915 2203 in
937 2156 1099 2203 coelum
1117 2193 1127 2213 ‚
1156 2166 1200 2202 et
1222 2159 1456 2218 captivavit
1479 2160 1773 2219 captivitatem
1788 2195 1800 2217 ‚

413 2248 456 2283 et
479 2236 601 2282 dedit
623 2234 739 2278 dona
761 2229 1030 2275 hominibus.
1061 2231 1170 2283 Ista,
1195 2228 1373 2289 inquam
1394 2265 1405 2285 ,
1430 2231 1567 2290 gratia
1592 2231 1803 2291 praedice—

414 2320 486 2354 tur
501 2344 512 2364 ‚
533 2315 686 2352 contra
708 2305 834 2348 istam
854 2300 1034 2361 gratiam
1056 2299 1110 2344 ab
1131 2299 1307 2357 ingratis
1329 2316 1420 2345 non
1441 2301 1702 2361 disputetur.
1728 2305 1805 2348 Ba-

415 2380 541 2425 culus
569 2374 851 2437 propheticus
872 2380 1046 2416 mortuo
1067 2384 1158 2414 non
1180 2370 1353 2415 suffecit
1380 2390 1389 2415 ς
1419 2371 1510 2431 ipsa
1529 2382 1701 2417 mortua
1722 2368 1804 2418 na-

415 2461 513 2495 tura
535 2446 788 2493 sufficeret?
819 2446 876 2488 Et
898 2442 1024 2486 istam
1053 2455 1139 2501 qua
1164 2440 1330 2485 conditi
1351 2456 1522 2498 sumus,
1553 2458 1802 2503 quanquam

480 2554 488 2569 ¹
510 2549 603 2578 Joan.
624 2554 692 2584 xlv,
713 2542 766 2575 31.
794 2556 835 2563 —
856 2546 868 2562 ²
888 2538 907 2580 4
931 2541 1009 2581 Reg.
1030 2548 1077 2570 lv.
1108 2554 1150 2560 —
1178 2534 1192 2560 3
1219 2537 1322 2571 Galat.
1341 2549 1388 2578 111,
1407 2548 1460 2571 21.
1481 2555 1523 2563 —
1541 2538 1557 2569 4
1574 2539 1686 2582 Philip.
1707 2551 1741 2582 n,
1769 2551 1800 2582 7.

451 2619 456 2624 ·
474 2599 550 2634 ⁵1d.
570 2611 618 2641 ιιι,
634 2607 687 2632 21.
