<?xml version="1.0" encoding="UTF-8"?>
<!DOCTYPE html PUBLIC "-//W3C//DTD XHTML 1.0 Transitional//EN"
    "http://www.w3.org/TR/xhtml1/DTD/xhtml1-transitional.dtd">
<html xmlns="http://www.w3.org/1999/xhtml" xml:lang="en" lang="en">
 <head>
  <title>
</title>
<meta http-equiv="Content-Type" content="text/html;charset=utf-8" />
  <meta name='ocr-system' content='tesseract 3.04.00' />
  <meta name='ocr-capabilities' content='ocr_page ocr_carea ocr_par ocr_line ocrx_word'/>
</head>
<body>
  <div class='ocr_page' id='page_1' title='image "./operaomniaaccura17auguuoft_0021.png"; bbox 0 0 1867 3320; ppageno 0'>
   <div class='ocr_carea' id='block_1_1' title="bbox 137 271 1534 2501">
    <p class='ocr_par' dir='ltr' id='par_1_1' title="bbox 137 271 1534 2501">
     <span class='ocr_line' id='line_1_1' title="bbox 347 271 1518 307; baseline 0.001 -1"><span class='ocrx_word' id='word_1_1' title='bbox 347 275 672 306; x_wconf 59' lang='lat' dir='ltr'><strong>norom-rmus</strong></span> <span class='ocrx_word' id='word_1_2' title='bbox 702 277 759 306; x_wconf 71' lang='lat' dir='ltr'><strong>Ex</strong></span> <span class='ocrx_word' id='word_1_3' title='bbox 792 275 994 306; x_wconf 64' lang='lat' dir='ltr'><strong>mus-rom</strong></span> <span class='ocrx_word' id='word_1_4' title='bbox 1025 275 1081 306; x_wconf 73' lang='lat' dir='ltr'><strong>An</strong></span> <span class='ocrx_word' id='word_1_5' title='bbox 1114 276 1327 307; x_wconf 68' lang='lat' dir='ltr'><strong>noivrfflos.</strong></span> <span class='ocrx_word' id='word_1_6' title='bbox 1470 271 1518 307; x_wconf 92' lang='lat'><strong>11</strong></span> 
     </span>
     <span class='ocr_line' id='line_1_2' title="bbox 142 341 1525 402; baseline 0.001 -16"><span class='ocrx_word' id='word_1_7' title='bbox 142 361 163 386; x_wconf 89' lang='lat'>»</span> <span class='ocrx_word' id='word_1_8' title='bbox 198 343 392 396; x_wconf 83' lang='lat' dir='ltr'><strong>dantiam</strong></span> <span class='ocrx_word' id='word_1_9' title='bbox 416 342 566 401; x_wconf 84' lang='lat' dir='ltr'><strong>gratiae</strong></span> <span class='ocrx_word' id='word_1_10' title='bbox 587 351 631 386; x_wconf 90' lang='lat' dir='ltr'><strong>et</strong></span> <span class='ocrx_word' id='word_1_11' title='bbox 646 342 826 402; x_wconf 77' lang='lat' dir='ltr'><strong>justitiae</strong></span> <span class='ocrx_word' id='word_1_12' title='bbox 849 342 1084 401; x_wconf 87' lang='lat' dir='ltr'><strong>accipiunt,</strong></span> <span class='ocrx_word' id='word_1_13' title='bbox 1104 341 1151 385; x_wconf 91' lang='lat' dir='ltr'><strong>in</strong></span> <span class='ocrx_word' id='word_1_14' title='bbox 1171 341 1260 385; x_wconf 87' lang='lat' dir='ltr'><strong>vita</strong></span> <span class='ocrx_word' id='word_1_15' title='bbox 1277 342 1525 400; x_wconf 88' lang='lat' dir='ltr'><strong>regnabunt</strong></span> 
     </span>
     <span class='ocr_line' id='line_1_3' title="bbox 142 409 1523 472; baseline 0.002 -17"><span class='ocrx_word' id='word_1_16' title='bbox 142 430 163 455; x_wconf 91' lang='lat'>»</span> <span class='ocrx_word' id='word_1_17' title='bbox 196 427 274 472; x_wconf 90' lang='lat' dir='ltr'><strong>per</strong></span> <span class='ocrx_word' id='word_1_18' title='bbox 295 427 434 457; x_wconf 90' lang='lat' dir='ltr'><strong>unum</strong></span> <span class='ocrx_word' id='word_1_19' title='bbox 455 414 608 457; x_wconf 65' lang='lat' dir='ltr'><strong>Jesum,</strong></span> <span class='ocrx_word' id='word_1_20' title='bbox 626 412 892 458; x_wconf 77' lang='lat' dir='ltr'>Christum.»</span> <span class='ocrx_word' id='word_1_21' title='bbox 909 409 1039 465; x_wconf 90' lang='lat' dir='ltr'><strong>Quod</strong></span> <span class='ocrx_word' id='word_1_22' title='bbox 1057 426 1159 469; x_wconf 87' lang='lat' dir='ltr'><strong>ergo</strong></span> <span class='ocrx_word' id='word_1_23' title='bbox 1177 409 1286 454; x_wconf 85' lang='lat' dir='ltr'><strong>dixit</strong></span> <span class='ocrx_word' id='word_1_24' title='bbox 1306 429 1314 455; x_wconf 91' lang='lat'>:</span> <span class='ocrx_word' id='word_1_25' title='bbox 1344 413 1523 458; x_wconf 87' lang='lat' dir='ltr'><strong>«Multo</strong></span> 
     </span>
     <span class='ocr_line' id='line_1_4' title="bbox 142 481 1527 542; baseline 0.001 -16"><span class='ocrx_word' id='word_1_26' title='bbox 142 501 163 526; x_wconf 94' lang='lat'>»</span> <span class='ocrx_word' id='word_1_27' title='bbox 196 483 330 541; x_wconf 87' lang='lat' dir='ltr'><strong>magis</strong></span> <span class='ocrx_word' id='word_1_28' title='bbox 352 483 621 542; x_wconf 87' lang='lat' dir='ltr'><strong>regnabunt¹</strong></span> <span class='ocrx_word' id='word_1_29' title='bbox 639 519 650 538; x_wconf 91' lang='lat'>,</span> <span class='ocrx_word' id='word_1_30' title='bbox 672 501 692 525; x_wconf 94' lang='lat'>»</span> <span class='ocrx_word' id='word_1_31' title='bbox 714 484 769 528; x_wconf 90' lang='lat' dir='ltr'><strong>ad</strong></span> <span class='ocrx_word' id='word_1_32' title='bbox 788 484 920 528; x_wconf 88' lang='lat' dir='ltr'><strong>vitam</strong></span> <span class='ocrx_word' id='word_1_33' title='bbox 938 491 1145 526; x_wconf 80' lang='lat' dir='ltr'><strong>aeternam</strong></span> <span class='ocrx_word' id='word_1_34' title='bbox 1170 481 1358 541; x_wconf 85' lang='lat' dir='ltr'>pertinet</span> <span class='ocrx_word' id='word_1_35' title='bbox 1381 484 1527 542; x_wconf 86' lang='lat' dir='ltr'><strong>:quod</strong></span> 
     </span>
     <span class='ocr_line' id='line_1_5' title="bbox 139 551 1527 612; baseline -0.001 -14"><span class='ocrx_word' id='word_1_36' title='bbox 139 562 284 599; x_wconf 88' lang='lat' dir='ltr'><strong>autem</strong></span> <span class='ocrx_word' id='word_1_37' title='bbox 303 554 411 598; x_wconf 84' lang='lat' dir='ltr'><strong>dixit</strong></span> <span class='ocrx_word' id='word_1_38' title='bbox 437 572 445 598; x_wconf 92' lang='lat'><strong>:</strong></span> <span class='ocrx_word' id='word_1_39' title='bbox 476 572 495 595; x_wconf 91' lang='lat'>«</span> <span class='ocrx_word' id='word_1_40' title='bbox 522 553 852 598; x_wconf 89' lang='lat' dir='ltr'><strong>Abundantiam</strong></span> <span class='ocrx_word' id='word_1_41' title='bbox 874 553 1023 612; x_wconf 83' lang='lat' dir='ltr'><strong>gratiae</strong></span> <span class='ocrx_word' id='word_1_42' title='bbox 1049 551 1268 612; x_wconf 87' lang='lat' dir='ltr'><strong>accipiunt</strong></span> <span class='ocrx_word' id='word_1_43' title='bbox 1289 586 1300 607; x_wconf 87' lang='lat'><strong>,</strong></span> <span class='ocrx_word' id='word_1_44' title='bbox 1323 569 1344 592; x_wconf 90' lang='lat'>»</span> <span class='ocrx_word' id='word_1_45' title='bbox 1371 552 1426 596; x_wconf 88' lang='lat' dir='ltr'><strong>ad</strong></span> <span class='ocrx_word' id='word_1_46' title='bbox 1445 552 1527 596; x_wconf 89' lang='lat' dir='ltr'><strong>do-</strong></span> 
     </span>
     <span class='ocr_line' id='line_1_6' title="bbox 137 621 1528 683; baseline -0.001 -15"><span class='ocrx_word' id='word_1_47' title='bbox 137 624 359 669; x_wconf 83' lang='lat' dir='ltr'><strong>nationem</strong></span> <span class='ocrx_word' id='word_1_48' title='bbox 380 623 622 668; x_wconf 90' lang='lat' dir='ltr'><strong>multorum</strong></span> <span class='ocrx_word' id='word_1_49' title='bbox 644 624 834 683; x_wconf 84' lang='lat' dir='ltr'><strong>pertinet</strong></span> <span class='ocrx_word' id='word_1_50' title='bbox 863 622 1141 667; x_wconf 85' lang='lat' dir='ltr'><strong>delictorum.</strong></span> <span class='ocrx_word' id='word_1_51' title='bbox 1168 625 1271 666; x_wconf 90' lang='lat' dir='ltr'><strong>Post</strong></span> <span class='ocrx_word' id='word_1_52' title='bbox 1295 621 1528 682; x_wconf 85' lang='lat' dir='ltr'><strong>explicatas</strong></span> 
     </span>
     <span class='ocr_line' id='line_1_7' title="bbox 140 691 1524 751; baseline -0.001 -13"><span class='ocrx_word' id='word_1_53' title='bbox 140 703 287 738; x_wconf 89' lang='lat' dir='ltr'><strong>autem</strong></span> <span class='ocrx_word' id='word_1_54' title='bbox 308 694 384 738; x_wconf 90' lang='lat' dir='ltr'><strong>has</strong></span> <span class='ocrx_word' id='word_1_55' title='bbox 406 693 673 738; x_wconf 82' lang='lat' dir='ltr'><strong>differentias</strong></span> <span class='ocrx_word' id='word_1_56' title='bbox 690 729 701 749; x_wconf 87' lang='lat'>,</span> <span class='ocrx_word' id='word_1_57' title='bbox 737 693 849 738; x_wconf 91' lang='lat' dir='ltr'><strong>redit</strong></span> <span class='ocrx_word' id='word_1_58' title='bbox 873 692 928 737; x_wconf 86' lang='lat' dir='ltr'><strong>ad</strong></span> <span class='ocrx_word' id='word_1_59' title='bbox 949 692 1137 737; x_wconf 85' lang='lat' dir='ltr'><strong>formam</strong></span> <span class='ocrx_word' id='word_1_60' title='bbox 1159 691 1278 736; x_wconf 90' lang='lat' dir='ltr'><strong>unde</strong></span> <span class='ocrx_word' id='word_1_61' title='bbox 1302 701 1494 751; x_wconf 88' lang='lat' dir='ltr'><strong>coeperat</strong></span> <span class='ocrx_word' id='word_1_62' title='bbox 1513 728 1524 747; x_wconf 91' lang='lat'>,</span> 
     </span>
     <span class='ocr_line' id='line_1_8' title="bbox 139 761 1528 824; baseline -0.001 -17"><span class='ocrx_word' id='word_1_63' title='bbox 139 764 263 824; x_wconf 84' lang='lat' dir='ltr'><strong>cujus</strong></span> <span class='ocrx_word' id='word_1_64' title='bbox 300 762 498 808; x_wconf 85' lang='lat' dir='ltr'><strong>ordinem</strong></span> <span class='ocrx_word' id='word_1_65' title='bbox 521 763 805 823; x_wconf 86' lang='lat' dir='ltr'><strong>suspenderat</strong></span> <span class='ocrx_word' id='word_1_66' title='bbox 822 799 832 818; x_wconf 89' lang='lat'>,</span> <span class='ocrx_word' id='word_1_67' title='bbox 858 778 959 808; x_wconf 91' lang='lat' dir='ltr'><strong>cum</strong></span> <span class='ocrx_word' id='word_1_68' title='bbox 987 761 1177 807; x_wconf 88' lang='lat' dir='ltr'><strong>diceret:</strong></span> <span class='ocrx_word' id='word_1_69' title='bbox 1207 780 1226 803; x_wconf 87' lang='lat'>«</span> <span class='ocrx_word' id='word_1_70' title='bbox 1254 761 1374 806; x_wconf 89' lang='lat' dir='ltr'><strong>Sicut</strong></span> <span class='ocrx_word' id='word_1_71' title='bbox 1411 762 1528 805; x_wconf 88' lang='lat' dir='ltr'><strong>enirn</strong></span> 
     </span>
     <span class='ocr_line' id='line_1_9' title="bbox 138 831 1525 894; baseline -0.001 -16"><span class='ocrx_word' id='word_1_72' title='bbox 138 849 216 894; x_wconf 89' lang='lat' dir='ltr'><strong>per</strong></span> <span class='ocrx_word' id='word_1_73' title='bbox 239 849 379 878; x_wconf 89' lang='lat' dir='ltr'><strong>unum</strong></span> <span class='ocrx_word' id='word_1_74' title='bbox 400 834 622 878; x_wconf 90' lang='lat' dir='ltr'><strong>hominem</strong></span> <span class='ocrx_word' id='word_1_75' title='bbox 640 833 1066 894; x_wconf 79' lang='lat' dir='ltr'><strong>peccatum&#39;intravit</strong></span> <span class='ocrx_word' id='word_1_76' title='bbox 1082 834 1126 877; x_wconf 92' lang='lat' dir='ltr'><strong>in</strong></span> <span class='ocrx_word' id='word_1_77' title='bbox 1147 833 1268 877; x_wconf 91' lang='lat' dir='ltr'><strong>hunc</strong></span> <span class='ocrx_word' id='word_1_78' title='bbox 1290 831 1525 888; x_wconf 89' lang='lat' dir='ltr'><strong>mundum,</strong></span> 
     </span>
     <span class='ocr_line' id='line_1_10' title="bbox 139 904 1529 965; baseline 0 -18"><span class='ocrx_word' id='word_1_79' title='bbox 139 923 160 947; x_wconf 94' lang='lat'>»</span> <span class='ocrx_word' id='word_1_80' title='bbox 195 913 238 949; x_wconf 89' lang='lat' dir='ltr'><strong>et</strong></span> <span class='ocrx_word' id='word_1_81' title='bbox 260 920 337 963; x_wconf 91' lang='lat' dir='ltr'><strong>per</strong></span> <span class='ocrx_word' id='word_1_82' title='bbox 359 914 588 965; x_wconf 91' lang='lat' dir='ltr'><strong>peccatum</strong></span> <span class='ocrx_word' id='word_1_83' title='bbox 611 909 768 950; x_wconf 78' lang='lat' dir='ltr'><strong>mors².</strong></span> <span class='ocrx_word' id='word_1_84' title='bbox 799 924 818 947; x_wconf 97' lang='lat'>»</span> <span class='ocrx_word' id='word_1_85' title='bbox 843 904 912 949; x_wconf 80' lang='lat' dir='ltr'><strong>Ad</strong></span> <span class='ocrx_word' id='word_1_86' title='bbox 945 904 1066 965; x_wconf 88' lang='lat' dir='ltr'><strong>quod</strong></span> <span class='ocrx_word' id='word_1_87' title='bbox 1098 919 1216 949; x_wconf 89' lang='lat' dir='ltr'><strong>nunc</strong></span> <span class='ocrx_word' id='word_1_88' title='bbox 1254 904 1397 960; x_wconf 83' lang='lat' dir='ltr'><strong>redit,</strong></span> <span class='ocrx_word' id='word_1_89' title='bbox 1428 919 1529 948; x_wconf 90' lang='lat' dir='ltr'><strong>eum</strong></span> 
     </span>
     <span class='ocr_line' id='line_1_11' title="bbox 137 974 1528 1036; baseline -0.002 -16"><span class='ocrx_word' id='word_1_90' title='bbox 137 974 243 1020; x_wconf 90' lang='lat' dir='ltr'><strong>dicit</strong></span> <span class='ocrx_word' id='word_1_91' title='bbox 265 994 274 1020; x_wconf 75' lang='grc' dir='ltr'>ε</span> <span class='ocrx_word' id='word_1_92' title='bbox 305 994 325 1017; x_wconf 87' lang='lat'>«</span> <span class='ocrx_word' id='word_1_93' title='bbox 351 978 506 1035; x_wconf 89' lang='lat' dir='ltr'><strong>Itaque</strong></span> <span class='ocrx_word' id='word_1_94' title='bbox 531 976 640 1020; x_wconf 91' lang='lat' dir='ltr'><strong>sicut</strong></span> <span class='ocrx_word' id='word_1_95' title='bbox 659 992 735 1036; x_wconf 92' lang='lat' dir='ltr'><strong>per</strong></span> <span class='ocrx_word' id='word_1_96' title='bbox 761 977 890 1021; x_wconf 89' lang='lat' dir='ltr'><strong>unius</strong></span> <span class='ocrx_word' id='word_1_97' title='bbox 913 975 1122 1020; x_wconf 90' lang='lat' dir='ltr'><strong>delictum</strong></span> <span class='ocrx_word' id='word_1_98' title='bbox 1144 975 1189 1018; x_wconf 89' lang='lat' dir='ltr'><strong>in</strong></span> <span class='ocrx_word' id='word_1_99' title='bbox 1211 989 1361 1019; x_wconf 88' lang='lat' dir='ltr'><strong>omnes</strong></span> <span class='ocrx_word' id='word_1_100' title='bbox 1382 974 1528 1017; x_wconf 89' lang='lat' dir='ltr'><strong>homi—</strong></span> 
     </span>
     <span class='ocr_line' id='line_1_12' title="bbox 139 1043 1528 1104; baseline -0.001 -17"><span class='ocrx_word' id='word_1_101' title='bbox 139 1062 160 1087; x_wconf 92' lang='lat'>»</span> <span class='ocrx_word' id='word_1_102' title='bbox 194 1059 270 1089; x_wconf 91' lang='lat' dir='ltr'><strong>nes</strong></span> <span class='ocrx_word' id='word_1_103' title='bbox 298 1044 353 1089; x_wconf 91' lang='lat' dir='ltr'><strong>ad</strong></span> <span class='ocrx_word' id='word_1_104' title='bbox 380 1045 814 1101; x_wconf 81' lang='lat' dir='ltr'><strong>condemnationem,</strong></span> <span class='ocrx_word' id='word_1_105' title='bbox 840 1047 901 1091; x_wconf 90' lang='lat' dir='ltr'><strong>ita</strong></span> <span class='ocrx_word' id='word_1_106' title='bbox 923 1054 967 1090; x_wconf 90' lang='lat' dir='ltr'><strong>et</strong></span> <span class='ocrx_word' id='word_1_107' title='bbox 996 1060 1073 1104; x_wconf 87' lang='lat' dir='ltr'><strong>per</strong></span> <span class='ocrx_word' id='word_1_108' title='bbox 1094 1044 1224 1088; x_wconf 88' lang='lat' dir='ltr'><strong>unius</strong></span> <span class='ocrx_word' id='word_1_109' title='bbox 1250 1043 1528 1104; x_wconf 86' lang='lat' dir='ltr'><strong>justificatio-</strong></span> 
     </span>
     <span class='ocr_line' id='line_1_13' title="bbox 140 1115 1530 1178; baseline 0.001 -20"><span class='ocrx_word' id='word_1_110' title='bbox 140 1133 161 1157; x_wconf 90' lang='lat'>»</span> <span class='ocrx_word' id='word_1_111' title='bbox 196 1131 297 1160; x_wconf 89' lang='lat' dir='ltr'><strong>nem</strong></span> <span class='ocrx_word' id='word_1_112' title='bbox 330 1116 376 1160; x_wconf 90' lang='lat' dir='ltr'><strong>in</strong></span> <span class='ocrx_word' id='word_1_113' title='bbox 413 1132 563 1161; x_wconf 90' lang='lat' dir='ltr'><strong>omnes</strong></span> <span class='ocrx_word' id='word_1_114' title='bbox 586 1118 786 1162; x_wconf 89' lang='lat' dir='ltr'><strong>homines</strong></span> <span class='ocrx_word' id='word_1_115' title='bbox 807 1118 861 1163; x_wconf 87' lang='lat' dir='ltr'><strong>ad</strong></span> <span class='ocrx_word' id='word_1_116' title='bbox 878 1117 1235 1178; x_wconf 88' lang='lat' dir='ltr'><strong>justificationem</strong></span> <span class='ocrx_word' id='word_1_117' title='bbox 1266 1115 1382 1160; x_wconf 83' lang='lat' dir='ltr'><strong>vitae.</strong></span> <span class='ocrx_word' id='word_1_118' title='bbox 1410 1115 1530 1160; x_wconf 91' lang='lat' dir='ltr'><strong>Sicut</strong></span> 
     </span>
     <span class='ocr_line' id='line_1_14' title="bbox 140 1186 1532 1246; baseline 0.001 -19"><span class='ocrx_word' id='word_1_119' title='bbox 140 1203 161 1227; x_wconf 90' lang='lat'>»</span> <span class='ocrx_word' id='word_1_120' title='bbox 196 1186 313 1229; x_wconf 90' lang='lat' dir='ltr'><strong>enim</strong></span> <span class='ocrx_word' id='word_1_121' title='bbox 328 1201 405 1246; x_wconf 89' lang='lat' dir='ltr'><strong>per</strong></span> <span class='ocrx_word' id='word_1_122' title='bbox 422 1186 765 1232; x_wconf 87' lang='lat' dir='ltr'><strong>inobedientiam</strong></span> <span class='ocrx_word' id='word_1_123' title='bbox 782 1189 911 1232; x_wconf 91' lang='lat' dir='ltr'><strong>unius</strong></span> <span class='ocrx_word' id='word_1_124' title='bbox 931 1187 1120 1231; x_wconf 88' lang='lat' dir='ltr'><strong>hominis</strong></span> <span class='ocrx_word' id='word_1_125' title='bbox 1142 1196 1389 1246; x_wconf 87' lang='lat' dir='ltr'><strong>peccatores</strong></span> <span class='ocrx_word' id='word_1_126' title='bbox 1406 1201 1532 1230; x_wconf 88' lang='lat' dir='ltr'><strong>cons-</strong></span> 
     </span>
     <span class='ocr_line' id='line_1_15' title="bbox 140 1255 1530 1316; baseline 0.001 -20"><span class='ocrx_word' id='word_1_127' title='bbox 140 1272 161 1297; x_wconf 93' lang='lat'>»</span> <span class='ocrx_word' id='word_1_128' title='bbox 195 1255 315 1300; x_wconf 88' lang='lat' dir='ltr'><strong>tituti</strong></span> <span class='ocrx_word' id='word_1_129' title='bbox 342 1266 444 1300; x_wconf 91' lang='lat' dir='ltr'><strong>sunt</strong></span> <span class='ocrx_word' id='word_1_130' title='bbox 477 1257 634 1312; x_wconf 88' lang='lat' dir='ltr'><strong>multi,</strong></span> <span class='ocrx_word' id='word_1_131' title='bbox 670 1257 729 1302; x_wconf 90' lang='lat' dir='ltr'><strong>ita</strong></span> <span class='ocrx_word' id='word_1_132' title='bbox 761 1267 804 1302; x_wconf 86' lang='lat' dir='ltr'><strong>et</strong></span> <span class='ocrx_word' id='word_1_133' title='bbox 827 1273 904 1316; x_wconf 89' lang='lat' dir='ltr'><strong>per</strong></span> <span class='ocrx_word' id='word_1_134' title='bbox 937 1257 1067 1301; x_wconf 88' lang='lat' dir='ltr'><strong>unius</strong></span> <span class='ocrx_word' id='word_1_135' title='bbox 1101 1256 1397 1300; x_wconf 86' lang='lat' dir='ltr'><strong>obedientiam</strong></span> <span class='ocrx_word' id='word_1_136' title='bbox 1424 1255 1530 1314; x_wconf 87' lang='lat' dir='ltr'><strong>justi</strong></span> 
     </span>
     <span class='ocr_line' id='line_1_16' title="bbox 141 1324 1527 1380; baseline 0.001 -13"><span class='ocrx_word' id='word_1_137' title='bbox 141 1342 162 1367; x_wconf 97' lang='lat'>»</span> <span class='ocrx_word' id='word_1_138' title='bbox 196 1325 517 1370; x_wconf 83' lang='lat' dir='ltr'><strong>constituentur</strong></span> <span class='ocrx_word' id='word_1_139' title='bbox 547 1326 722 1369; x_wconf 82' lang='lat' dir='ltr'><strong>multi³.</strong></span> <span class='ocrx_word' id='word_1_140' title='bbox 757 1344 778 1367; x_wconf 94' lang='lat'>»</span> <span class='ocrx_word' id='word_1_141' title='bbox 809 1329 911 1370; x_wconf 82' lang='lat' dir='ltr'><strong>Haec</strong></span> <span class='ocrx_word' id='word_1_142' title='bbox 943 1335 1007 1370; x_wconf 90' lang='lat' dir='ltr'><strong>est</strong></span> <span class='ocrx_word' id='word_1_143' title='bbox 1033 1327 1174 1370; x_wconf 84' lang='lat' dir='ltr'><strong>forma</strong></span> <span class='ocrx_word' id='word_1_144' title='bbox 1198 1325 1335 1369; x_wconf 83' lang='lat' dir='ltr'><strong>futuri</strong></span> <span class='ocrx_word' id='word_1_145' title='bbox 1358 1324 1527 1380; x_wconf 88' lang='lat' dir='ltr'><strong>Adam,</strong></span> 
     </span>
     <span class='ocr_line' id='line_1_17' title="bbox 140 1393 1530 1456; baseline -0.001 -17"><span class='ocrx_word' id='word_1_146' title='bbox 140 1393 196 1439; x_wconf 89' lang='lat' dir='ltr'><strong>de</strong></span> <span class='ocrx_word' id='word_1_147' title='bbox 225 1410 312 1454; x_wconf 88' lang='lat' dir='ltr'><strong>qua</strong></span> <span class='ocrx_word' id='word_1_148' title='bbox 339 1395 536 1453; x_wconf 89' lang='lat' dir='ltr'><strong>superius</strong></span> <span class='ocrx_word' id='word_1_149' title='bbox 564 1395 687 1455; x_wconf 90' lang='lat' dir='ltr'><strong>loqui</strong></span> <span class='ocrx_word' id='word_1_150' title='bbox 710 1404 928 1454; x_wconf 86' lang='lat' dir='ltr'><strong>coeperat,</strong></span> <span class='ocrx_word' id='word_1_151' title='bbox 954 1404 997 1438; x_wconf 85' lang='lat' dir='ltr'><strong>et</strong></span> <span class='ocrx_word' id='word_1_152' title='bbox 1022 1396 1115 1456; x_wconf 88' lang='lat' dir='ltr'><strong>ejus</strong></span> <span class='ocrx_word' id='word_1_153' title='bbox 1136 1394 1301 1454; x_wconf 87' lang='lat' dir='ltr'><strong>aliquas</strong></span> <span class='ocrx_word' id='word_1_154' title='bbox 1319 1393 1530 1438; x_wconf 81' lang='lat' dir='ltr'><strong>differen-</strong></span> 
     </span>
     <span class='ocr_line' id='line_1_18' title="bbox 140 1464 1530 1524; baseline 0 -15"><span class='ocrx_word' id='word_1_155' title='bbox 140 1465 218 1509; x_wconf 87' lang='lat' dir='ltr'><strong>tias</strong></span> <span class='ocrx_word' id='word_1_156' title='bbox 252 1464 531 1524; x_wconf 89' lang='lat' dir='ltr'><strong>interponens</strong></span> <span class='ocrx_word' id='word_1_157' title='bbox 564 1464 794 1510; x_wconf 85' lang='lat' dir='ltr'><strong>distulerat</strong></span> <span class='ocrx_word' id='word_1_158' title='bbox 816 1466 1013 1510; x_wconf 88' lang='lat' dir='ltr'><strong>ordinem</strong></span> <span class='ocrx_word' id='word_1_159' title='bbox 1033 1501 1044 1520; x_wconf 91' lang='lat'>‚</span> <span class='ocrx_word' id='word_1_160' title='bbox 1070 1465 1125 1509; x_wconf 91' lang='lat' dir='ltr'><strong>ad</strong></span> <span class='ocrx_word' id='word_1_161' title='bbox 1157 1480 1290 1524; x_wconf 88' lang='lat' dir='ltr'><strong>quem</strong></span> <span class='ocrx_word' id='word_1_162' title='bbox 1318 1480 1435 1509; x_wconf 90' lang='lat' dir='ltr'><strong>nunc</strong></span> <span class='ocrx_word' id='word_1_163' title='bbox 1460 1481 1530 1509; x_wconf 87' lang='lat' dir='ltr'><strong>re-</strong></span> 
     </span>
     <span class='ocr_line' id='line_1_19' title="bbox 141 1533 1530 1598; baseline 0 -19"><span class='ocrx_word' id='word_1_164' title='bbox 141 1533 319 1579; x_wconf 90' lang='lat' dir='ltr'><strong>deundo</strong></span> <span class='ocrx_word' id='word_1_165' title='bbox 341 1534 576 1590; x_wconf 85' lang='lat' dir='ltr'><strong>conclusit,</strong></span> <span class='ocrx_word' id='word_1_166' title='bbox 597 1534 744 1580; x_wconf 91' lang='lat' dir='ltr'><strong>dicens</strong></span> <span class='ocrx_word' id='word_1_167' title='bbox 766 1554 774 1580; x_wconf 78' lang='lat'>2</span> <span class='ocrx_word' id='word_1_168' title='bbox 800 1554 820 1578; x_wconf 93' lang='lat'>«</span> <span class='ocrx_word' id='word_1_169' title='bbox 842 1539 995 1598; x_wconf 91' lang='lat' dir='ltr'><strong>Itaque</strong></span> <span class='ocrx_word' id='word_1_170' title='bbox 1017 1535 1128 1580; x_wconf 92' lang='lat' dir='ltr'><strong>sicut</strong></span> <span class='ocrx_word' id='word_1_171' title='bbox 1147 1551 1224 1596; x_wconf 91' lang='lat' dir='ltr'><strong>per</strong></span> <span class='ocrx_word' id='word_1_172' title='bbox 1247 1535 1377 1580; x_wconf 89' lang='lat' dir='ltr'><strong>unius</strong></span> <span class='ocrx_word' id='word_1_173' title='bbox 1395 1535 1530 1580; x_wconf 88' lang='lat' dir='ltr'><strong>delic-</strong></span> 
     </span>
     <span class='ocr_line' id='line_1_20' title="bbox 145 1605 933 1662; baseline 0.005 -15"><span class='ocrx_word' id='word_1_174' title='bbox 145 1623 166 1646; x_wconf 93' lang='lat'>»</span> <span class='ocrx_word' id='word_1_175' title='bbox 201 1614 295 1649; x_wconf 89' lang='lat' dir='ltr'><strong>tum</strong></span> <span class='ocrx_word' id='word_1_176' title='bbox 318 1605 363 1648; x_wconf 92' lang='lat' dir='ltr'><strong>in</strong></span> <span class='ocrx_word' id='word_1_177' title='bbox 384 1621 533 1650; x_wconf 90' lang='lat' dir='ltr'><strong>omnes</strong></span> <span class='ocrx_word' id='word_1_178' title='bbox 555 1606 754 1651; x_wconf 87' lang='lat' dir='ltr'><strong>homines</strong></span> <span class='ocrx_word' id='word_1_179' title='bbox 769 1641 781 1662; x_wconf 82' lang='lat'>‚</span> <span class='ocrx_word' id='word_1_180' title='bbox 805 1624 824 1647; x_wconf 93' lang='lat'>»</span> <span class='ocrx_word' id='word_1_181' title='bbox 850 1616 933 1650; x_wconf 90' lang='lat' dir='ltr'><strong>etc.</strong></span> 
     </span>
     <span class='ocr_line' id='line_1_21' title="bbox 201 1675 1532 1726; baseline 0.002 -8"><span class='ocrx_word' id='word_1_182' title='bbox 201 1676 343 1718; x_wconf 81' lang='lat' dir='ltr'>XXX.</span> <span class='ocrx_word' id='word_1_183' title='bbox 369 1676 498 1726; x_wconf 89' lang='lat' dir='ltr'><strong>Quod</strong></span> <span class='ocrx_word' id='word_1_184' title='bbox 521 1684 666 1717; x_wconf 87' lang='lat' dir='ltr'><strong>autem</strong></span> <span class='ocrx_word' id='word_1_185' title='bbox 686 1676 744 1718; x_wconf 84' lang='lat' dir='ltr'><strong>ait</strong></span> <span class='ocrx_word' id='word_1_186' title='bbox 766 1695 773 1718; x_wconf 84' lang='grc'>;</span> <span class='ocrx_word' id='word_1_187' title='bbox 798 1694 818 1717; x_wconf 89' lang='grc'>«</span> <span class='ocrx_word' id='word_1_188' title='bbox 839 1679 924 1719; x_wconf 80' lang='lat' dir='ltr'><strong>Lex</strong></span> <span class='ocrx_word' id='word_1_189' title='bbox 942 1676 1203 1720; x_wconf 81' lang='lat' dir='ltr'><strong>subintravit</strong></span> <span class='ocrx_word' id='word_1_190' title='bbox 1220 1685 1270 1720; x_wconf 90' lang='lat' dir='ltr'><strong>ut</strong></span> <span class='ocrx_word' id='word_1_191' title='bbox 1287 1675 1532 1721; x_wconf 88' lang='lat' dir='ltr'><strong>abundaret</strong></span> 
     </span>
     <span class='ocr_line' id='line_1_22' title="bbox 143 1744 1533 1804; baseline 0.002 -18"><span class='ocrx_word' id='word_1_192' title='bbox 143 1762 164 1787; x_wconf 91' lang='lat'>»</span> <span class='ocrx_word' id='word_1_193' title='bbox 198 1744 458 1799; x_wconf 56' lang='lat' dir='ltr'><strong>delictum,</strong></span> <span class='ocrx_word' id='word_1_194' title='bbox 482 1745 616 1804; x_wconf 90' lang='lat' dir='ltr'><strong>»ipso</strong></span> <span class='ocrx_word' id='word_1_195' title='bbox 648 1745 784 1789; x_wconf 90' lang='lat' dir='ltr'><strong>verbo</strong></span> <span class='ocrx_word' id='word_1_196' title='bbox 822 1745 921 1789; x_wconf 88' lang='lat' dir='ltr'><strong>satis</strong></span> <span class='ocrx_word' id='word_1_197' title='bbox 952 1745 1211 1803; x_wconf 83' lang='lat' dir='ltr'><strong>significavit</strong></span> <span class='ocrx_word' id='word_1_198' title='bbox 1247 1746 1430 1789; x_wconf 86' lang='lat' dir='ltr'><strong>nescisse</strong></span> <span class='ocrx_word' id='word_1_199' title='bbox 1453 1748 1533 1789; x_wconf 85' lang='lat' dir='ltr'><strong>Ju-</strong></span> 
     </span>
     <span class='ocr_line' id='line_1_23' title="bbox 143 1813 1532 1874; baseline 0.001 -15"><span class='ocrx_word' id='word_1_200' title='bbox 143 1813 259 1859; x_wconf 85' lang='lat' dir='ltr'><strong>daeos</strong></span> <span class='ocrx_word' id='word_1_201' title='bbox 280 1831 366 1874; x_wconf 87' lang='lat' dir='ltr'><strong>qua</strong></span> <span class='ocrx_word' id='word_1_202' title='bbox 392 1815 712 1874; x_wconf 83' lang='lat' dir='ltr'><strong>dispensatione</strong></span> <span class='ocrx_word' id='word_1_203' title='bbox 734 1818 822 1859; x_wconf 85' lang='lat' dir='ltr'><strong>Lex</strong></span> <span class='ocrx_word' id='word_1_204' title='bbox 855 1816 956 1860; x_wconf 85' lang='lat' dir='ltr'><strong>data</strong></span> <span class='ocrx_word' id='word_1_205' title='bbox 981 1815 1051 1859; x_wconf 92' lang='lat' dir='ltr'><strong>sit.</strong></span> <span class='ocrx_word' id='word_1_206' title='bbox 1079 1818 1176 1861; x_wconf 92' lang='lat' dir='ltr'><strong>Non</strong></span> <span class='ocrx_word' id='word_1_207' title='bbox 1199 1816 1314 1859; x_wconf 89' lang='lat' dir='ltr'><strong>enim</strong></span> <span class='ocrx_word' id='word_1_208' title='bbox 1344 1815 1443 1860; x_wconf 85' lang='lat' dir='ltr'><strong>data</strong></span> <span class='ocrx_word' id='word_1_209' title='bbox 1468 1827 1532 1861; x_wconf 89' lang='lat' dir='ltr'><strong>est</strong></span> 
     </span>
     <span class='ocr_line' id='line_1_24' title="bbox 143 1885 1533 1946; baseline 0.001 -18"><span class='ocrx_word' id='word_1_210' title='bbox 143 1900 242 1946; x_wconf 83' lang='lat' dir='ltr'><strong>quae</strong></span> <span class='ocrx_word' id='word_1_211' title='bbox 260 1893 402 1944; x_wconf 88' lang='lat' dir='ltr'><strong>posset</strong></span> <span class='ocrx_word' id='word_1_212' title='bbox 421 1885 664 1942; x_wconf 82' lang='lat' dir='ltr'><strong>vivificare3</strong></span> <span class='ocrx_word' id='word_1_213' title='bbox 688 1885 790 1945; x_wconf 85' lang='lat' dir='ltr'><strong>quia</strong></span> <span class='ocrx_word' id='word_1_214' title='bbox 810 1885 944 1943; x_wconf 82' lang='lat' dir='ltr'><strong>gratia</strong></span> <span class='ocrx_word' id='word_1_215' title='bbox 963 1885 1152 1930; x_wconf 84' lang='lat' dir='ltr'><strong>vivificat</strong></span> <span class='ocrx_word' id='word_1_216' title='bbox 1175 1901 1251 1944; x_wconf 85' lang='lat' dir='ltr'><strong>per</strong></span> <span class='ocrx_word' id='word_1_217' title='bbox 1274 1885 1404 1930; x_wconf 80' lang='lat' dir='ltr'><strong>fidem</strong></span> <span class='ocrx_word' id='word_1_218' title='bbox 1427 1905 1436 1930; x_wconf 93' lang='lat'>:</span> <span class='ocrx_word' id='word_1_219' title='bbox 1459 1886 1533 1930; x_wconf 90' lang='lat' dir='ltr'><strong>sed</strong></span> 
     </span>
     <span class='ocr_line' id='line_1_25' title="bbox 143 1954 1533 2015; baseline 0 -17"><span class='ocrx_word' id='word_1_220' title='bbox 143 1954 243 1998; x_wconf 81' lang='lat' dir='ltr'><strong>data</strong></span> <span class='ocrx_word' id='word_1_221' title='bbox 266 1963 329 1997; x_wconf 88' lang='lat' dir='ltr'><strong>est</strong></span> <span class='ocrx_word' id='word_1_222' title='bbox 352 1956 438 1997; x_wconf 80' lang='lat' dir='ltr'><strong>Lex</strong></span> <span class='ocrx_word' id='word_1_223' title='bbox 465 1955 513 1997; x_wconf 87' lang='lat' dir='ltr'><strong>ad</strong></span> <span class='ocrx_word' id='word_1_224' title='bbox 533 1954 856 1998; x_wconf 86' lang='lat' dir='ltr'><strong>ostendendum</strong></span> <span class='ocrx_word' id='word_1_225' title='bbox 880 1954 1053 2014; x_wconf 85' lang='lat' dir='ltr'><strong>quantis</strong></span> <span class='ocrx_word' id='word_1_226' title='bbox 1070 1970 1292 2015; x_wconf 86' lang='lat' dir='ltr'><strong>quamque</strong></span> <span class='ocrx_word' id='word_1_227' title='bbox 1316 1955 1418 1998; x_wconf 86' lang='lat' dir='ltr'><strong>artis</strong></span> <span class='ocrx_word' id='word_1_228' title='bbox 1435 1956 1533 1999; x_wconf 69' lang='lat' dir='ltr'><strong>vin-</strong></span> 
     </span>
     <span class='ocr_line' id='line_1_26' title="bbox 143 2018 1532 2084; baseline -0.001 -14"><span class='ocrx_word' id='word_1_229' title='bbox 143 2024 250 2070; x_wconf 88' lang='lat' dir='ltr'><strong>culis</strong></span> <span class='ocrx_word' id='word_1_230' title='bbox 272 2018 551 2082; x_wconf 79' lang='lat' dir='ltr'><strong>peccatorum</strong></span> <span class='ocrx_word' id='word_1_231' title='bbox 580 2024 981 2082; x_wconf 86' lang='lat' dir='ltr'><strong>constringerentur</strong></span> <span class='ocrx_word' id='word_1_232' title='bbox 1003 2024 1079 2084; x_wconf 86' lang='lat' dir='ltr'><strong>qui</strong></span> <span class='ocrx_word' id='word_1_233' title='bbox 1103 2024 1158 2069; x_wconf 88' lang='lat' dir='ltr'><strong>de</strong></span> <span class='ocrx_word' id='word_1_234' title='bbox 1180 2025 1266 2068; x_wconf 88' lang='lat' dir='ltr'><strong>suis</strong></span> <span class='ocrx_word' id='word_1_235' title='bbox 1289 2025 1454 2069; x_wconf 84' lang='lat' dir='ltr'><strong>viribus</strong></span> <span class='ocrx_word' id='word_1_236' title='bbox 1478 2024 1532 2069; x_wconf 84' lang='lat' dir='ltr'><strong>ad</strong></span> 
     </span>
     <span class='ocr_line' id='line_1_27' title="bbox 144 2093 1532 2154; baseline 0.001 -16"><span class='ocrx_word' id='word_1_237' title='bbox 144 2093 409 2152; x_wconf 85' lang='lat' dir='ltr'><strong>implendam</strong></span> <span class='ocrx_word' id='word_1_238' title='bbox 430 2094 643 2154; x_wconf 87' lang='lat' dir='ltr'><strong>justitiam</strong></span> <span class='ocrx_word' id='word_1_239' title='bbox 662 2094 1000 2153; x_wconf 84' lang='lat' dir='ltr'><strong>praesumebant.</strong></span> <span class='ocrx_word' id='word_1_240' title='bbox 1030 2095 1097 2138; x_wconf 90' lang='lat' dir='ltr'><strong>Sic</strong></span> <span class='ocrx_word' id='word_1_241' title='bbox 1116 2094 1355 2138; x_wconf 85' lang='lat' dir='ltr'><strong>abundavit</strong></span> <span class='ocrx_word' id='word_1_242' title='bbox 1379 2110 1532 2154; x_wconf 86' lang='lat' dir='ltr'><strong>peeca-</strong></span> 
     </span>
     <span class='ocr_line' id='line_1_28' title="bbox 145 2164 1534 2223; baseline 0 -16"><span class='ocrx_word' id='word_1_243' title='bbox 145 2172 269 2218; x_wconf 89' lang='lat' dir='ltr'><strong>tum,</strong></span> <span class='ocrx_word' id='word_1_244' title='bbox 309 2179 409 2207; x_wconf 91' lang='lat' dir='ltr'><strong>cum</strong></span> <span class='ocrx_word' id='word_1_245' title='bbox 442 2173 485 2208; x_wconf 91' lang='lat' dir='ltr'><strong>ct</strong></span> <span class='ocrx_word' id='word_1_246' title='bbox 520 2164 871 2223; x_wconf 83' lang='lat' dir='ltr'><strong>concupiscentia</strong></span> <span class='ocrx_word' id='word_1_247' title='bbox 894 2179 945 2207; x_wconf 83' lang='lat' dir='ltr'><strong>ex</strong></span> <span class='ocrx_word' id='word_1_248' title='bbox 981 2164 1278 2223; x_wconf 83' lang='lat' dir='ltr'><strong>prohibitione</strong></span> <span class='ocrx_word' id='word_1_249' title='bbox 1311 2164 1534 2208; x_wconf 85' lang='lat' dir='ltr'><strong>ardentior</strong></span> 
     </span>
     <span class='ocr_line' id='line_1_29' title="bbox 147 2232 1534 2295; baseline 0.001 -18"><span class='ocrx_word' id='word_1_250' title='bbox 147 2232 260 2278; x_wconf 85' lang='lat' dir='ltr'><strong>facta</strong></span> <span class='ocrx_word' id='word_1_251' title='bbox 290 2243 379 2288; x_wconf 89' lang='lat' dir='ltr'><strong>est,</strong></span> <span class='ocrx_word' id='word_1_252' title='bbox 416 2243 459 2278; x_wconf 91' lang='lat' dir='ltr'><strong>et</strong></span> <span class='ocrx_word' id='word_1_253' title='bbox 488 2234 768 2295; x_wconf 86' lang='lat' dir='ltr'><strong>peccantibus</strong></span> <span class='ocrx_word' id='word_1_254' title='bbox 802 2243 953 2278; x_wconf 88' lang='lat' dir='ltr'><strong>contra</strong></span> <span class='ocrx_word' id='word_1_255' title='bbox 977 2238 1136 2292; x_wconf 81' lang='lat' dir='ltr'><strong>Legem</strong></span> <span class='ocrx_word' id='word_1_256' title='bbox 1172 2234 1534 2293; x_wconf 77' lang='lat' dir='ltr'><strong>praevaricationis</strong></span> 
     </span>
     <span class='ocr_line' id='line_1_30' title="bbox 147 2302 1534 2364; baseline 0 -18"><span class='ocrx_word' id='word_1_257' title='bbox 147 2303 310 2347; x_wconf 91' lang='lat' dir='ltr'><strong>crimen</strong></span> <span class='ocrx_word' id='word_1_258' title='bbox 333 2303 521 2348; x_wconf 85' lang='lat' dir='ltr'><strong>accessit.</strong></span> <span class='ocrx_word' id='word_1_259' title='bbox 548 2303 678 2356; x_wconf 87' lang='lat' dir='ltr'><strong>Quod</strong></span> <span class='ocrx_word' id='word_1_260' title='bbox 700 2303 903 2363; x_wconf 83' lang='lat' dir='ltr'><strong>intelligit</strong></span> <span class='ocrx_word' id='word_1_261' title='bbox 923 2305 996 2364; x_wconf 87' lang='lat' dir='ltr'><strong>qui</strong></span> <span class='ocrx_word' id='word_1_262' title='bbox 1020 2302 1261 2348; x_wconf 85' lang='lat' dir='ltr'><strong>secundum</strong></span> <span class='ocrx_word' id='word_1_263' title='bbox 1284 2303 1465 2361; x_wconf 81' lang='lat' dir='ltr'><strong>gradum</strong></span> <span class='ocrx_word' id='word_1_264' title='bbox 1491 2304 1534 2346; x_wconf 87' lang='lat' dir='ltr'><strong>in</strong></span> 
     </span>
     <span class='ocr_line' id='line_1_31' title="bbox 147 2372 977 2433; baseline 0 -16"><span class='ocrx_word' id='word_1_265' title='bbox 147 2372 230 2417; x_wconf 89' lang='lat' dir='ltr'><strong>illis</strong></span> <span class='ocrx_word' id='word_1_266' title='bbox 252 2382 441 2433; x_wconf 84' lang='lat' dir='ltr'><strong>quatuor</strong></span> <span class='ocrx_word' id='word_1_267' title='bbox 460 2373 666 2432; x_wconf 78' lang='lat' dir='ltr'><strong>gradibus</strong></span> <span class='ocrx_word' id='word_1_268' title='bbox 685 2373 930 2418; x_wconf 83' lang='lat' dir='ltr'><strong>considerat</strong></span> <span class='ocrx_word' id='word_1_269' title='bbox 946 2377 977 2417; x_wconf 74' lang='lat'><strong>¹³.</strong></span> 
     </span>
     <span class='ocr_line' id='line_1_32' title="bbox 206 2442 1533 2501; baseline -0.001 -15"><span class='ocrx_word' id='word_1_270' title='bbox 206 2445 370 2488; x_wconf 74' lang='lat' dir='ltr'><strong>XXXI,</strong></span> <span class='ocrx_word' id='word_1_271' title='bbox 396 2445 525 2497; x_wconf 89' lang='lat' dir='ltr'><strong>Quod</strong></span> <span class='ocrx_word' id='word_1_272' title='bbox 547 2453 691 2489; x_wconf 85' lang='lat' dir='ltr'><strong>autem</strong></span> <span class='ocrx_word' id='word_1_273' title='bbox 715 2444 772 2488; x_wconf 90' lang='lat' dir='ltr'><strong>ait</strong></span> <span class='ocrx_word' id='word_1_274' title='bbox 792 2463 800 2488; x_wconf 90' lang='lat'><strong>:</strong></span> <span class='ocrx_word' id='word_1_275' title='bbox 826 2463 845 2485; x_wconf 89' lang='lat'>«</span> <span class='ocrx_word' id='word_1_276' title='bbox 871 2442 986 2497; x_wconf 84' lang='lat' dir='ltr'><strong>Quid</strong></span> <span class='ocrx_word' id='word_1_277' title='bbox 1009 2457 1110 2501; x_wconf 80' lang='lat' dir='ltr'><strong>ergo</strong></span> <span class='ocrx_word' id='word_1_278' title='bbox 1133 2442 1408 2487; x_wconf 81' lang='lat' dir='ltr'><strong>dicebimusP</strong></span> <span class='ocrx_word' id='word_1_279' title='bbox 1432 2446 1533 2487; x_wconf 71' lang='lat'><strong>1²01·-</strong></span> 
     </span>
    </p>
   </div>
   <div class='ocr_carea' id='block_1_2' title="bbox 149 2536 1534 2635">
    <p class='ocr_par' dir='ltr' id='par_1_2' title="bbox 149 2536 1534 2635">
     <span class='ocr_line' id='line_1_33' title="bbox 197 2536 1534 2580; baseline -0.001 -11"><span class='ocrx_word' id='word_1_280' title='bbox 197 2544 206 2560; x_wconf 90' lang='lat'>¹</span> <span class='ocrx_word' id='word_1_281' title='bbox 226 2540 318 2569; x_wconf 80' lang='lat' dir='ltr'><strong>nom.</strong></span> <span class='ocrx_word' id='word_1_282' title='bbox 339 2549 371 2578; x_wconf 87' lang='lat' dir='ltr'><strong>v,</strong></span> <span class='ocrx_word' id='word_1_283' title='bbox 401 2550 450 2580; x_wconf 89' lang='lat'><strong>¹7·</strong></span> <span class='ocrx_word' id='word_1_284' title='bbox 471 2556 512 2563; x_wconf 90' lang='lat'><strong>·—·</strong></span> <span class='ocrx_word' id='word_1_285' title='bbox 531 2540 642 2572; x_wconf 78' lang='lat' dir='ltr'><strong>²1bid.</strong></span> <span class='ocrx_word' id='word_1_286' title='bbox 668 2547 719 2572; x_wconf 79' lang='lat'><strong>12.</strong></span> <span class='ocrx_word' id='word_1_287' title='bbox 746 2557 787 2563; x_wconf 93' lang='lat'>—</span> <span class='ocrx_word' id='word_1_288' title='bbox 805 2537 817 2561; x_wconf 82' lang='lat'>3</span> <span class='ocrx_word' id='word_1_289' title='bbox 836 2538 916 2571; x_wconf 83' lang='lat' dir='ltr'><strong>lbid.</strong></span> <span class='ocrx_word' id='word_1_290' title='bbox 943 2539 994 2579; x_wconf 71' lang='grc' dir='ltr'><strong>ιδ,</strong></span> <span class='ocrx_word' id='word_1_291' title='bbox 1015 2549 1066 2580; x_wconf 84' lang='lat'><strong>¹9·</strong></span> <span class='ocrx_word' id='word_1_292' title='bbox 1086 2537 1262 2570; x_wconf 76' lang='grc' dir='ltr'>-411ιίι1,</span> <span class='ocrx_word' id='word_1_293' title='bbox 1293 2549 1342 2569; x_wconf 72' lang='lat'><strong>20.</strong></span> <span class='ocrx_word' id='word_1_294' title='bbox 1366 2555 1405 2561; x_wconf 93' lang='lat'><strong>—</strong></span> <span class='ocrx_word' id='word_1_295' title='bbox 1426 2536 1439 2559; x_wconf 78' lang='lat'><em>5</em></span> <span class='ocrx_word' id='word_1_296' title='bbox 1457 2538 1534 2570; x_wconf 55' lang='lat' dir='ltr'><strong>x&#39;i-lt·</strong></span> 
     </span>
     <span class='ocr_line' id='line_1_34' title="bbox 149 2595 444 2635; baseline 0.007 -11"><span class='ocrx_word' id='word_1_297' title='bbox 149 2603 242 2635; x_wconf 73' lang='lat' dir='ltr'><strong>supra</strong></span> <span class='ocrx_word' id='word_1_298' title='bbox 264 2595 357 2635; x_wconf 84' lang='lat' dir='ltr'><strong>Prop.</strong></span> <span class='ocrx_word' id='word_1_299' title='bbox 379 2604 444 2626; x_wconf 82' lang='lat' dir='ltr'><strong>xm.</strong></span> 
     </span>
    </p>
   </div>
  </div>
 </body>
</html>
