1867 3320
391 263 530 291 senno
562 265 622 291 ιν.
661 263 716 290 οε
748 260 870 290 JAcoss
903 264 954 290 Etr
986 263 1106 291 Esau.
1360 255 1440 293 175

57 341 123 384 tus
147 333 473 374 Testamentum
491 348 502 386 3
517 328 751 387 imaginem
772 324 906 372 habet
926 326 980 371 ad
997 327 1234 373 Jerusalem
1258 344 1358 387 quae
1378 338 1443 374 est

12 419 18 463 ς
50 402 96 454 in
115 399 252 455 coelo,
280 408 323 443 et
342 398 528 459 pertinet
550 398 604 442 ad
626 400 797 443 Novum
830 400 1172 442 Testamentum.
1199 398 1440 444 Circumci-

54 473 114 526 sio
140 469 319 516 carnalis
343 470 532 529 pertinet
553 468 609 513 ad
626 471 761 513 Vetus
781 471 1108 512 Testamentum
1136 487 1144 512 :
1170 467 1441 514 circumcisio

51 541 188 591 cordis
209 540 400 599 pertinet
418 540 473 584 ad
488 542 660 586 Novum
681 542 1020 592 Testamentum.
1038 539 1270 583 Liberatur
1287 555 1443 584 secun-

50 613 154 666 dum
175 614 310 656 Vetus
336 615 664 656 Testamentum
691 610 881 671 populus
908 611 962 655 de
983 613 1175 670 AEgypto
1199 630 1208 656 ε
1229 610 1443 655 liberatur

49 681 288 735 secundum
317 685 490 728 Novum
514 685 837 726 Testamentum
860 681 1048 741 populus
1071 696 1095 725 a
1111 680 1305 729 diabolo.
1334 685 1443 726 Per-

50 762 262 800 secutores
284 754 471 813 AEgyptii
501 762 545 797 et
575 753 742 797 Pharao
776 762 1099 817 persequuntur
1136 761 1348 797 exeuntes
1387 751 1442 797 de

48 827 239 884 AEgypto
251 826 276 868 J
281 823 427 868 udaeos
441 843 449 869 :
462 833 787 884 persequuntur
804 822 1018 883 populum
1040 824 1325 868 christianum
1346 839 1443 884 pec-

46 904 142 941 cata
159 896 351 955 ipsorum
373 905 417 939 et
440 894 640 939 diabolus
664 895 862 954 princeps
885 904 1181 954 peccatorum.
1209 896 1295 941 Sed
1311 896 1439 941 'sicut

49 966 226 1016 Judaeos
248 982 387 1026 usque
404 965 458 1011 ad
479 981 596 1010 mare
620 974 946 1026 persequuntur
966 967 1161 1025 AEgyptii
1179 986 1187 1011 :
1209 967 1268 1011 sic
1290 968 1441 1012 Chris-

47 1036 186 1082 tianos
206 1052 343 1097 usque
365 1035 419 1081 ad
440 1036 705 1095 baptismum
729 1045 1054 1095 persequuntur
1071 1045 1265 1095 peccata.
1285 1040 1439 1080 Inten-

47 1106 156 1162 dite,
189 1107 363 1162 fratres,
388 1115 431 1150 et
451 1106 619 1161 videte,
652 1106 895 1150 liberantur
916 1122 993 1166 per
1015 1123 1134 1151 mare
1162 1106 1331 1163 Judaei‚
1357 1108 1441 1152 ob-

49 1188 236 1222 ruuntur
258 1179 301 1222 in
324 1178 430 1221 mari
448 1177 642 1236 AEgyprii
670 1196 678 1221 :
701 1177 943 1221 liberantur
966 1178 1201 1222 Christiani
1224 1179 1268 1222 in
1287 1179 1439 1223 remis-

47 1248 164 1302 sione
179 1257 474 1308 peccatorum,
485 1247 688 1292 delentur
701 1257 875 1306 peccata
890 1263 965 1307 per
981 1249 1441 1308 baptismum.Exeunt

47 1329 144 1379 post
166 1335 283 1364 mare
301 1318 500 1371 rubrum,
515 1327 558 1362 et
579 1318 805 1363 ambulant
826 1334 903 1378 per
921 1334 1117 1369 eremum
1135 1320 1214 1364 :sic
1237 1329 1279 1364 et
1294 1321 1440 1365 Chris·

47 1390 153 1435 tiani
179 1400 274 1449 post
298 1390 561 1448 baptismum
585 1390 783 1434 nondum
815 1399 916 1434 sunt
938 1391 983 1434 in
1003 1399 1115 1434 terra
1138 1392 1438 1450 repromissio-

47 1460 112 1505 nis
129 1495 139 1515 ,
161 1460 234 1504 sed
256 1470 358 1504 sunt
379 1460 424 1504 in
445 1475 535 1519 spe.
567 1460 784 1505 Saeculum
810 1470 955 1505 autem
979 1461 1062 1506 hoc
1086 1477 1255 1506 eremus
1277 1472 1342 1507 est
1361 1484 1372 1519 3
1395 1472 1439 1508 et

48 1545 146 1576 vere
165 1531 409 1575 Christiano
439 1539 503 1574 est
529 1545 697 1574 eremus
731 1540 828 1590 post
852 1531 1136 1590 baptismum,
1163 1533 1196 1576 si
1218 1532 1436 1591 intelligat

1 1622 3 1624 “
47 1600 167 1662 quod
182 1602 362 1661 accepit.
389 1601 431 1646 Si
449 1617 538 1647 non
555 1601 695 1645 solum
717 1602 837 1660 signa
860 1603 1099 1660 corporalia
1122 1604 1166 1646 in
1190 1602 1265 1646 illo
1290 1603 1397 1648 fiant
1420 1639 1431 1659 ‚

46 1671 120 1729 sed
137 1673 170 1716 si
197 1673 322 1717 etiam
340 1673 384 1716 in
401 1672 531 1717 corde
552 1672 751 1732 spiritalis
772 1672 953 1717 effectus
971 1708 981 1727 ‚
1005 1671 1206 1730 intelligit
1229 1673 1310 1717 sibi
1333 1690 1434 1718 ere-

47 1757 167 1789 mum
195 1759 285 1785 esse
306 1744 434 1787 istum
467 1742 681 1789 mundum
701 1779 711 1798 ‚
737 1743 937 1801 intelligit
955 1744 997 1786 in
1020 1744 1367 1802 peregrinatione
1392 1761 1436 1790 se

47 1811 189 1856 vivere
208 1846 218 1866 ‚
248 1811 430 1870 patriam
453 1810 742 1855 desituram&
775 1814 979 1863 Ouandiu
1008 1824 1155 1858 autem
1186 1814 1432 1865 desiderat,

49 1881 94 1927 in
114 1897 188 1940 spe
206 1890 283 1926 est.
310 1900 327 1922 «
355 1883 438 1940 Spe
460 1881 576 1924 enim
599 1880 703 1924 salvi
724 1879 823 1924 faeti
853 1895 999 1923 sumus
1026 1900 1034 1924 :
1055 1900 1148 1937 spes
1170 1896 1315 1930 autem
1333 1903 1435 1943 quae

53 1970 72 1995 »
107 1951 280 1997 videtur
294 1986 304 2006 ,
325 1966 412 1995 non
430 1959 493 1994 est
510 1965 619 2008 spes.
641 1949 764 2002 Quod
784 1949 898 1993 enim
925 1950 1042 1994 videt
1064 1951 1161 2010 quis
1182 1986 1192 2004 ‚
1213 1952 1321 2012 quid
1337 1969 1435 2012 spe-

52 2039 73 2069 »
109 2023 206 2066 rat?
231 2021 272 2066 Si
297 2030 439 2065 autem
468 2019 588 2080 quod
617 2035 705 2063 non
738 2019 958 2072 videmus,
984 2034 1229 2078 speramus,
1260 2037 1336 2080 per
1358 2038 1436 2081 pa-

55 2110 74 2142 »
108 2092 303 2137 tientiam
339 2100 617 2150 expectamus
633 2094 664 2134 ¹².
696 2108 714 2132 »
753 2093 836 2134 tsta
866 2090 1070 2149 patientia
1096 2091 1139 2134 in
1168 2106 1314 2136 eremo
1339 2092 1439 2137 tacit

52 2163 215 2224 aliquid
231 2178 401 2222 sperare
420 2181 428 2206 :
451 2163 481 2206 si
499 2163 588 2221 jam
607 2176 651 2205 se
674 2170 797 2220 putat
816 2160 858 2204 in
880 2161 1031 2220 patria,
1055 2177 1141 2206 non
1162 2163 1359 2220 pervenit
1381 2164 1438 2208 ad

53 2235 233 2296 patriam
259 2254 267 2279 :
294 2234 326 2277 si
358 2234 447 2293 jam
473 2248 515 2276 sc
545 2241 668 2291 putat
707 2233 749 2276 in
785 2232 942 2291 patria,
970 2242 1162 2276 remanet
1198 2233 1240 2278 in
1264 2233 1328 2277 via
1356 2254 1364 2278 :
1387 2243 1437 2278 ut

55 2313 198 2362 autem
230 2319 321 2348 non
356 2313 574 2346 remaneat
611 2303 655 2346 in
693 2301 784 2356 via,
815 2312 956 2361 speret
991 2302 1197 2361 patriam,
1222 2302 1437 2349 desideret

55 2376 256 2436 patriam,
284 2390 337 2419 ne
359 2374 514 2418 deviet.
549 2375 656 2418 Nam
681 2382 918 2418 occurrunt
942 2373 1202 2421 tentationes
1229 2392 1237 2418 :
1264 2374 1320 2420 ita
1344 2384 1440 2433 post

56 2444 317 2505 baptismum
355 2453 605 2489 occurrunt.
634 2445 754 2490 Sicut
781 2444 894 2487 enim
930 2459 1018 2487 uon
1050 2444 1128 2487 soli
1149 2454 1272 2489 erant
1296 2445 1437 2490 hostes

57 2513 306 2561 Judaeorum
332 2514 547 2574 Aigyptii‚
579 2514 654 2573 qui
691 2512 786 2558 illos
822 2514 875 2557 ab
899 2515 1092 2573 Aigypto
1114 2514 1439 2574 persequeban-

103 2605 111 2622 ¹
132 2600 235 2633 Forte
255 2599 425 2634 desi-terat.
446 2615 484 2623 -
505 2605 517 2622 ²
537 2601 627 2632 Ιὶυιιι.
650 2609 719 2639 vni,
739 2596 791 2639 24.
