1867 3320
315 289 635 317 PROPOSITIONES
665 289 722 315 Ex
754 286 953 316 EPISTOLA
985 286 1040 315 An
1072 288 1283 319 ROMANOS.
1431 281 1484 318 19

107 353 267 413 quibus
289 353 471 397 carnalis
492 362 583 397 erat
603 352 678 397 illa
708 353 939 412 prudentia
956 387 967 407 ,
992 353 1039 396 in
1060 369 1147 412 qua
1168 354 1339 413 impleri
1360 355 1483 412 Legis

108 432 323 482 praecepta
345 438 436 467 non
458 431 675 481 poterant.
698 425 790 467 Hac
812 431 958 467 autem
990 421 1222 481 prudentia
1245 423 1291 466 in
1313 424 1487 468 homine

107 493 332 537 Dominico
365 492 584 537 destructa
615 502 658 537 et
689 492 862 548 ablata,
893 492 1060 552 justitia
1092 492 1218 551 Legis
1251 492 1485 551 impletur,

108 577 209 607 cum
236 562 477 607 secundum
509 577 684 607 carnem
721 578 811 607 non
837 562 1106 616 ambulatur,
1142 562 1217 606 sed
1250 561 1490 606 secundum

108 632 304 692 spiritum
320 634 350 675 ¹.
379 631 504 676 Unde
523 632 740 676 verissime
760 631 928 675 dictum
945 640 1008 676 est
1025 649 1034 676 ε
1054 649 1075 674 «
1093 633 1190 676 Non
1211 632 1311 676 veni
1330 635 1490 690 Legem

111 719 133 744 »
166 701 331 747 solvere
350 736 362 757 ‚
386 700 462 746 sed
480 701 660 761 implere
674 704 707 747 ².
722 720 743 743 »
768 701 1001 746 Plenitudo
1022 716 1126 760 ergo
1145 702 1271 761 Legis
1286 701 1486 746 charitas.

42 790 51 796 ·
109 773 166 815 Et
185 772 369 816 charitas
397 787 548 816 eorum
578 781 642 816 est
662 772 739 832 qui
760 771 1002 816 secundum
1021 772 1222 830 spiritum
1244 771 1487 816 ambulant.

109 843 213 885 Haec
244 841 360 885 enim
391 842 446 885 ad
478 841 659 900 gratiam
693 841 880 900 pertinet
914 841 1099 900 Spiritus
1126 843 1278 886 sancti.
1303 841 1490 894 Quando

89 912 223 955 -enim
244 926 335 956 non
356 920 448 955 erat
463 911 648 955 charitas
663 911 869 971 justitiae,
893 911 970 956 sed
1003 912 1133 957 timor
1146 946 1158 969 ‚
1183 915 1271 957 Lex
1292 927 1382 957 non
1403 912 1490 956 im-

109 981 327 1040 plebatur.

166 1054 326 1097 XLIX.
352 1051 482 1104 Quod
511 1061 658 1096 autem
679 1053 768 1096 ait:
797 1069 818 1094 «
843 1052 950 1105 Quia
978 1053 1211 1112 prudentia
1244 1053 1384 1097 carnis
1407 1052 1491 1096 ini-

112 1139 134 1163 »
166 1121 277 1166 mica
314 1121 360 1165 in
382 1124 549 1178 Deum3
580 1122 683 1179 Legi
717 1122 833 1165 enim
870 1123 948 1166 Dei
970 1138 1060 1168 non
1081 1132 1145 1167 est
1175 1123 1391 1183 subjecta,
1411 1137 1493 1167 nec

113 1208 134 1232 »
168 1191 284 1235 enim
301 1193 472 1250 potest³
489 1226 500 1246 ,
529 1210 550 1233 »
575 1191 766 1236 ostendit
782 1191 889 1251 quid
907 1192 1087 1248 dixerit,
1112 1212 1132 1235 «
1162 1194 1337 1238 inimica
1362 1213 1371 1237 ε
1393 1211 1414 1234 »
1438 1207 1494 1236 ne

109 1261 207 1320 quis
228 1270 402 1320 putaret
433 1270 641 1320 tanquam
674 1277 725 1305 ex
750 1262 928 1307 adverso
949 1264 1163 1322 principio
1200 1264 1391 1323 aliquam
1413 1279 1494 1307 na-

110 1340 252 1375 turam
271 1366 283 1387 ,
321 1347 455 1391 quam
487 1347 577 1376 non
615 1331 811 1375 condidit
845 1336 985 1387 Deus,
1010 1334 1255 1377 inimicitias
1291 1333 1495 1378 adversus

107 1404 247 1446 Deum
265 1416 476 1446 exercere.
495 1402 701 1445 Inimicus
724 1417 828 1460 ergo
844 1403 919 1446 Dei
940 1402 1118 1458 dicitur,
1143 1404 1219 1461 qui
1242 1404 1346 1462 Legi
1363 1404 1495 1462 ipsius

108 1487 197 1516 non
217 1471 490 1529 obtemperat
506 1505 518 1524 ‚
552 1479 596 1514 et
622 1471 706 1515 hoc
730 1486 808 1529 per
835 1471 976 1515 carnis
997 1471 1275 1531 prudentiam
1295 1507 1306 1527 ‚
1336 1472 1381 1516 id
1403 1481 1491 1527 est,

109 1558 211 1588 cum
232 1543 399 1601 appetit
419 1541 675 1601 temporalia
705 1542 822 1586 bona
839 1577 850 1597 ,
876 1551 919 1586 et
940 1543 1065 1594 timet
1087 1544 1341 1602 temporalia
1362 1543 1491 1588 mala.

110 1613 313 1658 Definitio
340 1612 456 1657 enim
478 1612 725 1671 prudentiae
742 1613 788 1656 in
823 1613 1077 1672 appetendis
1099 1615 1226 1659 bonis
1248 1624 1291 1659 et
1311 1613 1497 1658 vitandis

112 1682 234 1727 malis
251 1682 452 1740 explicari
473 1680 597 1725 solet.
622 1684 898 1739 Quapropter
920 1692 1036 1727 recte
1054 1683 1244 1742 appellat
1263 1683 1498 1742 Apostolus

112 1753 250 1797 carnis
272 1750 547 1811 prudentiam
569 1785 579 1805 ‚
605 1766 692 1809 qua
715 1751 808 1794 haec
834 1760 1102 1809 appetuntur
1124 1768 1202 1811 pro
1224 1754 1391 1811 magnis
1414 1754 1497 1797 bo-

114 1822 180 1866 nis
195 1856 206 1876 ‚
236 1837 336 1881 quae
359 1836 448 1866 non
469 1829 746 1880 perseverant
763 1835 864 1863 cum
887 1820 1064 1864 homine
1081 1842 1092 1878 3
1112 1830 1155 1865 et
1175 1837 1230 1865 ne
1252 1823 1345 1866 haec
1368 1824 1496 1867 amit-

114 1899 263 1936 tantur
285 1891 476 1945 timetur,
500 1904 600 1949 quae
621 1889 885 1949 quandoque
908 1889 1145 1934 amittenda
1162 1901 1278 1936 sunt.
1304 1895 1401 1937 Non
1419 1908 1498 1951 po-

116 1970 199 2006 test
215 1958 358 2006 autem
381 1961 477 2005 talis
498 1960 730 2020 prudentia
745 1960 849 2018 Legi
866 1960 940 2003 Dei
954 1961 1271 2020 obtemperare.
1290 1963 1374 2008 Sed
1393 1973 1498 2008 tunc

116 2033 440 2091 obtemperatur
462 2032 592 2088 Legi,
617 2046 717 2075 cum
748 2031 840 2075 haec
862 2031 1094 2089 prudentia
1123 2034 1314 2078 extincta
1335 2033 1465 2078 fuerit
1482 2069 1493 2088 ,

118 2111 167 2147 ut
188 2103 227 2147 ei
254 2101 458 2147 succedat
483 2101 714 2161 prudentia
741 2102 916 2160 spiritus
936 2136 947 2157 ‚
974 2117 1060 2161 qua
1078 2117 1156 2147 nec
1179 2104 1222 2146 in
1246 2104 1497 2163 temporali-

123 2173 201 2217 bus
233 2172 358 2217 bonis
379 2187 474 2231 spes
495 2180 640 2216 nostra
668 2180 733 2216 est
749 2206 759 2226 ,
785 2187 927 2232 neque
953 2171 998 2215 in
1020 2173 1143 2217 malis
1166 2174 1308 2218 timor.
1335 2173 1501 2218 Eadem

119 2258 309 2302 namque
331 2243 487 2287 animae
509 2251 662 2286 natura
689 2251 732 2286 et
760 2243 1033 2301 prudentiam
1057 2245 1194 2288 carnis
1213 2245 1344 2288 habet
1363 2279 1374 2300 ‚
1399 2260 1499 2289 cum

122 2314 325 2360 inferiora
346 2322 533 2358 sectatur
551 2335 561 2370 3
581 2323 624 2357 et
647 2313 921 2372 prudentiam
940 2315 1113 2373 spiritus
1129 2350 1139 2369 ‚
1163 2330 1262 2359 curn
1280 2317 1500 2375 superiora

122 2383 254 2442 eligit.
268 2382 646 2437 Quemadmodum
668 2383 818 2427 eadem
843 2400 967 2443 aquae
989 2393 1141 2429 natura
1161 2395 1203 2429 et
1223 2384 1382 2444 frigore
1403 2401 1502 2430 con-

121 2454 298 2513 gelascit
314 2464 374 2508 ‚et
396 2454 537 2498 calore
555 2453 796 2498 resolvitur.
821 2455 889 2499 Sic
914 2469 1016 2512 crgo
1037 2455 1203 2500 dictum
1222 2466 1308 2500 cst:
1339 2476 1357 2498 «
1389 2457 1490 2514 Legi

127 2544 148 2568 »
182 2526 258 2570 Dei
280 2541 369 2570 non
405 2535 468 2570 est
505 2526 696 2584 subjecta
719 2526 950 2585 prudentia
972 2527 1111 2571 carnis
1129 2563 1139 2582 ,
1173 2543 1253 2572 nec
1281 2529 1396 2572 enim
1424 2543 1502 2586 po-

174 2615 182 2633 ¹
203 2610 322 2643 Matth.
342 2619 374 2652 v,
400 2620 450 2651 ¹7·
471 2625 512 2632 -
530 2616 542 2633 ²
563 2612 652 2642 Rom.
672 2619 740 2650 xm,
766 2620 815 2642 ιο,
835 2626 877 2633 -
898 2609 911 2633 ³
930 2609 975 2642 ld.
999 2621 1067 2651 vin,
1094 2622 1124 2651 7.

1309 2670 1346 2703 2.
