1924 3309
484 265 537 304 84
920 275 952 301 S·
988 275 1218 303 AUGUSTINI
1251 275 1432 303 EPISCOPI

484 361 505 384 «
538 344 689 401 Neque
710 341 810 385 veni
830 340 877 384 in
897 339 1215 399 Jerosolymam
1231 339 1286 384 ad
1302 352 1579 399 praecessores
1594 351 1712 381 meos
1729 337 1866 395 Apos-

481 431 502 454 »
538 410 665 467 tolos‚
681 411 758 457 sed
780 411 868 456 abii
888 411 935 455 in
961 412 1164 458 Arabiam
1186 419 1229 455 et
1250 410 1410 455 iterum
1431 423 1625 454 reversus
1658 421 1756 451 sum
1776 409 1866 450 Da-

477 497 686 527 mascum.
712 481 879 526 Deinde
905 491 1004 542 post
1025 496 1160 525 annos
1197 490 1303 536 tres,
1345 479 1518 524 ascendi
1550 475 1867 534 Jerosolymam

479 571 500 595 »
536 552 682 598 videre
712 556 891 597 Petrum
910 588 921 608 ,
957 562 1000 597 et
1021 551 1159 596 mansi
1181 550 1298 611 apud
1335 550 1460 594 illum
1492 549 1647 593 diebus
1677 546 1867 609 quinde-

482 642 503 665 »
539 625 665 669 cim¹.
690 643 711 665 »
735 624 778 669 Si
796 638 897 668 cum
919 622 1253 682 evangelizasset
1276 622 1434 666 Paulus
1455 621 1502 664 in
1524 620 1700 675 Arabia,
1720 627 1870 678 postea

479 694 589 739 vidit
618 698 794 739 Petrum
814 730 825 750 ,
850 709 940 738 non
973 692 1071 738 ideo
1109 702 1160 736 ut
1199 707 1276 752 per
1302 692 1444 752 ipsum
1474 694 1653 735 Petrum
1686 688 1870 734 disceret

478 766 791 825 Evangelium3
824 781 927 810 nam
950 774 1050 809 ante
1070 780 1171 809 eum
1193 764 1348 824 utique
1370 761 1547 808 vidisset
1571 781 1580 807 ε
1604 761 1680 806 sed
1701 769 1751 804 ut
1778 759 1869 804 fra-

479 846 648 881 ternam
688 837 943 882 charitatem
977 837 1107 880 etiam
1150 834 1364 894 corporali
1405 833 1558 878 notitia
1606 831 1865 877 cumularet.

481 927 502 950 «
537 907 685 952 Alium
707 916 854 952 autem
877 906 1188 967 Apostolorum
1210 922 1300 951 non
1318 904 1434 960 vidi,
1455 905 1537 949 nisi
1556 904 1772 949 Jacobum
1786 902 1871 947 fra-

481 998 500 1020 »
539 988 649 1024 trem
683 979 900 1023 Domini2.
930 997 950 1020 »
976 979 1166 1024 Jacobus
1194 977 1367 1022 Domini
1395 975 1554 1031 frater,
1592 973 1663 1020 vel
1691 990 1742 1018 ex
1773 973 1870 1017 filiis

480 1053 500 1093 J
508 1050 642 1110 oseph
665 1050 720 1094 de
739 1049 821 1094 alia
838 1065 994 1105 uxore,
1012 1050 1082 1094 vel
1103 1064 1152 1094 ex
1170 1048 1430 1108 cognatione
1448 1048 1597 1093 Mariae
1614 1046 1762 1090 matris
1780 1046 1870 1104 ejus

480 1120 613 1165 dehet
630 1119 831 1179 intelligi.

537 1192 615 1233 IX.
647 1209 666 1231 «
690 1192 799 1243 Quae
819 1198 965 1234 autem
987 1189 1130 1234 scribo
1152 1190 1275 1234 vobis
1293 1224 1303 1243 ,
1331 1204 1430 1233 eece
1451 1203 1599 1233 coram
1622 1190 1715 1232 Deo
1731 1221 1742 1241 ‚
1767 1185 1870 1245 quia
1908 1206 1911 1215 ·

481 1279 502 1301 »
540 1275 628 1304 non
640 1261 871 1304 mentiorss.
894 1278 913 1300 n
940 1261 1025 1312 Qui
1039 1259 1146 1304 dicit
1162 1295 1172 1314 ,
1195 1279 1215 1301 «
1232 1262 1345 1303 Ecce
1365 1274 1511 1303 coram
1524 1261 1636 1312 Deo,
1663 1257 1765 1316 quia
1780 1271 1870 1300 non

483 1349 503 1373 »
540 1331 743 1387 mentior,
763 1349 782 1372 »
797 1332 914 1390 jurat
932 1330 1099 1390 utique.
1119 1333 1175 1374 Et
1189 1330 1297 1390 quid
1314 1330 1504 1374 sanctius
1518 1329 1599 1373 hac
1619 1327 1870 1389 juratione?

487 1401 571 1447 Sed
594 1416 683 1446 non
703 1411 766 1445 est
794 1410 945 1445 contra
988 1409 1256 1460 praeceptum
1287 1400 1448 1460 juratio
1469 1415 1568 1460 quae
1591 1414 1614 1442 a
1636 1397 1750 1443 malo
1779 1406 1867 1453 est,

483 1487 573 1517 non
599 1472 784 1532 jurantis
801 1507 811 1526 ‚
846 1473 921 1515 sed
954 1471 1271 1515 incredulitatis
1294 1472 1387 1531 ejus
1409 1471 1479 1515 cui
1507 1472 1654 1531 jurare
1681 1470 1867 1529 cogitur.

482 1546 592 1590 Nam
610 1544 711 1588 hinc
728 1541 987 1601 intelligitur
1004 1542 1063 1586 ita
1078 1541 1314 1587 Dominum
1332 1542 1604 1601 prohibuisse
1623 1557 1646 1586 a
1662 1541 1869 1600 jurando,

482 1625 532 1659 ut
553 1623 769 1674 quantum
792 1614 836 1657 in
867 1613 962 1672 ipso
991 1622 1055 1657 est
1077 1613 1263 1672 quisque
1285 1628 1375 1657 non
1400 1614 1520 1671 juret
1555 1630 1563 1655 ε
1585 1611 1706 1672 quod
1745 1611 1873 1656 multi

482 1684 650 1730 faciunt
671 1685 718 1728 in
735 1699 808 1728 ore
825 1683 1036 1726 habentes
1048 1683 1313 1742 jurationem
1337 1692 1547 1742 tanquam
1569 1697 1778 1741 magnum
1798 1691 1874 1727 aut

482 1771 612 1801 suave
635 1754 814 1815 aliquid.
840 1756 951 1799 Nam
972 1754 1124 1812 utique
1142 1752 1375 1812 Apostolus
1399 1763 1579 1798 noverat
1602 1763 1873 1814 praeceptum

484 1827 688 1880 Domini,
715 1835 758 1870 et
774 1825 938 1885 juravit
959 1834 1121 1869 tamen.
1148 1827 1247 1870 Non
1265 1825 1381 1868 enim
1407 1824 1613 1869 audiendi
1641 1835 1766 1881 sunt,
1797 1825 1875 1886 qui

486 1900 562 1943 has
576 1898 814 1958 jurationes
832 1912 921 1940 esse
943 1912 1032 1941 non
1047 1905 1218 1956 putant.
1242 1895 1358 1949 Quid
1380 1896 1495 1940 enim
1518 1895 1679 1941 facient
1695 1898 1750 1941 de
1767 1896 1840 1941 illa
1863 1916 1871 1941 :

491 1988 511 2011 «
547 1968 751 2022 Quotidie
773 1968 933 2012 morior
955 1983 1031 2027 per
1055 1967 1235 2027 gloriam
1267 1977 1453 2012 vestram
1476 2003 1486 2023 ,
1526 1967 1700 2023 fratres,
1741 1983 1876 2027 quam

492 2059 512 2081 η
547 2039 687 2083 habeo
709 2040 754 2082 in
775 2039 948 2084 Christo
971 2041 1075 2082 Jesu
1097 2038 1282 2082 Domino
1300 2047 1449 2083 nostro
1467 2039 1482 2063 4
1505 2058 1512 2083 :
1540 2057 1559 2080 n
1586 2054 1718 2098 quam
1737 2053 1875 2096 graeca

489 2109 751 2170 exemplaria
769 2107 1158 2153 manifestissimam
1176 2108 1439 2168 jurationem
1457 2124 1545 2153 esse
1562 2109 1827 2155 convincunt
1841 2111 1872 2153 ⁵.

489 2183 716 2234 Quantum
733 2195 835 2239 ergo
848 2179 998 2238 inipso
1018 2188 1096 2233 est,
1115 2194 1203 2224 non
1219 2180 1338 2239 jurat
1360 2180 1593 2239 Apostolus
1614 2200 1622 2225 :
1648 2196 1738 2226 non
1760 2181 1877 2224 enirn

491 2251 658 2311 appetit
686 2250 953 2311 jurationem
995 2248 1234 2309 cupiditate
1269 2259 1345 2294 aut
1372 2249 1659 2296 delectatione
1681 2251 1872 2311 jurandi.

495 2322 695 2381 Amplius
717 2330 780 2365 est
803 2321 919 2365 enim
952 2336 1082 2381 quam
1099 2356 1110 2375 ‚
1138 2340 1157 2362 «
1203 2323 1300 2375 Est,
1327 2330 1421 2378 est3
1462 2337 1572 2377 non,
1610 2325 1723 2367 non⁶
1751 2341 1760 2367 ι
1790 2339 1809 2363 ))
1835 2330 1879 2366 et

494 2392 593 2437 ideo
612 2408 635 2436 a
652 2391 767 2435 malo
792 2401 877 2446 est,
902 2390 978 2435 sed
993 2391 1254 2435 infirmitatis
1274 2400 1349 2435 aut
1367 2391 1682 2438 incredulitatis
1706 2407 1874 2447 eorum,

491 2463 569 2522 qui
592 2478 682 2507 non
704 2461 827 2506 aliter
848 2470 1080 2507 moventur
1103 2462 1157 2505 ad
1179 2460 1325 2505 fidem.
1357 2481 1377 2504 ‹<
1401 2462 1567 2508 Deinde
1590 2464 1689 2509 veni
1710 2464 1755 2508 in
1776 2478 1878 2523 par·-
1909 2486 1913 2508 ;

543 2567 550 2583 ¹
572 2560 674 2593 Galat.
690 2570 741 2601 lv,
767 2570 819 2600 17,
843 2560 892 2591 18.
913 2576 955 2582 —
983 2559 1092 2592 21bid.
1116 2569 1167 2601 19.
1189 2574 1229 2582 -
1255 2557 1362 2591 3lbid.
1381 2568 1434 2591 20.
1455 2577 1495 2582 —
1514 2559 1530 2589 l»
1552 2571 1565 2592 1
1587 2563 1658 2593 Cor.
1679 2571 1733 2601 xv,
1756 2561 1809 2592 31.
1837 2577 1878 2583 -
1912 2580 1913 2586 η

495 2614 509 2639 5
528 2615 673 2648 Videlib.
701 2626 724 2658 1,
743 2615 782 2648 de
801 2618 902 2648 Serm.
925 2617 1015 2649 Dom.
1037 2614 1068 2649 in
1087 2619 1194 2648 monte
1212 2625 1284 2657 cap.
1307 2625 1387 2656 xvn,
1412 2626 1442 2647 n.
1465 2615 1572 2648 51.—
1595 2613 1609 2638 6
1628 2615 1748 2648 Matth.
1769 2627 1803 2658 v,
1823 2615 1878 2657 37.
