<?xml version="1.0" encoding="UTF-8"?>
<!DOCTYPE html PUBLIC "-//W3C//DTD XHTML 1.0 Transitional//EN"
    "http://www.w3.org/TR/xhtml1/DTD/xhtml1-transitional.dtd">
<html xmlns="http://www.w3.org/1999/xhtml" xml:lang="en" lang="en">
 <head>
  <title>
</title>
<meta http-equiv="Content-Type" content="text/html;charset=utf-8" />
  <meta name='ocr-system' content='tesseract 3.04.00' />
  <meta name='ocr-capabilities' content='ocr_page ocr_carea ocr_par ocr_line ocrx_word'/>
</head>
<body>
  <div class='ocr_page' id='page_1' title='image "./operaomniaaccura17auguuoft_0577.png"; bbox 0 0 1867 3320; ppageno 0'>
   <div class='ocr_carea' id='block_1_1' title="bbox 492 288 1433 329">
    <p class='ocr_par' dir='ltr' id='par_1_1' title="bbox 492 288 1433 329">
     <span class='ocr_line' id='line_1_1' title="bbox 492 288 1433 329; baseline 0 -11"><span class='ocrx_word' id='word_1_1' title='bbox 492 288 825 320; x_wconf 62' lang='lat' dir='ltr'>Axno’nnomzs.</span> <span class='ocrx_word' id='word_1_2' title='bbox 1350 290 1433 329; x_wconf 85' lang='lat'>555</span> 
     </span>
    </p>
   </div>
   <div class='ocr_carea' id='block_1_2' title="bbox 59 354 1436 1264">
    <p class='ocr_par' dir='ltr' id='par_1_2' title="bbox 59 354 1436 1264">
     <span class='ocr_line' id='line_1_2' title="bbox 63 354 1432 421; baseline 0.009 -23"><span class='ocrx_word' id='word_1_3' title='bbox 63 370 163 416; x_wconf 87' lang='lat' dir='ltr'>quae</span> <span class='ocrx_word' id='word_1_4' title='bbox 183 354 347 399; x_wconf 87' lang='lat' dir='ltr'>ibidem</span> <span class='ocrx_word' id='word_1_5' title='bbox 367 354 584 400; x_wconf 87' lang='lat' dir='ltr'>celebrata</span> <span class='ocrx_word' id='word_1_6' title='bbox 600 355 807 416; x_wconf 85' lang='lat' dir='ltr'>leguntur</span> <span class='ocrx_word' id='word_1_7' title='bbox 821 392 832 412; x_wconf 92' lang='lat'>‚</span> <span class='ocrx_word' id='word_1_8' title='bbox 857 359 1069 405; x_wconf 87' lang='lat' dir='ltr'>Restituta</span> <span class='ocrx_word' id='word_1_9' title='bbox 1091 361 1337 421; x_wconf 88' lang='lat' dir='ltr'>simpliciter</span> <span class='ocrx_word' id='word_1_10' title='bbox 1352 401 1362 420; x_wconf 93' lang='lat'>‚</span> <span class='ocrx_word' id='word_1_11' title='bbox 1383 376 1432 411; x_wconf 89' lang='lat' dir='ltr'>ut</span> 
     </span>
     <span class='ocr_line' id='line_1_3' title="bbox 63 425 1431 489; baseline 0.007 -19"><span class='ocrx_word' id='word_1_12' title='bbox 63 426 109 470; x_wconf 87' lang='lat' dir='ltr'>in</span> <span class='ocrx_word' id='word_1_13' title='bbox 134 425 218 470; x_wconf 89' lang='lat' dir='ltr'>hoc</span> <span class='ocrx_word' id='word_1_14' title='bbox 240 425 352 470; x_wconf 90' lang='lat' dir='ltr'>loeo.</span> <span class='ocrx_word' id='word_1_15' title='bbox 382 425 449 470; x_wconf 83' lang='lat' dir='ltr'>Sic</span> <span class='ocrx_word' id='word_1_16' title='bbox 472 425 632 471; x_wconf 88' lang='lat' dir='ltr'>dictam</span> <span class='ocrx_word' id='word_1_17' title='bbox 655 426 808 489; x_wconf 89' lang='lat' dir='ltr'>aliquis</span> <span class='ocrx_word' id='word_1_18' title='bbox 829 428 1012 473; x_wconf 88' lang='lat' dir='ltr'>credidit</span> <span class='ocrx_word' id='word_1_19' title='bbox 1039 447 1062 475; x_wconf 94' lang='lat' dir='ltr'>a</span> <span class='ocrx_word' id='word_1_20' title='bbox 1083 433 1295 477; x_wconf 87' lang='lat' dir='ltr'>Restituta</span> <span class='ocrx_word' id='word_1_21' title='bbox 1315 448 1431 479; x_wconf 89' lang='lat' dir='ltr'>mar-</span> 
     </span>
     <span class='ocr_line' id='line_1_4' title="bbox 61 495 1432 561; baseline 0.007 -20"><span class='ocrx_word' id='word_1_22' title='bbox 61 506 157 554; x_wconf 84' lang='lat' dir='ltr'>tyre</span> <span class='ocrx_word' id='word_1_23' title='bbox 173 495 454 554; x_wconf 83' lang='lat' dir='ltr'>Neapolitana</span> <span class='ocrx_word' id='word_1_24' title='bbox 470 497 587 555; x_wconf 86' lang='lat' dir='ltr'>apud</span> <span class='ocrx_word' id='word_1_25' title='bbox 597 499 899 556; x_wconf 83' lang='lat' dir='ltr'>Carthaginem</span> <span class='ocrx_word' id='word_1_26' title='bbox 918 515 1053 558; x_wconf 87' lang='lat' dir='ltr'>passa.</span> <span class='ocrx_word' id='word_1_27' title='bbox 1072 502 1310 561; x_wconf 73' lang='lat' dir='ltr'>Vindingus</span> <span class='ocrx_word' id='word_1_28' title='bbox 1332 521 1432 550; x_wconf 86' lang='lat' dir='ltr'>vero</span> 
     </span>
     <span class='ocr_line' id='line_1_5' title="bbox 62 566 1431 635; baseline 0.007 -24"><span class='ocrx_word' id='word_1_29' title='bbox 62 576 155 611; x_wconf 87' lang='lat' dir='ltr'>not.</span> <span class='ocrx_word' id='word_1_30' title='bbox 187 566 231 610; x_wconf 92' lang='lat' dir='ltr'>in</span> <span class='ocrx_word' id='word_1_31' title='bbox 257 569 392 612; x_wconf 84' lang='lat' dir='ltr'>Serm.</span> <span class='ocrx_word' id='word_1_32' title='bbox 420 567 522 611; x_wconf 87' lang='lat' dir='ltr'>alias</span> <span class='ocrx_word' id='word_1_33' title='bbox 550 566 604 611; x_wconf 91' lang='lat' dir='ltr'>de</span> <span class='ocrx_word' id='word_1_34' title='bbox 627 569 808 612; x_wconf 76' lang='lat' dir='ltr'>Diversis</span> <span class='ocrx_word' id='word_1_35' title='bbox 833 577 912 613; x_wconf 77' lang='lat'>102</span> <span class='ocrx_word' id='word_1_36' title='bbox 936 585 959 614; x_wconf 89' lang='lat' dir='ltr'>a</span> <span class='ocrx_word' id='word_1_37' title='bbox 996 572 1209 616; x_wconf 87' lang='lat' dir='ltr'>Restituto</span> <span class='ocrx_word' id='word_1_38' title='bbox 1231 576 1431 635; x_wconf 84' lang='lat' dir='ltr'>episcopo</span> 
     </span>
     <span class='ocr_line' id='line_1_6' title="bbox 61 638 1435 699; baseline 0.005 -15"><span class='ocrx_word' id='word_1_39' title='bbox 61 638 422 697; x_wconf 86' lang='lat' dir='ltr'>Carthaginensi,</span> <span class='ocrx_word' id='word_1_40' title='bbox 462 638 507 682; x_wconf 91' lang='lat' dir='ltr'>in</span> <span class='ocrx_word' id='word_1_41' title='bbox 538 639 662 698; x_wconf 86' lang='lat' dir='ltr'>eujus</span> <span class='ocrx_word' id='word_1_42' title='bbox 696 638 961 699; x_wconf 81' lang='lat' dir='ltr'>depositione</span> <span class='ocrx_word' id='word_1_43' title='bbox 990 643 1237 686; x_wconf 84' lang='lat' dir='ltr'>Sermonem</span> <span class='ocrx_word' id='word_1_44' title='bbox 1260 646 1313 689; x_wconf 82' lang='lat' dir='ltr'>ab</span> <span class='ocrx_word' id='word_1_45' title='bbox 1343 650 1435 690; x_wconf 77' lang='lat' dir='ltr'>Au-</span> 
     </span>
     <span class='ocr_line' id='line_1_7' title="bbox 61 707 1435 775; baseline 0.006 -23"><span class='ocrx_word' id='word_1_46' title='bbox 61 709 236 768; x_wconf 79' lang='lat' dir='ltr'>gustino,</span> <span class='ocrx_word' id='word_1_47' title='bbox 259 707 458 752; x_wconf 84' lang='lat' dir='ltr'>habitum</span> <span class='ocrx_word' id='word_1_48' title='bbox 482 718 664 753; x_wconf 84' lang='lat' dir='ltr'>testatur</span> <span class='ocrx_word' id='word_1_49' title='bbox 687 709 916 755; x_wconf 86' lang='lat' dir='ltr'>Possidius.</span> <span class='ocrx_word' id='word_1_50' title='bbox 943 712 1152 757; x_wconf 90' lang='lat' dir='ltr'>Baronius</span> <span class='ocrx_word' id='word_1_51' title='bbox 1173 712 1359 775; x_wconf 85' lang='lat' dir='ltr'>denique</span> <span class='ocrx_word' id='word_1_52' title='bbox 1381 717 1435 760; x_wconf 92' lang='lat' dir='ltr'>ad</span> 
     </span>
     <span class='ocr_line' id='line_1_8' title="bbox 61 779 1434 843; baseline 0.004 -19"><span class='ocrx_word' id='word_1_53' title='bbox 61 794 224 824; x_wconf 90' lang='lat' dir='ltr'>annum</span> <span class='ocrx_word' id='word_1_54' title='bbox 243 785 325 822; x_wconf 87' lang='lat'>397</span> <span class='ocrx_word' id='word_1_55' title='bbox 350 780 431 824; x_wconf 88' lang='lat' dir='ltr'>hoc</span> <span class='ocrx_word' id='word_1_56' title='bbox 451 795 609 823; x_wconf 90' lang='lat' dir='ltr'>nomen</span> <span class='ocrx_word' id='word_1_57' title='bbox 631 781 823 825; x_wconf 85' lang='lat' dir='ltr'>sortitam</span> <span class='ocrx_word' id='word_1_58' title='bbox 843 779 963 840; x_wconf 74' lang='lat' dir='ltr'>p&#39;utat</span> <span class='ocrx_word' id='word_1_59' title='bbox 980 818 990 837; x_wconf 89' lang='lat'>‚</span> <span class='ocrx_word' id='word_1_60' title='bbox 1010 782 1128 843; x_wconf 83' lang='lat' dir='ltr'>quod</span> <span class='ocrx_word' id='word_1_61' title='bbox 1151 799 1336 843; x_wconf 79' lang='lat' dir='ltr'>possessa</span> <span class='ocrx_word' id='word_1_62' title='bbox 1359 786 1434 830; x_wconf 89' lang='lat' dir='ltr'>diu</span> 
     </span>
     <span class='ocr_line' id='line_1_9' title="bbox 60 849 1432 904; baseline 0.005 -10"><span class='ocrx_word' id='word_1_63' title='bbox 60 865 84 894; x_wconf 90' lang='lat' dir='ltr'>a</span> <span class='ocrx_word' id='word_1_64' title='bbox 104 850 361 904; x_wconf 84' lang='lat' dir='ltr'>Donatistis,</span> <span class='ocrx_word' id='word_1_65' title='bbox 390 849 523 894; x_wconf 86' lang='lat' dir='ltr'>fuerit</span> <span class='ocrx_word' id='word_1_66' title='bbox 543 851 740 894; x_wconf 85' lang='lat' dir='ltr'>restituta</span> <span class='ocrx_word' id='word_1_67' title='bbox 762 851 1009 897; x_wconf 87' lang='lat' dir='ltr'>Catholicis.</span> <span class='ocrx_word' id='word_1_68' title='bbox 1033 854 1100 898; x_wconf 89' lang='lat' dir='ltr'>Sic</span> <span class='ocrx_word' id='word_1_69' title='bbox 1120 855 1232 897; x_wconf 88' lang='lat' dir='ltr'>enim</span> <span class='ocrx_word' id='word_1_70' title='bbox 1256 855 1299 898; x_wconf 89' lang='lat' dir='ltr'>in</span> <span class='ocrx_word' id='word_1_71' title='bbox 1323 858 1432 900; x_wconf 83' lang='lat' dir='ltr'>Uza-</span> 
     </span>
     <span class='ocr_line' id='line_1_10' title="bbox 59 919 1435 980; baseline 0.004 -16"><span class='ocrx_word' id='word_1_72' title='bbox 59 919 168 964; x_wconf 88' lang='lat' dir='ltr'>lensi</span> <span class='ocrx_word' id='word_1_73' title='bbox 190 919 317 975; x_wconf 87' lang='lat' dir='ltr'>urbe,</span> <span class='ocrx_word' id='word_1_74' title='bbox 339 919 512 964; x_wconf 85' lang='lat' dir='ltr'>ecclesia</span> <span class='ocrx_word' id='word_1_75' title='bbox 535 936 639 978; x_wconf 72' lang='lat' dir='ltr'>quse</span> <span class='ocrx_word' id='word_1_76' title='bbox 657 923 899 980; x_wconf 75' lang='lat' dir='ltr'>primitus,</span> <span class='ocrx_word' id='word_1_77' title='bbox 926 924 988 967; x_wconf 86' lang='lat' dir='ltr'>uti</span> <span class='ocrx_word' id='word_1_78' title='bbox 1007 934 1148 968; x_wconf 87' lang='lat' dir='ltr'>narrat</span> <span class='ocrx_word' id='word_1_79' title='bbox 1171 927 1359 969; x_wconf 85' lang='lat' dir='ltr'>Evodius</span> <span class='ocrx_word' id='word_1_80' title='bbox 1381 926 1435 971; x_wconf 89' lang='lat' dir='ltr'>de</span> 
     </span>
     <span class='ocr_line' id='line_1_11' title="bbox 59 989 1436 1051; baseline 0.004 -18"><span class='ocrx_word' id='word_1_81' title='bbox 59 989 277 1034; x_wconf 90' lang='lat' dir='ltr'>miraculis</span> <span class='ocrx_word' id='word_1_82' title='bbox 314 992 356 1035; x_wconf 91' lang='lat' dir='ltr'>S.</span> <span class='ocrx_word' id='word_1_83' title='bbox 395 991 601 1050; x_wconf 89' lang='lat' dir='ltr'>Stephani</span> <span class='ocrx_word' id='word_1_84' title='bbox 631 990 694 1035; x_wconf 91' lang='lat' dir='ltr'>lib</span> <span class='ocrx_word' id='word_1_85' title='bbox 717 1011 754 1046; x_wconf 79' lang='lat'>1,</span> <span class='ocrx_word' id='word_1_86' title='bbox 786 1008 879 1051; x_wconf 77' lang='lat' dir='ltr'>cap.</span> <span class='ocrx_word' id='word_1_87' title='bbox 919 999 966 1047; x_wconf 84' lang='lat'>7,</span> <span class='ocrx_word' id='word_1_88' title='bbox 1004 1009 1034 1037; x_wconf 86' lang='lat' dir='ltr'><em>a</em></span> <span class='ocrx_word' id='word_1_89' title='bbox 1067 993 1436 1039; x_wconf 74' lang='lat' dir='ltr'>Donatistarum</span> 
     </span>
     <span class='ocr_line' id='line_1_12' title="bbox 61 1058 1436 1120; baseline 0.003 -15"><span class='ocrx_word' id='word_1_90' title='bbox 61 1058 290 1106; x_wconf 75' lang='lat' dir='ltr'>divisione</span> <span class='ocrx_word' id='word_1_91' title='bbox 313 1070 547 1120; x_wconf 79' lang='lat' dir='ltr'>usurpata</span> <span class='ocrx_word' id='word_1_92' title='bbox 560 1096 575 1116; x_wconf 79' lang='grc'>,</span> <span class='ocrx_word' id='word_1_93' title='bbox 592 1071 763 1120; x_wconf 79' lang='lat' dir='ltr'>postea</span> <span class='ocrx_word' id='word_1_94' title='bbox 791 1062 967 1105; x_wconf 74' lang='lat' dir='ltr'>unitati</span> <span class='ocrx_word' id='word_1_95' title='bbox 985 1062 1233 1108; x_wconf 65' lang='lat' dir='ltr'>catholic-ze</span> <span class='ocrx_word' id='word_1_96' title='bbox 1256 1075 1324 1108; x_wconf 76' lang='lat' dir='ltr'>est</span> <span class='ocrx_word' id='word_1_97' title='bbox 1346 1082 1436 1109; x_wconf 86' lang='lat' dir='ltr'>res-</span> 
     </span>
     <span class='ocr_line' id='line_1_13' title="bbox 61 1129 1436 1192; baseline 0.003 -16"><span class='ocrx_word' id='word_1_98' title='bbox 61 1133 218 1188; x_wconf 82' lang='lat' dir='ltr'>tituta,</span> <span class='ocrx_word' id='word_1_99' title='bbox 234 1129 345 1176; x_wconf 80' lang='lat' dir='ltr'>inde</span> <span class='ocrx_word' id='word_1_100' title='bbox 359 1132 506 1176; x_wconf 80' lang='lat' dir='ltr'>etiam</span> <span class='ocrx_word' id='word_1_101' title='bbox 520 1129 804 1176; x_wconf 83' lang='lat' dir='ltr'>vocabulum</span> <span class='ocrx_word' id='word_1_102' title='bbox 821 1134 1034 1192; x_wconf 79' lang='lat' dir='ltr'>sumpsit,</span> <span class='ocrx_word' id='word_1_103' title='bbox 1051 1143 1095 1178; x_wconf 85' lang='lat' dir='ltr'>et</span> <span class='ocrx_word' id='word_1_104' title='bbox 1112 1133 1310 1179; x_wconf 81' lang='lat' dir='ltr'>ecclesia</span> <span class='ocrx_word' id='word_1_105' title='bbox 1327 1135 1436 1180; x_wconf 85' lang='lat' dir='ltr'>Res-</span> 
     </span>
     <span class='ocr_line' id='line_1_14' title="bbox 62 1201 673 1264; baseline -0.003 -16"><span class='ocrx_word' id='word_1_106' title='bbox 62 1203 203 1248; x_wconf 81' lang='lat' dir='ltr'>tituta</span> <span class='ocrx_word' id='word_1_107' title='bbox 224 1201 470 1264; x_wconf 78' lang='lat' dir='ltr'>appellari</span> <span class='ocrx_word' id='word_1_108' title='bbox 487 1203 673 1247; x_wconf 83' lang='lat' dir='ltr'>meruit.</span> 
     </span>
    </p>
   </div>
   <div class='ocr_carea' id='block_1_3' title="bbox 471 1373 1056 1432">
    <p class='ocr_par' dir='ltr' id='par_1_3' title="bbox 471 1373 1056 1432">
     <span class='ocr_line' id='line_1_15' title="bbox 471 1373 1056 1432; baseline -0.002 -15"><span class='ocrx_word' id='word_1_109' title='bbox 471 1375 727 1417; x_wconf 63' lang='lat' dir='ltr'>Annon-110</span> <span class='ocrx_word' id='word_1_110' title='bbox 749 1373 814 1431; x_wconf 87' lang='lat'>(6)</span> <span class='ocrx_word' id='word_1_111' title='bbox 834 1387 933 1432; x_wconf 85' lang='lat' dir='ltr'>pag.</span> <span class='ocrx_word' id='word_1_112' title='bbox 959 1377 1056 1417; x_wconf 78' lang='lat'><strong>328.</strong></span> 
     </span>
    </p>
   </div>
   <div class='ocr_carea' id='block_1_4' title="bbox 57 1529 1435 2575">
    <p class='ocr_par' dir='ltr' id='par_1_4' title="bbox 57 1529 1435 2575">
     <span class='ocr_line' id='line_1_16' title="bbox 129 1529 1435 1590; baseline 0.002 -16"><span class='ocrx_word' id='word_1_113' title='bbox 129 1529 394 1575; x_wconf 85' lang='lat' dir='ltr'>Gladiatoria</span> <span class='ocrx_word' id='word_1_114' title='bbox 414 1529 658 1589; x_wconf 87' lang='lat' dir='ltr'>spectacula</span> <span class='ocrx_word' id='word_1_115' title='bbox 679 1532 911 1576; x_wconf 87' lang='lat' dir='ltr'>Munerum</span> <span class='ocrx_word' id='word_1_116' title='bbox 934 1530 1108 1575; x_wconf 87' lang='lat' dir='ltr'>nornine</span> <span class='ocrx_word' id='word_1_117' title='bbox 1129 1531 1330 1590; x_wconf 84' lang='lat' dir='ltr'>intelligit</span> <span class='ocrx_word' id='word_1_118' title='bbox 1347 1532 1435 1578; x_wconf 87' lang='lat' dir='ltr'>Sir·</span> 
     </span>
     <span class='ocr_line' id='line_1_17' title="bbox 60 1600 1434 1660; baseline 0.001 -15"><span class='ocrx_word' id='word_1_119' title='bbox 60 1600 273 1655; x_wconf 90' lang='lat' dir='ltr'>mondus‚</span> <span class='ocrx_word' id='word_1_120' title='bbox 309 1602 432 1660; x_wconf 87' lang='lat' dir='ltr'>cujus</span> <span class='ocrx_word' id='word_1_121' title='bbox 463 1611 566 1644; x_wconf 92' lang='lat' dir='ltr'>nota</span> <span class='ocrx_word' id='word_1_122' title='bbox 587 1601 631 1644; x_wconf 91' lang='lat' dir='ltr'>in</span> <span class='ocrx_word' id='word_1_123' title='bbox 654 1601 770 1645; x_wconf 89' lang='lat' dir='ltr'>hunc</span> <span class='ocrx_word' id='word_1_124' title='bbox 794 1600 970 1644; x_wconf 90' lang='lat' dir='ltr'>titulum</span> <span class='ocrx_word' id='word_1_125' title='bbox 1001 1602 1060 1644; x_wconf 84' lang='lat' dir='ltr'>sic</span> <span class='ocrx_word' id='word_1_126' title='bbox 1081 1602 1209 1644; x_wconf 88' lang='lat' dir='ltr'>habet</span> <span class='ocrx_word' id='word_1_127' title='bbox 1236 1621 1244 1645; x_wconf 94' lang='lat'>:</span> <span class='ocrx_word' id='word_1_128' title='bbox 1269 1609 1279 1645; x_wconf 90' lang='lat'><em>(</em></span> <span class='ocrx_word' id='word_1_129' title='bbox 1305 1605 1434 1646; x_wconf 89' lang='lat' dir='ltr'>Vetus</span> 
     </span>
     <span class='ocr_line' id='line_1_18' title="bbox 60 1670 1434 1732; baseline 0 -15"><span class='ocrx_word' id='word_1_130' title='bbox 60 1672 278 1732; x_wconf 80' lang='lat' dir='ltr'>exemplar</span> <span class='ocrx_word' id='word_1_131' title='bbox 306 1672 350 1715; x_wconf 91' lang='lat' dir='ltr'>in</span> <span class='ocrx_word' id='word_1_132' title='bbox 373 1672 458 1715; x_wconf 89' lang='lat' dir='ltr'>fine</span> <span class='ocrx_word' id='word_1_133' title='bbox 482 1672 721 1726; x_wconf 89' lang='lat' dir='ltr'>Sermonis,</span> <span class='ocrx_word' id='word_1_134' title='bbox 743 1670 962 1731; x_wconf 68' lang='lat' dir='ltr'>E.rplz&#39;c=t&#39;t</span> <span class='ocrx_word' id='word_1_135' title='bbox 983 1670 1149 1717; x_wconf 78' lang='lat' dir='ltr'>Ser-7710</span> <span class='ocrx_word' id='word_1_136' title='bbox 1175 1671 1250 1715; x_wconf 74' lang='lat' dir='ltr'>cle&#39;e</span> <span class='ocrx_word' id='word_1_137' title='bbox 1270 1672 1434 1717; x_wconf 73' lang='lat' dir='ltr'>,Mune-</span> 
     </span>
     <span class='ocr_line' id='line_1_19' title="bbox 60 1741 1435 1804; baseline -0.001 -16"><span class='ocrx_word' id='word_1_138' title='bbox 60 1759 167 1788; x_wconf 81' lang='lat' dir='ltr'>rum</span> <span class='ocrx_word' id='word_1_139' title='bbox 191 1741 588 1804; x_wconf 78' lang='lat' dir='ltr'>spectaculorum.</span> <span class='ocrx_word' id='word_1_140' title='bbox 615 1746 677 1785; x_wconf 91' lang='lat' dir='ltr'>De</span> <span class='ocrx_word' id='word_1_141' title='bbox 706 1742 991 1800; x_wconf 82' lang='lat' dir='ltr'>gladiatorum</span> <span class='ocrx_word' id='word_1_142' title='bbox 1020 1743 1161 1801; x_wconf 80' lang='lat' dir='ltr'>itaque</span> <span class='ocrx_word' id='word_1_143' title='bbox 1192 1743 1435 1802; x_wconf 80' lang='lat' dir='ltr'>spectaculo</span> 
     </span>
     <span class='ocr_line' id='line_1_20' title="bbox 60 1812 1435 1873; baseline -0.001 -14"><span class='ocrx_word' id='word_1_144' title='bbox 60 1814 386 1873; x_wconf 87' lang='lat' dir='ltr'>accipiendum,</span> <span class='ocrx_word' id='word_1_145' title='bbox 412 1812 533 1872; x_wconf 90' lang='lat' dir='ltr'>quod</span> <span class='ocrx_word' id='word_1_146' title='bbox 562 1813 735 1872; x_wconf 88' lang='lat' dir='ltr'>proprie</span> <span class='ocrx_word' id='word_1_147' title='bbox 766 1815 926 1856; x_wconf 83' lang='lat' dir='ltr'>Munus</span> <span class='ocrx_word' id='word_1_148' title='bbox 959 1812 1282 1871; x_wconf 77' lang='lat' dir='ltr'>appellabatur3</span> <span class='ocrx_word' id='word_1_149' title='bbox 1319 1814 1435 1858; x_wconf 81' lang='lat' dir='ltr'>uude</span> 
     </span>
     <span class='ocr_line' id='line_1_21' title="bbox 60 1882 1432 1946; baseline 0 -17"><span class='ocrx_word' id='word_1_150' title='bbox 60 1884 350 1946; x_wconf 85' lang='lat' dir='ltr'>gladiatorum</span> <span class='ocrx_word' id='word_1_151' title='bbox 386 1887 547 1929; x_wconf 87' lang='lat' dir='ltr'>Munus</span> <span class='ocrx_word' id='word_1_152' title='bbox 576 1882 684 1928; x_wconf 93' lang='lat' dir='ltr'>Cod.</span> <span class='ocrx_word' id='word_1_153' title='bbox 727 1883 891 1928; x_wconf 89' lang='lat' dir='ltr'>Theod.</span> <span class='ocrx_word' id='word_1_154' title='bbox 930 1882 1006 1927; x_wconf 85' lang='lat' dir='ltr'>De</span> <span class='ocrx_word' id='word_1_155' title='bbox 1043 1882 1432 1938; x_wconf 65' lang='lat' dir='ltr'>Gladmton&#39;bm,</span> 
     </span>
     <span class='ocr_line' id='line_1_22' title="bbox 59 1955 1435 2001; baseline -0.001 0"><span class='ocrx_word' id='word_1_156' title='bbox 59 1957 136 2001; x_wconf 90' lang='lat' dir='ltr'>lib.</span> <span class='ocrx_word' id='word_1_157' title='bbox 158 1975 205 2000; x_wconf 91' lang='lat'>11.</span> <span class='ocrx_word' id='word_1_158' title='bbox 224 1958 281 2001; x_wconf 90' lang='lat' dir='ltr'>Et</span> <span class='ocrx_word' id='word_1_159' title='bbox 301 1956 347 2000; x_wconf 92' lang='lat' dir='ltr'>in</span> <span class='ocrx_word' id='word_1_160' title='bbox 363 1955 626 2000; x_wconf 85' lang='lat' dir='ltr'>Kalendario</span> <span class='ocrx_word' id='word_1_161' title='bbox 646 1958 841 2000; x_wconf 87' lang='lat' dir='ltr'>Romano</span> <span class='ocrx_word' id='word_1_162' title='bbox 855 1955 1307 2000; x_wconf 86' lang='lat' dir='ltr'>Constantinianorum</span> <span class='ocrx_word' id='word_1_163' title='bbox 1334 1966 1435 2000; x_wconf 88' lang='lat' dir='ltr'>tem-</span> 
     </span>
     <span class='ocr_line' id='line_1_23' title="bbox 58 2024 1434 2088; baseline -0.002 -16"><span class='ocrx_word' id='word_1_164' title='bbox 58 2041 240 2088; x_wconf 85' lang='lat' dir='ltr'>porum,</span> <span class='ocrx_word' id='word_1_165' title='bbox 274 2041 422 2071; x_wconf 88' lang='lat' dir='ltr'>mense</span> <span class='ocrx_word' id='word_1_166' title='bbox 452 2026 709 2079; x_wconf 85' lang='lat' dir='ltr'>Decembri,</span> <span class='ocrx_word' id='word_1_167' title='bbox 735 2024 912 2086; x_wconf 90' lang='lat' dir='ltr'>quando</span> <span class='ocrx_word' id='word_1_168' title='bbox 940 2025 1149 2069; x_wconf 80' lang='lat' dir='ltr'>committi</span> <span class='ocrx_word' id='word_1_169' title='bbox 1181 2025 1434 2085; x_wconf 82' lang='lat' dir='ltr'>gladiatores</span> 
     </span>
     <span class='ocr_line' id='line_1_24' title="bbox 59 2096 1430 2152; baseline -0.002 -9"><span class='ocrx_word' id='word_1_170' title='bbox 59 2097 281 2152; x_wconf 87' lang='lat' dir='ltr'>solebant,</span> <span class='ocrx_word' id='word_1_171' title='bbox 308 2097 460 2142; x_wconf 90' lang='lat' dir='ltr'>crebra</span> <span class='ocrx_word' id='word_1_172' title='bbox 479 2097 670 2141; x_wconf 87' lang='lat' dir='ltr'>Muneris</span> <span class='ocrx_word' id='word_1_173' title='bbox 687 2105 749 2140; x_wconf 91' lang='lat' dir='ltr'>est</span> <span class='ocrx_word' id='word_1_174' title='bbox 771 2096 933 2140; x_wconf 87' lang='lat' dir='ltr'>mentio</span> <span class='ocrx_word' id='word_1_175' title='bbox 954 2111 1002 2138; x_wconf 84' lang='lat' dir='ltr'>ex</span> <span class='ocrx_word' id='word_1_176' title='bbox 1031 2099 1080 2138; x_wconf 80' lang='grc' dir='ltr'>Α.</span> <span class='ocrx_word' id='word_1_177' title='bbox 1105 2098 1152 2138; x_wconf 87' lang='lat' dir='ltr'>D.</span> <span class='ocrx_word' id='word_1_178' title='bbox 1176 2098 1249 2139; x_wconf 79' lang='lat' dir='ltr'>IV.</span> <span class='ocrx_word' id='word_1_179' title='bbox 1272 2098 1430 2150; x_wconf 78' lang='lat' dir='ltr'>Nonas,</span> 
     </span>
     <span class='ocr_line' id='line_1_25' title="bbox 57 2166 1434 2230; baseline -0.001 -18"><span class='ocrx_word' id='word_1_180' title='bbox 57 2184 148 2230; x_wconf 88' lang='lat' dir='ltr'>quo</span> <span class='ocrx_word' id='word_1_181' title='bbox 165 2169 238 2213; x_wconf 86' lang='lat' dir='ltr'>die</span> <span class='ocrx_word' id='word_1_182' title='bbox 261 2169 435 2214; x_wconf 87' lang='lat' dir='ltr'>initium</span> <span class='ocrx_word' id='word_1_183' title='bbox 458 2168 648 2214; x_wconf 86' lang='lat' dir='ltr'>Muneris</span> <span class='ocrx_word' id='word_1_184' title='bbox 665 2177 912 2221; x_wconf 89' lang='lat' dir='ltr'>annotatur,</span> <span class='ocrx_word' id='word_1_185' title='bbox 928 2182 1064 2228; x_wconf 82' lang='lat' dir='ltr'>usque</span> <span class='ocrx_word' id='word_1_186' title='bbox 1085 2166 1127 2209; x_wconf 89' lang='lat' dir='ltr'>in</span> <span class='ocrx_word' id='word_1_187' title='bbox 1143 2170 1191 2210; x_wconf 84' lang='grc' dir='ltr'>Α.</span> <span class='ocrx_word' id='word_1_188' title='bbox 1211 2170 1258 2210; x_wconf 85' lang='grc' dir='ltr'>Ι).</span> <span class='ocrx_word' id='word_1_189' title='bbox 1279 2168 1337 2210; x_wconf 72' lang='lat' dir='ltr'>lx</span> <span class='ocrx_word' id='word_1_190' title='bbox 1354 2168 1434 2211; x_wconf 76' lang='lat' dir='ltr'>Ka·</span> 
     </span>
     <span class='ocr_line' id='line_1_26' title="bbox 58 2235 1431 2298; baseline -0.003 -14"><span class='ocrx_word' id='word_1_191' title='bbox 58 2238 207 2284; x_wconf 84' lang='lat' dir='ltr'>lendas</span> <span class='ocrx_word' id='word_1_192' title='bbox 224 2239 470 2293; x_wconf 70' lang='lat' dir='ltr'>samarias,</span> <span class='ocrx_word' id='word_1_193' title='bbox 494 2254 582 2298; x_wconf 84' lang='lat' dir='ltr'>quo</span> <span class='ocrx_word' id='word_1_194' title='bbox 601 2247 796 2290; x_wconf 84' lang='lat' dir='ltr'>cruenta,</span> <span class='ocrx_word' id='word_1_195' title='bbox 822 2246 870 2279; x_wconf 63' lang='lat' dir='ltr'>mi</span> <span class='ocrx_word' id='word_1_196' title='bbox 892 2257 1058 2290; x_wconf 55' lang='lat' dir='ltr'>umam</span> <span class='ocrx_word' id='word_1_197' title='bbox 1078 2238 1170 2280; x_wconf 66' lang='lat' dir='ltr'>haec</span> <span class='ocrx_word' id='word_1_198' title='bbox 1191 2235 1431 2295; x_wconf 80' lang='lat' dir='ltr'>spectacula</span> 
     </span>
     <span class='ocr_line' id='line_1_27' title="bbox 60 2305 1431 2367; baseline -0.002 -13"><span class='ocrx_word' id='word_1_199' title='bbox 60 2309 343 2362; x_wconf 83' lang='lat' dir='ltr'>desinebant,</span> <span class='ocrx_word' id='word_1_200' title='bbox 384 2318 433 2353; x_wconf 89' lang='lat' dir='ltr'>ut</span> <span class='ocrx_word' id='word_1_201' title='bbox 474 2309 672 2352; x_wconf 80' lang='lat' dir='ltr'>Julianus</span> <span class='ocrx_word' id='word_1_202' title='bbox 708 2322 884 2367; x_wconf 76' lang='lat' dir='ltr'>quoque</span> <span class='ocrx_word' id='word_1_203' title='bbox 915 2308 1057 2350; x_wconf 69' lang='lat' dir='ltr'>Coesar</span> <span class='ocrx_word' id='word_1_204' title='bbox 1093 2305 1217 2348; x_wconf 75' lang='lat' dir='ltr'>docet</span> <span class='ocrx_word' id='word_1_205' title='bbox 1245 2316 1431 2351; x_wconf 73' lang='lat' dir='ltr'>extrema</span> 
     </span>
     <span class='ocr_line' id='line_1_28' title="bbox 59 2376 1427 2435; baseline -0.004 -12"><span class='ocrx_word' id='word_1_206' title='bbox 59 2380 254 2424; x_wconf 87' lang='lat' dir='ltr'>oratione</span> <span class='ocrx_word' id='word_1_207' title='bbox 276 2395 351 2423; x_wconf 87' lang='lat' dir='ltr'>sua</span> <span class='ocrx_word' id='word_1_208' title='bbox 377 2380 419 2422; x_wconf 90' lang='lat' dir='ltr'>in</span> <span class='ocrx_word' id='word_1_209' title='bbox 445 2378 854 2435; x_wconf 72' lang='lat' dir='ltr'>Solem.)Praeterea</span> <span class='ocrx_word' id='word_1_210' title='bbox 879 2376 1030 2419; x_wconf 66' lang='lat' dir='ltr'>videsis</span> <span class='ocrx_word' id='word_1_211' title='bbox 1056 2379 1231 2419; x_wconf 68' lang='lat' dir='ltr'>Suvtou.</span> <span class='ocrx_word' id='word_1_212' title='bbox 1255 2377 1296 2419; x_wconf 86' lang='lat' dir='ltr'>iu</span> <span class='ocrx_word' id='word_1_213' title='bbox 1319 2378 1427 2419; x_wconf 66' lang='lat' dir='ltr'>ems.</span> 
     </span>
     <span class='ocr_line' id='line_1_29' title="bbox 57 2447 1431 2510; baseline -0.004 -15"><span class='ocrx_word' id='word_1_214' title='bbox 57 2466 152 2510; x_wconf 84' lang='lat' dir='ltr'>cap.</span> <span class='ocrx_word' id='word_1_215' title='bbox 175 2456 246 2504; x_wconf 85' lang='lat'>39,</span> <span class='ocrx_word' id='word_1_216' title='bbox 264 2460 306 2495; x_wconf 88' lang='lat' dir='ltr'>et</span> <span class='ocrx_word' id='word_1_217' title='bbox 330 2451 560 2508; x_wconf 81' lang='lat' dir='ltr'>Augustin.</span> <span class='ocrx_word' id='word_1_218' title='bbox 584 2450 626 2493; x_wconf 90' lang='lat' dir='ltr'>in</span> <span class='ocrx_word' id='word_1_219' title='bbox 647 2449 720 2493; x_wconf 88' lang='lat' dir='ltr'>lib.</span> <span class='ocrx_word' id='word_1_220' title='bbox 747 2468 757 2492; x_wconf 93' lang='lat'>1</span> <span class='ocrx_word' id='word_1_221' title='bbox 781 2457 927 2491; x_wconf 81' lang='lat' dir='ltr'>contra</span> <span class='ocrx_word' id='word_1_222' title='bbox 954 2447 1153 2490; x_wconf 64' lang='lat' dir='ltr'>Acadvm.</span> <span class='ocrx_word' id='word_1_223' title='bbox 1181 2463 1222 2489; x_wconf 86' lang='lat' dir='ltr'>n.</span> <span class='ocrx_word' id='word_1_224' title='bbox 1247 2454 1270 2489; x_wconf 72' lang='lat'><strong>2</strong></span> <span class='ocrx_word' id='word_1_225' title='bbox 1288 2482 1299 2500; x_wconf 88' lang='lat'><em>‚</em></span> <span class='ocrx_word' id='word_1_226' title='bbox 1324 2456 1365 2490; x_wconf 82' lang='lat' dir='ltr'>et</span> <span class='ocrx_word' id='word_1_227' title='bbox 1386 2447 1431 2490; x_wconf 89' lang='lat' dir='ltr'>in</span> 
     </span>
     <span class='ocr_line' id='line_1_30' title="bbox 58 2517 1232 2575; baseline -0.004 -10"><span class='ocrx_word' id='word_1_228' title='bbox 58 2521 168 2566; x_wconf 88' lang='lat' dir='ltr'>Psal.</span> <span class='ocrx_word' id='word_1_229' title='bbox 190 2538 341 2575; x_wconf 77' lang='lat' dir='ltr'>xxxix,</span> <span class='ocrx_word' id='word_1_230' title='bbox 363 2537 405 2565; x_wconf 90' lang='lat' dir='ltr'>n.</span> <span class='ocrx_word' id='word_1_231' title='bbox 434 2529 474 2575; x_wconf 90' lang='lat'>8,</span> <span class='ocrx_word' id='word_1_232' title='bbox 502 2528 543 2574; x_wconf 85' lang='grc'>9,</span> <span class='ocrx_word' id='word_1_233' title='bbox 573 2529 649 2575; x_wconf 83' lang='grc'>10,</span> <span class='ocrx_word' id='word_1_234' title='bbox 675 2520 782 2564; x_wconf 85' lang='lat' dir='ltr'>etin</span> <span class='ocrx_word' id='word_1_235' title='bbox 805 2517 909 2562; x_wconf 81' lang='lat' dir='ltr'>Psal.</span> <span class='ocrx_word' id='word_1_236' title='bbox 934 2534 1093 2565; x_wconf 66' lang='lat' dir='ltr'>cxtvn,</span> <span class='ocrx_word' id='word_1_237' title='bbox 1122 2533 1163 2560; x_wconf 85' lang='grc' dir='ltr'>ιι.</span> <span class='ocrx_word' id='word_1_238' title='bbox 1192 2523 1232 2560; x_wconf 81' lang='grc'>7.</span> 
     </span>
    </p>
   </div>
   <div class='ocr_carea' id='block_1_5' title="bbox 1447 3247 1676 3257">
    <p class='ocr_par' dir='ltr' id='par_1_5' title="bbox 1447 3247 1676 3257">
     <span class='ocr_line' id='line_1_31' title="bbox 1447 3247 1676 3257; baseline -0.004 -1"><span class='ocrx_word' id='word_1_239' title='bbox 1447 3250 1479 3256; x_wconf 69' lang='grc'>..-</span> <span class='ocrx_word' id='word_1_240' title='bbox 1509 3247 1676 3257; x_wconf 46' lang='grc' dir='ltr'>ο--μο-</span> 
     </span>
    </p>
   </div>
  </div>
 </body>
</html>
