<?xml version="1.0" encoding="UTF-8"?>
<!DOCTYPE html PUBLIC "-//W3C//DTD XHTML 1.0 Transitional//EN"
    "http://www.w3.org/TR/xhtml1/DTD/xhtml1-transitional.dtd">
<html xmlns="http://www.w3.org/1999/xhtml" xml:lang="en" lang="en">
 <head>
  <title>
</title>
<meta http-equiv="Content-Type" content="text/html;charset=utf-8" />
  <meta name='ocr-system' content='tesseract 3.04.00' />
  <meta name='ocr-capabilities' content='ocr_page ocr_carea ocr_par ocr_line ocrx_word'/>
</head>
<body>
  <div class='ocr_page' id='page_1' title='image "./operaomniaaccura17auguuoft_0566.png"; bbox 0 0 1924 3309; ppageno 0'>
   <div class='ocr_carea' id='block_1_1' title="bbox 421 237 1365 276">
    <p class='ocr_par' dir='ltr' id='par_1_1' title="bbox 421 237 1365 276">
     <span class='ocr_line' id='line_1_1' title="bbox 421 237 1365 276; baseline -0.001 -1"><span class='ocrx_word' id='word_1_1' title='bbox 421 237 502 276; x_wconf 75' lang='lat'>544</span> <span class='ocrx_word' id='word_1_2' title='bbox 853 249 885 275; x_wconf 82' lang='lat' dir='ltr'>s.</span> <span class='ocrx_word' id='word_1_3' title='bbox 924 246 1153 275; x_wconf 65' lang='lat' dir='ltr'>Auensnm</span> <span class='ocrx_word' id='word_1_4' title='bbox 1185 248 1365 275; x_wconf 76' lang='lat' dir='ltr'>Emscom</span> 
     </span>
    </p>
   </div>
   <div class='ocr_carea' id='block_1_2' title="bbox 411 313 1811 2494">
    <p class='ocr_par' dir='ltr' id='par_1_2' title="bbox 418 313 1809 797">
     <span class='ocr_line' id='line_1_2' title="bbox 421 313 1800 370; baseline 0 -13"><span class='ocrx_word' id='word_1_5' title='bbox 421 313 593 359; x_wconf 83' lang='lat' dir='ltr'>Semina</span> <span class='ocrx_word' id='word_1_6' title='bbox 612 313 697 368; x_wconf 76' lang='lat' dir='ltr'>hic,</span> <span class='ocrx_word' id='word_1_7' title='bbox 724 322 767 357; x_wconf 86' lang='lat' dir='ltr'>et</span> <span class='ocrx_word' id='word_1_8' title='bbox 787 313 848 357; x_wconf 89' lang='lat' dir='ltr'>ibi</span> <span class='ocrx_word' id='word_1_9' title='bbox 871 314 1061 357; x_wconf 88' lang='lat' dir='ltr'>invenies</span> <span class='ocrx_word' id='word_1_10' title='bbox 1088 327 1268 356; x_wconf 83' lang='lat' dir='ltr'><strong>messem</strong></span> <span class='ocrx_word' id='word_1_11' title='bbox 1293 332 1302 357; x_wconf 73' lang='grc' dir='ltr'>ε</span> <span class='ocrx_word' id='word_1_12' title='bbox 1323 322 1469 357; x_wconf 86' lang='lat' dir='ltr'>aestate</span> <span class='ocrx_word' id='word_1_13' title='bbox 1496 328 1586 357; x_wconf 89' lang='lat' dir='ltr'>non</span> <span class='ocrx_word' id='word_1_14' title='bbox 1607 322 1800 370; x_wconf 74' lang='lat' dir='ltr'>secatur,</span> 
     </span>
     <span class='ocr_line' id='line_1_3' title="bbox 418 383 1801 443; baseline 0.001 -16"><span class='ocrx_word' id='word_1_15' title='bbox 418 393 468 427; x_wconf 89' lang='lat' dir='ltr'>ut</span> <span class='ocrx_word' id='word_1_16' title='bbox 486 393 673 428; x_wconf 85' lang='lat' dir='ltr'>transeat</span> <span class='ocrx_word' id='word_1_17' title='bbox 690 404 700 441; x_wconf 79' lang='lat'><em>3</em></span> <span class='ocrx_word' id='word_1_18' title='bbox 720 383 796 427; x_wconf 88' lang='lat' dir='ltr'>sed</span> <span class='ocrx_word' id='word_1_19' title='bbox 809 393 852 428; x_wconf 86' lang='lat' dir='ltr'>et</span> <span class='ocrx_word' id='word_1_20' title='bbox 871 384 1178 438; x_wconf 83' lang='lat' dir='ltr'><strong>manducatur,</strong></span> <span class='ocrx_word' id='word_1_21' title='bbox 1204 392 1247 426; x_wconf 91' lang='lat' dir='ltr'>et</span> <span class='ocrx_word' id='word_1_22' title='bbox 1265 398 1366 427; x_wconf 90' lang='lat' dir='ltr'>cum</span> <span class='ocrx_word' id='word_1_23' title='bbox 1389 384 1546 442; x_wconf 83' lang='lat' dir='ltr'>gaudio</span> <span class='ocrx_word' id='word_1_24' title='bbox 1562 394 1801 443; x_wconf 86' lang='lat' dir='ltr'>permanet.</span> 
     </span>
     <span class='ocr_line' id='line_1_4' title="bbox 420 453 1801 515; baseline 0.001 -17"><span class='ocrx_word' id='word_1_25' title='bbox 420 455 488 498; x_wconf 82' lang='lat' dir='ltr'>Ibi</span> <span class='ocrx_word' id='word_1_26' title='bbox 510 455 624 498; x_wconf 90' lang='lat' dir='ltr'>enim</span> <span class='ocrx_word' id='word_1_27' title='bbox 637 455 802 515; x_wconf 87' lang='lat' dir='ltr'>justitia</span> <span class='ocrx_word' id='word_1_28' title='bbox 832 454 1050 513; x_wconf 83' lang='lat' dir='ltr'>saginaris.</span> <span class='ocrx_word' id='word_1_29' title='bbox 1079 457 1210 497; x_wconf 84' lang='lat' dir='ltr'>Terra</span> <span class='ocrx_word' id='word_1_30' title='bbox 1227 453 1300 498; x_wconf 93' lang='lat' dir='ltr'>illa</span> <span class='ocrx_word' id='word_1_31' title='bbox 1323 455 1459 498; x_wconf 85' lang='lat' dir='ltr'>habet</span> <span class='ocrx_word' id='word_1_32' title='bbox 1479 471 1636 514; x_wconf 89' lang='lat' dir='ltr'>panem</span> <span class='ocrx_word' id='word_1_33' title='bbox 1659 471 1801 500; x_wconf 90' lang='lat' dir='ltr'>suum.</span> 
     </span>
     <span class='ocr_line' id='line_1_5' title="bbox 418 523 1803 584; baseline 0.001 -16"><span class='ocrx_word' id='word_1_34' title='bbox 418 525 523 578; x_wconf 87' lang='lat' dir='ltr'>Quis</span> <span class='ocrx_word' id='word_1_35' title='bbox 546 534 609 569; x_wconf 86' lang='lat' dir='ltr'>est</span> <span class='ocrx_word' id='word_1_36' title='bbox 631 526 710 568; x_wconf 88' lang='lat' dir='ltr'>iste</span> <span class='ocrx_word' id='word_1_37' title='bbox 724 525 871 584; x_wconf 78' lang='lat' dir='ltr'>panis?</span> <span class='ocrx_word' id='word_1_38' title='bbox 889 525 972 577; x_wconf 87' lang='lat' dir='ltr'>Qui</span> <span class='ocrx_word' id='word_1_39' title='bbox 988 525 1074 568; x_wconf 90' lang='lat' dir='ltr'>huc</span> <span class='ocrx_word' id='word_1_40' title='bbox 1092 523 1193 567; x_wconf 89' lang='lat' dir='ltr'>inde</span> <span class='ocrx_word' id='word_1_41' title='bbox 1209 523 1264 568; x_wconf 90' lang='lat' dir='ltr'>ad</span> <span class='ocrx_word' id='word_1_42' title='bbox 1281 540 1358 569; x_wconf 90' lang='lat' dir='ltr'>nos</span> <span class='ocrx_word' id='word_1_43' title='bbox 1376 525 1496 568; x_wconf 88' lang='lat' dir='ltr'>venit</span> <span class='ocrx_word' id='word_1_44' title='bbox 1515 544 1524 569; x_wconf 90' lang='lat'>:</span> <span class='ocrx_word' id='word_1_45' title='bbox 1545 545 1564 566; x_wconf 91' lang='lat'>«</span> <span class='ocrx_word' id='word_1_46' title='bbox 1585 528 1679 584; x_wconf 82' lang='lat' dir='ltr'>Ego</span> <span class='ocrx_word' id='word_1_47' title='bbox 1690 541 1803 580; x_wconf 86' lang='lat' dir='ltr'>sum,</span> 
     </span>
     <span class='ocr_line' id='line_1_6' title="bbox 422 593 1809 655; baseline 0.004 -20"><span class='ocrx_word' id='word_1_48' title='bbox 422 614 440 635; x_wconf 88' lang='lat'>»</span> <span class='ocrx_word' id='word_1_49' title='bbox 477 595 641 655; x_wconf 86' lang='lat' dir='ltr'>inquit,</span> <span class='ocrx_word' id='word_1_50' title='bbox 667 596 789 654; x_wconf 87' lang='lat' dir='ltr'>panis</span> <span class='ocrx_word' id='word_1_51' title='bbox 813 595 933 639; x_wconf 87' lang='lat' dir='ltr'>vivus</span> <span class='ocrx_word' id='word_1_52' title='bbox 952 594 1028 654; x_wconf 84' lang='lat' dir='ltr'>qui</span> <span class='ocrx_word' id='word_1_53' title='bbox 1051 594 1105 638; x_wconf 87' lang='lat' dir='ltr'>de</span> <span class='ocrx_word' id='word_1_54' title='bbox 1128 593 1240 639; x_wconf 89' lang='lat' dir='ltr'>coelo</span> <span class='ocrx_word' id='word_1_55' title='bbox 1263 593 1508 639; x_wconf 88' lang='lat' dir='ltr'>descendi¹.</span> <span class='ocrx_word' id='word_1_56' title='bbox 1532 612 1553 636; x_wconf 92' lang='lat'>»</span> <span class='ocrx_word' id='word_1_57' title='bbox 1574 594 1724 648; x_wconf 88' lang='lat' dir='ltr'>Qualis</span> <span class='ocrx_word' id='word_1_58' title='bbox 1743 604 1809 640; x_wconf 87' lang='lat' dir='ltr'>est</span> 
     </span>
     <span class='ocr_line' id='line_1_7' title="bbox 419 665 1808 726; baseline 0 -15"><span class='ocrx_word' id='word_1_59' title='bbox 419 666 497 711; x_wconf 88' lang='lat' dir='ltr'>iste</span> <span class='ocrx_word' id='word_1_60' title='bbox 517 667 666 726; x_wconf 74' lang='lat' dir='ltr'>panis?</span> <span class='ocrx_word' id='word_1_61' title='bbox 696 686 714 708; x_wconf 87' lang='lat'>«</span> <span class='ocrx_word' id='word_1_62' title='bbox 740 666 858 710; x_wconf 84' lang='lat' dir='ltr'>Beati</span> <span class='ocrx_word' id='word_1_63' title='bbox 881 665 958 724; x_wconf 85' lang='lat' dir='ltr'>qui</span> <span class='ocrx_word' id='word_1_64' title='bbox 981 665 1180 710; x_wconf 89' lang='lat' dir='ltr'>esuriunt</span> <span class='ocrx_word' id='word_1_65' title='bbox 1201 674 1244 710; x_wconf 87' lang='lat' dir='ltr'>et</span> <span class='ocrx_word' id='word_1_66' title='bbox 1265 665 1418 710; x_wconf 84' lang='lat' dir='ltr'>sitiunt</span> <span class='ocrx_word' id='word_1_67' title='bbox 1433 665 1646 726; x_wconf 86' lang='lat' dir='ltr'>justitiam</span> <span class='ocrx_word' id='word_1_68' title='bbox 1660 701 1672 722; x_wconf 85' lang='lat'><strong><em>‚</em></strong></span> <span class='ocrx_word' id='word_1_69' title='bbox 1694 682 1808 726; x_wconf 88' lang='lat' dir='ltr'>quo-</span> 
     </span>
     <span class='ocr_line' id='line_1_8' title="bbox 423 737 1097 797; baseline -0.001 -19"><span class='ocrx_word' id='word_1_70' title='bbox 423 757 443 779; x_wconf 84' lang='lat'>»</span> <span class='ocrx_word' id='word_1_71' title='bbox 480 739 594 782; x_wconf 86' lang='lat' dir='ltr'>niam</span> <span class='ocrx_word' id='word_1_72' title='bbox 614 738 694 797; x_wconf 91' lang='lat' dir='ltr'>ipsi</span> <span class='ocrx_word' id='word_1_73' title='bbox 716 737 1097 781; x_wconf 69' lang='lat' dir='ltr'>saturabuntur‘2.»</span> 
     </span>
    </p>

    <p class='ocr_par' dir='ltr' id='par_1_3' title="bbox 411 806 1811 2494">
     <span class='ocr_line' id='line_1_9' title="bbox 479 806 1810 866; baseline 0.001 -15"><span class='ocrx_word' id='word_1_74' title='bbox 479 811 530 851; x_wconf 91' lang='lat' dir='ltr'>V.</span> <span class='ocrx_word' id='word_1_75' title='bbox 563 808 822 852; x_wconf 80' lang='lat' dir='ltr'>Audivimus</span> <span class='ocrx_word' id='word_1_76' title='bbox 853 822 1011 866; x_wconf 89' lang='lat' dir='ltr'>panem</span> <span class='ocrx_word' id='word_1_77' title='bbox 1033 806 1087 850; x_wconf 91' lang='lat' dir='ltr'>de</span> <span class='ocrx_word' id='word_1_78' title='bbox 1104 815 1218 851; x_wconf 87' lang='lat' dir='ltr'>terra</span> <span class='ocrx_word' id='word_1_79' title='bbox 1238 806 1312 851; x_wconf 87' lang='lat' dir='ltr'>illa</span> <span class='ocrx_word' id='word_1_80' title='bbox 1328 842 1338 862; x_wconf 85' lang='lat'>‚</span> <span class='ocrx_word' id='word_1_81' title='bbox 1370 807 1596 851; x_wconf 87' lang='lat' dir='ltr'>audiamus</span> <span class='ocrx_word' id='word_1_82' title='bbox 1618 816 1661 851; x_wconf 90' lang='lat' dir='ltr'>et</span> <span class='ocrx_word' id='word_1_83' title='bbox 1679 822 1810 852; x_wconf 88' lang='lat' dir='ltr'>mon-</span> 
     </span>
     <span class='ocr_line' id='line_1_10' title="bbox 423 877 1805 936; baseline -0.002 -13"><span class='ocrx_word' id='word_1_84' title='bbox 423 889 526 923; x_wconf 87' lang='lat' dir='ltr'>tem.</span> <span class='ocrx_word' id='word_1_85' title='bbox 571 897 591 920; x_wconf 92' lang='lat'>«</span> <span class='ocrx_word' id='word_1_86' title='bbox 630 878 966 932; x_wconf 85' lang='lat' dir='ltr'>Inhabitabunt‚</span> <span class='ocrx_word' id='word_1_87' title='bbox 1007 877 1171 936; x_wconf 78' lang='lat' dir='ltr'>inquit,</span> <span class='ocrx_word' id='word_1_88' title='bbox 1213 878 1258 921; x_wconf 92' lang='lat' dir='ltr'>in</span> <span class='ocrx_word' id='word_1_89' title='bbox 1292 887 1440 922; x_wconf 88' lang='lat' dir='ltr'>monte</span> <span class='ocrx_word' id='word_1_90' title='bbox 1472 887 1621 922; x_wconf 88' lang='lat' dir='ltr'>sancto</span> <span class='ocrx_word' id='word_1_91' title='bbox 1654 893 1766 922; x_wconf 87' lang='lat' dir='ltr'>meo.</span> <span class='ocrx_word' id='word_1_92' title='bbox 1785 896 1805 920; x_wconf 90' lang='lat'>»</span> 
     </span>
     <span class='ocr_line' id='line_1_11' title="bbox 424 945 1810 1007; baseline -0.001 -14"><span class='ocrx_word' id='word_1_93' title='bbox 424 952 537 993; x_wconf 90' lang='lat' dir='ltr'>Puto</span> <span class='ocrx_word' id='word_1_94' title='bbox 560 947 675 992; x_wconf 90' lang='lat' dir='ltr'>enim</span> <span class='ocrx_word' id='word_1_95' title='bbox 694 947 939 991; x_wconf 87' lang='lat' dir='ltr'>invenimus</span> <span class='ocrx_word' id='word_1_96' title='bbox 962 946 1007 989; x_wconf 90' lang='lat' dir='ltr'>in</span> <span class='ocrx_word' id='word_1_97' title='bbox 1029 945 1111 990; x_wconf 87' lang='lat' dir='ltr'>alia</span> <span class='ocrx_word' id='word_1_98' title='bbox 1128 955 1274 990; x_wconf 86' lang='lat' dir='ltr'>sancta</span> <span class='ocrx_word' id='word_1_99' title='bbox 1299 947 1542 1006; x_wconf 83' lang='lat' dir='ltr'>Scriptura,</span> <span class='ocrx_word' id='word_1_100' title='bbox 1567 948 1671 1007; x_wconf 90' lang='lat' dir='ltr'>quia</span> <span class='ocrx_word' id='word_1_101' title='bbox 1685 963 1810 992; x_wconf 90' lang='lat' dir='ltr'>mons</span> 
     </span>
     <span class='ocr_line' id='line_1_12' title="bbox 423 1018 1811 1079; baseline -0.001 -15"><span class='ocrx_word' id='word_1_102' title='bbox 423 1030 467 1064; x_wconf 90' lang='lat' dir='ltr'>et</span> <span class='ocrx_word' id='word_1_103' title='bbox 490 1021 580 1079; x_wconf 89' lang='lat' dir='ltr'>ipse</span> <span class='ocrx_word' id='word_1_104' title='bbox 602 1019 800 1065; x_wconf 90' lang='lat' dir='ltr'>Christus</span> <span class='ocrx_word' id='word_1_105' title='bbox 822 1028 900 1063; x_wconf 84' lang='lat' dir='ltr'>est.</span> <span class='ocrx_word' id='word_1_106' title='bbox 926 1019 1008 1072; x_wconf 86' lang='lat' dir='ltr'>Qui</span> <span class='ocrx_word' id='word_1_107' title='bbox 1030 1027 1094 1062; x_wconf 89' lang='lat' dir='ltr'>est</span> <span class='ocrx_word' id='word_1_108' title='bbox 1114 1018 1258 1077; x_wconf 85' lang='lat' dir='ltr'>panis,</span> <span class='ocrx_word' id='word_1_109' title='bbox 1288 1018 1379 1077; x_wconf 87' lang='lat' dir='ltr'>ipse</span> <span class='ocrx_word' id='word_1_110' title='bbox 1401 1028 1465 1062; x_wconf 87' lang='lat' dir='ltr'>est</span> <span class='ocrx_word' id='word_1_111' title='bbox 1486 1027 1529 1062; x_wconf 90' lang='lat' dir='ltr'>et</span> <span class='ocrx_word' id='word_1_112' title='bbox 1548 1034 1673 1063; x_wconf 89' lang='lat' dir='ltr'>mons</span> <span class='ocrx_word' id='word_1_113' title='bbox 1699 1038 1708 1063; x_wconf 92' lang='lat'>:</span> <span class='ocrx_word' id='word_1_114' title='bbox 1734 1019 1811 1063; x_wconf 89' lang='lat' dir='ltr'>sed</span> 
     </span>
     <span class='ocr_line' id='line_1_13' title="bbox 420 1088 1810 1149; baseline 0.001 -16"><span class='ocrx_word' id='word_1_115' title='bbox 420 1092 542 1149; x_wconf 91' lang='lat' dir='ltr'>panis</span> <span class='ocrx_word' id='word_1_116' title='bbox 559 1125 569 1144; x_wconf 90' lang='lat'>,</span> <span class='ocrx_word' id='word_1_117' title='bbox 594 1090 696 1149; x_wconf 85' lang='lat' dir='ltr'>quia</span> <span class='ocrx_word' id='word_1_118' title='bbox 723 1089 859 1148; x_wconf 88' lang='lat' dir='ltr'>pascit</span> <span class='ocrx_word' id='word_1_119' title='bbox 885 1088 1144 1145; x_wconf 76' lang='lat' dir='ltr'>Ecclesiam3</span> <span class='ocrx_word' id='word_1_120' title='bbox 1181 1103 1305 1132; x_wconf 86' lang='lat' dir='ltr'>mons</span> <span class='ocrx_word' id='word_1_121' title='bbox 1330 1098 1499 1142; x_wconf 80' lang='lat' dir='ltr'>autem,</span> <span class='ocrx_word' id='word_1_122' title='bbox 1525 1089 1626 1148; x_wconf 90' lang='lat' dir='ltr'>quia</span> <span class='ocrx_word' id='word_1_123' title='bbox 1653 1104 1810 1148; x_wconf 91' lang='lat' dir='ltr'>corpus</span> 
     </span>
     <span class='ocr_line' id='line_1_14' title="bbox 417 1159 1808 1221; baseline -0.001 -16"><span class='ocrx_word' id='word_1_124' title='bbox 417 1163 510 1221; x_wconf 84' lang='lat' dir='ltr'>ejus</span> <span class='ocrx_word' id='word_1_125' title='bbox 533 1169 596 1205; x_wconf 87' lang='lat' dir='ltr'>est</span> <span class='ocrx_word' id='word_1_126' title='bbox 614 1160 822 1205; x_wconf 80' lang='lat' dir='ltr'>Ecclesia.</span> <span class='ocrx_word' id='word_1_127' title='bbox 851 1163 946 1218; x_wconf 90' lang='lat' dir='ltr'>Ipsa</span> <span class='ocrx_word' id='word_1_128' title='bbox 964 1159 1157 1203; x_wconf 80' lang='lat' dir='ltr'>Ecclesia</span> <span class='ocrx_word' id='word_1_129' title='bbox 1181 1168 1244 1202; x_wconf 88' lang='lat' dir='ltr'>est</span> <span class='ocrx_word' id='word_1_130' title='bbox 1266 1174 1389 1203; x_wconf 93' lang='lat' dir='ltr'>mons</span> <span class='ocrx_word' id='word_1_131' title='bbox 1412 1178 1421 1203; x_wconf 75' lang='grc' dir='ltr'>ι</span> <span class='ocrx_word' id='word_1_132' title='bbox 1442 1168 1484 1202; x_wconf 81' lang='lat' dir='ltr'>et</span> <span class='ocrx_word' id='word_1_133' title='bbox 1502 1159 1610 1218; x_wconf 88' lang='lat' dir='ltr'>quid</span> <span class='ocrx_word' id='word_1_134' title='bbox 1633 1169 1696 1204; x_wconf 91' lang='lat' dir='ltr'>est</span> <span class='ocrx_word' id='word_1_135' title='bbox 1717 1161 1808 1219; x_wconf 88' lang='lat' dir='ltr'>ipsa</span> 
     </span>
     <span class='ocr_line' id='line_1_15' title="bbox 416 1227 1809 1288; baseline -0.001 -13"><span class='ocrx_word' id='word_1_136' title='bbox 416 1231 640 1275; x_wconf 76' lang='lat' dir='ltr'>Ecclesia?</span> <span class='ocrx_word' id='word_1_137' title='bbox 664 1231 832 1288; x_wconf 89' lang='lat' dir='ltr'>Corpus</span> <span class='ocrx_word' id='word_1_138' title='bbox 856 1228 1031 1273; x_wconf 80' lang='lat' dir='ltr'>Christi.</span> <span class='ocrx_word' id='word_1_139' title='bbox 1066 1227 1268 1287; x_wconf 81' lang='lat' dir='ltr'>Adjunge</span> <span class='ocrx_word' id='word_1_140' title='bbox 1289 1228 1351 1271; x_wconf 79' lang='lat' dir='ltr'>illi</span> <span class='ocrx_word' id='word_1_141' title='bbox 1374 1237 1527 1287; x_wconf 80' lang='lat' dir='ltr'>caput,</span> <span class='ocrx_word' id='word_1_142' title='bbox 1554 1237 1596 1272; x_wconf 91' lang='lat' dir='ltr'>et</span> <span class='ocrx_word' id='word_1_143' title='bbox 1625 1229 1671 1273; x_wconf 85' lang='lat' dir='ltr'>fit</span> <span class='ocrx_word' id='word_1_144' title='bbox 1696 1245 1809 1274; x_wconf 90' lang='lat' dir='ltr'>unus</span> 
     </span>
     <span class='ocr_line' id='line_1_16' title="bbox 414 1299 1808 1361; baseline -0.002 -14"><span class='ocrx_word' id='word_1_145' title='bbox 414 1303 563 1347; x_wconf 88' lang='lat' dir='ltr'>homo.</span> <span class='ocrx_word' id='word_1_146' title='bbox 583 1303 728 1360; x_wconf 86' lang='lat' dir='ltr'>Caput</span> <span class='ocrx_word' id='word_1_147' title='bbox 739 1309 782 1343; x_wconf 91' lang='lat' dir='ltr'>et</span> <span class='ocrx_word' id='word_1_148' title='bbox 799 1315 972 1359; x_wconf 87' lang='lat' dir='ltr'>corpus,</span> <span class='ocrx_word' id='word_1_149' title='bbox 988 1314 1102 1343; x_wconf 91' lang='lat' dir='ltr'>unus</span> <span class='ocrx_word' id='word_1_150' title='bbox 1115 1300 1261 1343; x_wconf 86' lang='lat' dir='ltr'>homo.</span> <span class='ocrx_word' id='word_1_151' title='bbox 1275 1300 1417 1358; x_wconf 86' lang='lat' dir='ltr'>Caput</span> <span class='ocrx_word' id='word_1_152' title='bbox 1431 1299 1525 1358; x_wconf 91' lang='lat' dir='ltr'>quis</span> <span class='ocrx_word' id='word_1_153' title='bbox 1539 1301 1626 1343; x_wconf 80' lang='lat' dir='ltr'>est?</span> <span class='ocrx_word' id='word_1_154' title='bbox 1640 1301 1719 1345; x_wconf 89' lang='lat' dir='ltr'>Hic</span> <span class='ocrx_word' id='word_1_155' title='bbox 1732 1301 1808 1361; x_wconf 87' lang='lat' dir='ltr'>qui</span> 
     </span>
     <span class='ocr_line' id='line_1_17' title="bbox 414 1369 1808 1429; baseline -0.001 -13"><span class='ocrx_word' id='word_1_156' title='bbox 414 1382 542 1416; x_wconf 87' lang='lat' dir='ltr'>natus</span> <span class='ocrx_word' id='word_1_157' title='bbox 560 1381 624 1415; x_wconf 87' lang='lat' dir='ltr'>est</span> <span class='ocrx_word' id='word_1_158' title='bbox 641 1372 695 1414; x_wconf 89' lang='lat' dir='ltr'>de</span> <span class='ocrx_word' id='word_1_159' title='bbox 718 1371 897 1429; x_wconf 82' lang='lat' dir='ltr'>Virgine</span> <span class='ocrx_word' id='word_1_160' title='bbox 915 1369 1067 1424; x_wconf 76' lang='lat' dir='ltr'>Maria‚</span> <span class='ocrx_word' id='word_1_161' title='bbox 1083 1369 1158 1428; x_wconf 86' lang='lat' dir='ltr'>qui</span> <span class='ocrx_word' id='word_1_162' title='bbox 1172 1369 1362 1428; x_wconf 85' lang='lat' dir='ltr'>suscepit</span> <span class='ocrx_word' id='word_1_163' title='bbox 1385 1384 1559 1413; x_wconf 89' lang='lat' dir='ltr'>carnem</span> <span class='ocrx_word' id='word_1_164' title='bbox 1578 1369 1808 1414; x_wconf 89' lang='lat' dir='ltr'>mortalem</span> 
     </span>
     <span class='ocr_line' id='line_1_18' title="bbox 415 1438 1804 1502; baseline -0.001 -15"><span class='ocrx_word' id='word_1_165' title='bbox 415 1443 506 1488; x_wconf 90' lang='lat' dir='ltr'>sine</span> <span class='ocrx_word' id='word_1_166' title='bbox 529 1452 722 1502; x_wconf 79' lang='lat' dir='ltr'>peccato,</span> <span class='ocrx_word' id='word_1_167' title='bbox 744 1441 819 1501; x_wconf 87' lang='lat' dir='ltr'>qui</span> <span class='ocrx_word' id='word_1_168' title='bbox 837 1457 860 1484; x_wconf 93' lang='lat' dir='ltr'>a</span> <span class='ocrx_word' id='word_1_169' title='bbox 876 1443 900 1484; x_wconf 88' lang='lat' dir='ltr'>J</span> <span class='ocrx_word' id='word_1_170' title='bbox 905 1439 1040 1485; x_wconf 85' lang='lat' dir='ltr'>udaeis</span> <span class='ocrx_word' id='word_1_171' title='bbox 1058 1454 1210 1494; x_wconf 79' lang='lat' dir='ltr'>caesus,</span> <span class='ocrx_word' id='word_1_172' title='bbox 1227 1438 1492 1497; x_wconf 77' lang='lat' dir='ltr'>flagellatus,</span> <span class='ocrx_word' id='word_1_173' title='bbox 1512 1449 1804 1500; x_wconf 88' lang='lat' dir='ltr'>contemptus,</span> 
     </span>
     <span class='ocr_line' id='line_1_19' title="bbox 414 1509 1808 1572; baseline -0.002 -14"><span class='ocrx_word' id='word_1_174' title='bbox 414 1514 645 1558; x_wconf 82' lang='lat' dir='ltr'>crucifixus</span> <span class='ocrx_word' id='word_1_175' title='bbox 667 1532 674 1557; x_wconf 89' lang='lat'><strong>:</strong></span> <span class='ocrx_word' id='word_1_176' title='bbox 693 1513 768 1572; x_wconf 86' lang='lat' dir='ltr'>qui</span> <span class='ocrx_word' id='word_1_177' title='bbox 785 1512 969 1555; x_wconf 85' lang='lat' dir='ltr'>traditus</span> <span class='ocrx_word' id='word_1_178' title='bbox 987 1520 1051 1554; x_wconf 89' lang='lat' dir='ltr'>est</span> <span class='ocrx_word' id='word_1_179' title='bbox 1063 1519 1241 1570; x_wconf 84' lang='lat' dir='ltr'>propter</span> <span class='ocrx_word' id='word_1_180' title='bbox 1259 1509 1418 1554; x_wconf 85' lang='lat' dir='ltr'>delicta</span> <span class='ocrx_word' id='word_1_181' title='bbox 1441 1519 1585 1554; x_wconf 88' lang='lat' dir='ltr'>nostra</span> <span class='ocrx_word' id='word_1_182' title='bbox 1609 1519 1652 1554; x_wconf 90' lang='lat' dir='ltr'>et</span> <span class='ocrx_word' id='word_1_183' title='bbox 1665 1527 1808 1556; x_wconf 85' lang='lat' dir='ltr'>resur-</span> 
     </span>
     <span class='ocr_line' id='line_1_20' title="bbox 414 1583 1807 1643; baseline -0.001 -14"><span class='ocrx_word' id='word_1_184' title='bbox 414 1586 525 1629; x_wconf 83' lang='lat' dir='ltr'>rexit</span> <span class='ocrx_word' id='word_1_185' title='bbox 548 1593 725 1643; x_wconf 91' lang='lat' dir='ltr'>propter</span> <span class='ocrx_word' id='word_1_186' title='bbox 743 1583 1098 1643; x_wconf 83' lang='lat' dir='ltr'>justificationem</span> <span class='ocrx_word' id='word_1_187' title='bbox 1122 1590 1329 1626; x_wconf 89' lang='lat' dir='ltr'>nostram.</span> <span class='ocrx_word' id='word_1_188' title='bbox 1359 1585 1454 1640; x_wconf 89' lang='lat' dir='ltr'>Ipse</span> <span class='ocrx_word' id='word_1_189' title='bbox 1476 1591 1540 1626; x_wconf 88' lang='lat' dir='ltr'>est</span> <span class='ocrx_word' id='word_1_190' title='bbox 1567 1591 1699 1642; x_wconf 86' lang='lat' dir='ltr'>caput</span> <span class='ocrx_word' id='word_1_191' title='bbox 1720 1585 1807 1627; x_wconf 90' lang='lat' dir='ltr'>Ec-</span> 
     </span>
     <span class='ocr_line' id='line_1_21' title="bbox 413 1653 1808 1715; baseline -0.001 -15"><span class='ocrx_word' id='word_1_192' title='bbox 413 1656 554 1701; x_wconf 79' lang='lat' dir='ltr'>elesiae</span> <span class='ocrx_word' id='word_1_193' title='bbox 566 1691 576 1710; x_wconf 82' lang='lat'>‚</span> <span class='ocrx_word' id='word_1_194' title='bbox 598 1656 687 1715; x_wconf 92' lang='lat' dir='ltr'>ipse</span> <span class='ocrx_word' id='word_1_195' title='bbox 703 1654 825 1714; x_wconf 90' lang='lat' dir='ltr'>panis</span> <span class='ocrx_word' id='word_1_196' title='bbox 843 1653 897 1697; x_wconf 95' lang='lat' dir='ltr'>de</span> <span class='ocrx_word' id='word_1_197' title='bbox 910 1653 984 1696; x_wconf 86' lang='lat' dir='ltr'>illa</span> <span class='ocrx_word' id='word_1_198' title='bbox 999 1661 1126 1696; x_wconf 88' lang='lat' dir='ltr'>terra.</span> <span class='ocrx_word' id='word_1_199' title='bbox 1150 1654 1318 1711; x_wconf 91' lang='lat' dir='ltr'>Corpus</span> <span class='ocrx_word' id='word_1_200' title='bbox 1327 1662 1473 1696; x_wconf 90' lang='lat' dir='ltr'>autem</span> <span class='ocrx_word' id='word_1_201' title='bbox 1488 1653 1579 1712; x_wconf 86' lang='lat' dir='ltr'>ejus</span> <span class='ocrx_word' id='word_1_202' title='bbox 1592 1653 1712 1712; x_wconf 91' lang='lat' dir='ltr'>quod</span> <span class='ocrx_word' id='word_1_203' title='bbox 1725 1656 1808 1698; x_wconf 76' lang='lat' dir='ltr'>est?</span> 
     </span>
     <span class='ocr_line' id='line_1_22' title="bbox 413 1722 1807 1786; baseline -0.001 -16"><span class='ocrx_word' id='word_1_204' title='bbox 413 1727 583 1786; x_wconf 79' lang='lat' dir='ltr'>Conjux</span> <span class='ocrx_word' id='word_1_205' title='bbox 598 1726 710 1785; x_wconf 80' lang='lat' dir='ltr'>ejus,</span> <span class='ocrx_word' id='word_1_206' title='bbox 739 1723 785 1767; x_wconf 88' lang='lat' dir='ltr'>id</span> <span class='ocrx_word' id='word_1_207' title='bbox 806 1732 885 1778; x_wconf 80' lang='lat' dir='ltr'>est,</span> <span class='ocrx_word' id='word_1_208' title='bbox 910 1722 1101 1767; x_wconf 84' lang='lat' dir='ltr'>Ecclesia</span> <span class='ocrx_word' id='word_1_209' title='bbox 1121 1741 1130 1766; x_wconf 88' lang='lat'>:</span> <span class='ocrx_word' id='word_1_210' title='bbox 1153 1742 1169 1761; x_wconf 93' lang='lat'>«</span> <span class='ocrx_word' id='word_1_211' title='bbox 1190 1725 1332 1767; x_wconf 86' lang='lat' dir='ltr'>Erunt</span> <span class='ocrx_word' id='word_1_212' title='bbox 1360 1722 1475 1766; x_wconf 89' lang='lat' dir='ltr'>enim</span> <span class='ocrx_word' id='word_1_213' title='bbox 1499 1722 1588 1767; x_wconf 92' lang='lat' dir='ltr'>duo</span> <span class='ocrx_word' id='word_1_214' title='bbox 1610 1723 1655 1767; x_wconf 89' lang='lat' dir='ltr'>in</span> <span class='ocrx_word' id='word_1_215' title='bbox 1678 1739 1807 1768; x_wconf 90' lang='lat' dir='ltr'>carne</span> 
     </span>
     <span class='ocr_line' id='line_1_23' title="bbox 416 1793 1808 1850; baseline 0 -11"><span class='ocrx_word' id='word_1_216' title='bbox 416 1816 437 1839; x_wconf 67' lang='grc' dir='ltr'>υ</span> <span class='ocrx_word' id='word_1_217' title='bbox 474 1799 916 1842; x_wconf 82' lang='lat' dir='ltr'>una.Sacramentum</span> <span class='ocrx_word' id='word_1_218' title='bbox 939 1794 1022 1837; x_wconf 94' lang='lat' dir='ltr'>hoc</span> <span class='ocrx_word' id='word_1_219' title='bbox 1044 1807 1252 1850; x_wconf 84' lang='lat' dir='ltr'>magnum</span> <span class='ocrx_word' id='word_1_220' title='bbox 1274 1802 1359 1837; x_wconf 88' lang='lat' dir='ltr'>est:</span> <span class='ocrx_word' id='word_1_221' title='bbox 1377 1807 1455 1850; x_wconf 84' lang='lat' dir='ltr'>ego</span> <span class='ocrx_word' id='word_1_222' title='bbox 1479 1802 1623 1837; x_wconf 88' lang='lat' dir='ltr'>autem</span> <span class='ocrx_word' id='word_1_223' title='bbox 1647 1793 1745 1839; x_wconf 89' lang='lat' dir='ltr'>dico</span> <span class='ocrx_word' id='word_1_224' title='bbox 1762 1795 1808 1840; x_wconf 90' lang='lat' dir='ltr'>in</span> 
     </span>
     <span class='ocr_line' id='line_1_24' title="bbox 415 1863 1803 1923; baseline 0 -14"><span class='ocrx_word' id='word_1_225' title='bbox 415 1887 435 1909; x_wconf 86' lang='lat'>»</span> <span class='ocrx_word' id='word_1_226' title='bbox 472 1867 646 1912; x_wconf 85' lang='lat' dir='ltr'>Christo</span> <span class='ocrx_word' id='word_1_227' title='bbox 668 1866 776 1910; x_wconf 88' lang='lat' dir='ltr'>etin</span> <span class='ocrx_word' id='word_1_228' title='bbox 793 1863 1031 1908; x_wconf 63' lang='lat' dir='ltr'>Ecclesiass.</span> <span class='ocrx_word' id='word_1_229' title='bbox 1054 1881 1074 1903; x_wconf 88' lang='lat'>»</span> <span class='ocrx_word' id='word_1_230' title='bbox 1104 1864 1173 1907; x_wconf 89' lang='lat' dir='ltr'>Sic</span> <span class='ocrx_word' id='word_1_231' title='bbox 1190 1872 1233 1906; x_wconf 86' lang='lat' dir='ltr'>et</span> <span class='ocrx_word' id='word_1_232' title='bbox 1246 1863 1458 1907; x_wconf 88' lang='lat' dir='ltr'>Dominus</span> <span class='ocrx_word' id='word_1_233' title='bbox 1481 1864 1526 1906; x_wconf 88' lang='lat' dir='ltr'>in</span> <span class='ocrx_word' id='word_1_234' title='bbox 1549 1864 1803 1923; x_wconf 79' lang='lat' dir='ltr'>Evangelio,</span> 
     </span>
     <span class='ocr_line' id='line_1_25' title="bbox 412 1934 1806 1995; baseline -0.002 -11"><span class='ocrx_word' id='word_1_235' title='bbox 412 1955 515 1984; x_wconf 89' lang='lat' dir='ltr'>eum</span> <span class='ocrx_word' id='word_1_236' title='bbox 538 1939 592 1982; x_wconf 90' lang='lat' dir='ltr'>de</span> <span class='ocrx_word' id='word_1_237' title='bbox 611 1938 701 1981; x_wconf 90' lang='lat' dir='ltr'>viro</span> <span class='ocrx_word' id='word_1_238' title='bbox 725 1946 768 1980; x_wconf 91' lang='lat' dir='ltr'>et</span> <span class='ocrx_word' id='word_1_239' title='bbox 784 1936 839 1979; x_wconf 91' lang='lat' dir='ltr'>de</span> <span class='ocrx_word' id='word_1_240' title='bbox 874 1950 1007 1979; x_wconf 82' lang='lat' dir='ltr'>uxore</span> <span class='ocrx_word' id='word_1_241' title='bbox 1039 1934 1202 1978; x_wconf 87' lang='lat' dir='ltr'>diceret</span> <span class='ocrx_word' id='word_1_242' title='bbox 1228 1954 1236 1978; x_wconf 93' lang='lat'><strong>:</strong></span> <span class='ocrx_word' id='word_1_243' title='bbox 1274 1954 1294 1977; x_wconf 90' lang='lat'>«</span> <span class='ocrx_word' id='word_1_244' title='bbox 1331 1936 1470 1994; x_wconf 82' lang='lat' dir='ltr'>Igitur</span> <span class='ocrx_word' id='word_1_245' title='bbox 1482 1936 1572 1995; x_wconf 76' lang='lat' dir='ltr'>jam</span> <span class='ocrx_word' id='word_1_246' title='bbox 1593 1952 1682 1980; x_wconf 86' lang='lat' dir='ltr'>non</span> <span class='ocrx_word' id='word_1_247' title='bbox 1704 1947 1806 1981; x_wconf 86' lang='lat' dir='ltr'>sunt</span> 
     </span>
     <span class='ocr_line' id='line_1_26' title="bbox 415 2005 1805 2063; baseline 0.001 -13"><span class='ocrx_word' id='word_1_248' title='bbox 415 2029 436 2051; x_wconf 68' lang='lat' dir='ltr'>n</span> <span class='ocrx_word' id='word_1_249' title='bbox 471 2009 586 2063; x_wconf 81' lang='lat' dir='ltr'>duo,</span> <span class='ocrx_word' id='word_1_250' title='bbox 613 2007 688 2051; x_wconf 89' lang='lat' dir='ltr'>sed</span> <span class='ocrx_word' id='word_1_251' title='bbox 703 2022 790 2050; x_wconf 89' lang='lat' dir='ltr'>una</span> <span class='ocrx_word' id='word_1_252' title='bbox 813 2006 957 2051; x_wconf 72' lang='lat' dir='ltr'>caro4.</span> <span class='ocrx_word' id='word_1_253' title='bbox 982 2025 999 2045; x_wconf 88' lang='lat'>»</span> <span class='ocrx_word' id='word_1_254' title='bbox 1021 2007 1138 2063; x_wconf 81' lang='lat' dir='ltr'>Ergo</span> <span class='ocrx_word' id='word_1_255' title='bbox 1158 2020 1295 2048; x_wconf 89' lang='lat' dir='ltr'>unum</span> <span class='ocrx_word' id='word_1_256' title='bbox 1318 2005 1458 2050; x_wconf 88' lang='lat' dir='ltr'>voluit</span> <span class='ocrx_word' id='word_1_257' title='bbox 1476 2021 1566 2050; x_wconf 89' lang='lat' dir='ltr'>esse</span> <span class='ocrx_word' id='word_1_258' title='bbox 1582 2006 1805 2051; x_wconf 90' lang='lat' dir='ltr'>hominem</span> 
     </span>
     <span class='ocr_line' id='line_1_27' title="bbox 414 2075 1801 2135; baseline -0.002 -11"><span class='ocrx_word' id='word_1_259' title='bbox 414 2084 554 2124; x_wconf 88' lang='lat' dir='ltr'>Deum</span> <span class='ocrx_word' id='word_1_260' title='bbox 569 2077 793 2124; x_wconf 87' lang='lat' dir='ltr'>Christum</span> <span class='ocrx_word' id='word_1_261' title='bbox 815 2086 859 2121; x_wconf 88' lang='lat' dir='ltr'>et</span> <span class='ocrx_word' id='word_1_262' title='bbox 881 2075 1134 2120; x_wconf 89' lang='lat' dir='ltr'>Ecclesiam.</span> <span class='ocrx_word' id='word_1_263' title='bbox 1162 2075 1230 2118; x_wconf 86' lang='lat' dir='ltr'>Ibi</span> <span class='ocrx_word' id='word_1_264' title='bbox 1257 2085 1410 2135; x_wconf 81' lang='lat' dir='ltr'>caput,</span> <span class='ocrx_word' id='word_1_265' title='bbox 1436 2085 1479 2120; x_wconf 83' lang='lat' dir='ltr'>et</span> <span class='ocrx_word' id='word_1_266' title='bbox 1499 2076 1570 2120; x_wconf 90' lang='lat' dir='ltr'>hic</span> <span class='ocrx_word' id='word_1_267' title='bbox 1592 2077 1801 2121; x_wconf 86' lang='lat' dir='ltr'>membra.</span> 
     </span>
     <span class='ocr_line' id='line_1_28' title="bbox 412 2145 1806 2207; baseline -0.003 -12"><span class='ocrx_word' id='word_1_268' title='bbox 412 2151 566 2196; x_wconf 89' lang='lat' dir='ltr'>Noluit</span> <span class='ocrx_word' id='word_1_269' title='bbox 601 2163 823 2207; x_wconf 81' lang='lat' dir='ltr'>resurgere</span> <span class='ocrx_word' id='word_1_270' title='bbox 860 2162 961 2191; x_wconf 91' lang='lat' dir='ltr'>eum</span> <span class='ocrx_word' id='word_1_271' title='bbox 990 2145 1222 2201; x_wconf 79' lang='lat' dir='ltr'>membris,</span> <span class='ocrx_word' id='word_1_272' title='bbox 1260 2146 1336 2190; x_wconf 89' lang='lat' dir='ltr'>sed</span> <span class='ocrx_word' id='word_1_273' title='bbox 1371 2156 1471 2190; x_wconf 87' lang='lat' dir='ltr'>ante</span> <span class='ocrx_word' id='word_1_274' title='bbox 1503 2147 1725 2203; x_wconf 88' lang='lat' dir='ltr'>membra,</span> <span class='ocrx_word' id='word_1_275' title='bbox 1756 2156 1806 2191; x_wconf 86' lang='lat' dir='ltr'>ut</span> 
     </span>
     <span class='ocr_line' id='line_1_29' title="bbox 415 2216 1806 2279; baseline -0.002 -14"><span class='ocrx_word' id='word_1_276' title='bbox 415 2220 633 2265; x_wconf 81' lang='lat' dir='ltr'>haberent</span> <span class='ocrx_word' id='word_1_277' title='bbox 665 2219 785 2279; x_wconf 87' lang='lat' dir='ltr'>quod</span> <span class='ocrx_word' id='word_1_278' title='bbox 816 2225 1039 2278; x_wconf 81' lang='lat' dir='ltr'>sperarent</span> <span class='ocrx_word' id='word_1_279' title='bbox 1061 2216 1273 2260; x_wconf 87' lang='lat' dir='ltr'>membra.</span> <span class='ocrx_word' id='word_1_280' title='bbox 1305 2217 1389 2260; x_wconf 91' lang='lat' dir='ltr'>Sed</span> <span class='ocrx_word' id='word_1_281' title='bbox 1416 2216 1514 2261; x_wconf 90' lang='lat' dir='ltr'>ideo</span> <span class='ocrx_word' id='word_1_282' title='bbox 1536 2217 1646 2261; x_wconf 88' lang='lat' dir='ltr'>mori</span> <span class='ocrx_word' id='word_1_283' title='bbox 1667 2217 1806 2262; x_wconf 90' lang='lat' dir='ltr'>voluit</span> 
     </span>
     <span class='ocr_line' id='line_1_30' title="bbox 412 2287 1803 2352; baseline -0.004 -15"><span class='ocrx_word' id='word_1_284' title='bbox 412 2301 565 2352; x_wconf 84' lang='lat' dir='ltr'>caput,</span> <span class='ocrx_word' id='word_1_285' title='bbox 602 2300 651 2335; x_wconf 87' lang='lat' dir='ltr'>ut</span> <span class='ocrx_word' id='word_1_286' title='bbox 685 2291 803 2350; x_wconf 87' lang='lat' dir='ltr'>prius</span> <span class='ocrx_word' id='word_1_287' title='bbox 838 2296 1080 2346; x_wconf 79' lang='lat' dir='ltr'>resurgeret</span> <span class='ocrx_word' id='word_1_288' title='bbox 1117 2296 1249 2346; x_wconf 89' lang='lat' dir='ltr'>caput</span> <span class='ocrx_word' id='word_1_289' title='bbox 1267 2307 1276 2344; x_wconf 80' lang='lat'>3</span> <span class='ocrx_word' id='word_1_290' title='bbox 1312 2287 1430 2346; x_wconf 89' lang='lat' dir='ltr'>prius</span> <span class='ocrx_word' id='word_1_291' title='bbox 1471 2287 1532 2331; x_wconf 90' lang='lat' dir='ltr'>ire</span> <span class='ocrx_word' id='word_1_292' title='bbox 1562 2289 1607 2331; x_wconf 91' lang='lat' dir='ltr'>in</span> <span class='ocrx_word' id='word_1_293' title='bbox 1638 2288 1803 2333; x_wconf 87' lang='lat' dir='ltr'>coelum</span> 
     </span>
     <span class='ocr_line' id='line_1_31' title="bbox 411 2358 1799 2423; baseline -0.003 -15"><span class='ocrx_word' id='word_1_294' title='bbox 411 2373 564 2423; x_wconf 83' lang='lat' dir='ltr'>eaput,</span> <span class='ocrx_word' id='word_1_295' title='bbox 589 2372 638 2406; x_wconf 88' lang='lat' dir='ltr'>ut</span> <span class='ocrx_word' id='word_1_296' title='bbox 660 2362 705 2406; x_wconf 90' lang='lat' dir='ltr'>in</span> <span class='ocrx_word' id='word_1_297' title='bbox 722 2361 864 2421; x_wconf 89' lang='lat' dir='ltr'>capite</span> <span class='ocrx_word' id='word_1_298' title='bbox 885 2375 964 2404; x_wconf 92' lang='lat' dir='ltr'>suo</span> <span class='ocrx_word' id='word_1_299' title='bbox 981 2358 1322 2418; x_wconf 83' lang='lat' dir='ltr'>spemhaberent</span> <span class='ocrx_word' id='word_1_300' title='bbox 1343 2367 1497 2402; x_wconf 79' lang='lat' dir='ltr'>eaetera</span> <span class='ocrx_word' id='word_1_301' title='bbox 1522 2359 1741 2414; x_wconf 78' lang='lat' dir='ltr'>membra,</span> <span class='ocrx_word' id='word_1_302' title='bbox 1758 2369 1799 2404; x_wconf 81' lang='lat' dir='ltr'>et</span> 
     </span>
     <span class='ocr_line' id='line_1_32' title="bbox 411 2429 1797 2494; baseline -0.004 -15"><span class='ocrx_word' id='word_1_303' title='bbox 411 2443 691 2494; x_wconf 70' lang='lat' dir='ltr'>expectarent</span> <span class='ocrx_word' id='word_1_304' title='bbox 711 2432 881 2492; x_wconf 88' lang='lat' dir='ltr'>impleri</span> <span class='ocrx_word' id='word_1_305' title='bbox 903 2445 1001 2489; x_wconf 83' lang='lat' dir='ltr'>erga</span> <span class='ocrx_word' id='word_1_306' title='bbox 1019 2445 1062 2475; x_wconf 90' lang='lat' dir='ltr'>se</span> <span class='ocrx_word' id='word_1_307' title='bbox 1080 2429 1198 2490; x_wconf 84' lang='lat' dir='ltr'>quod</span> <span class='ocrx_word' id='word_1_308' title='bbox 1214 2430 1485 2489; x_wconf 85' lang='lat' dir='ltr'>praemissum</span> <span class='ocrx_word' id='word_1_309' title='bbox 1498 2439 1562 2474; x_wconf 89' lang='lat' dir='ltr'>est</span> <span class='ocrx_word' id='word_1_310' title='bbox 1574 2430 1619 2474; x_wconf 92' lang='lat' dir='ltr'>in</span> <span class='ocrx_word' id='word_1_311' title='bbox 1640 2431 1797 2490; x_wconf 87' lang='lat' dir='ltr'>capite.</span> 
     </span>
    </p>
   </div>
   <div class='ocr_carea' id='block_1_3' title="bbox 414 2524 1800 2623">
    <p class='ocr_par' dir='ltr' id='par_1_4' title="bbox 414 2524 1800 2623">
     <span class='ocr_line' id='line_1_33' title="bbox 477 2524 1800 2573; baseline -0.003 -9"><span class='ocrx_word' id='word_1_312' title='bbox 477 2539 483 2552; x_wconf 87' lang='lat'>¹</span> <span class='ocrx_word' id='word_1_313' title='bbox 514 2535 607 2564; x_wconf 82' lang='lat' dir='ltr'>Joan.</span> <span class='ocrx_word' id='word_1_314' title='bbox 628 2542 672 2573; x_wconf 72' lang='lat' dir='ltr'>vr,</span> <span class='ocrx_word' id='word_1_315' title='bbox 694 2530 748 2562; x_wconf 91' lang='lat'>51.</span> <span class='ocrx_word' id='word_1_316' title='bbox 771 2547 811 2553; x_wconf 98' lang='lat'><strong>—</strong></span> <span class='ocrx_word' id='word_1_317' title='bbox 841 2536 853 2552; x_wconf 86' lang='lat'>²</span> <span class='ocrx_word' id='word_1_318' title='bbox 872 2528 993 2561; x_wconf 77' lang='lat' dir='ltr'>Matth.</span> <span class='ocrx_word' id='word_1_319' title='bbox 1013 2540 1047 2567; x_wconf 84' lang='lat' dir='ltr'>v,</span> <span class='ocrx_word' id='word_1_320' title='bbox 1071 2527 1104 2560; x_wconf 90' lang='lat'>6.</span> <span class='ocrx_word' id='word_1_321' title='bbox 1134 2543 1175 2549; x_wconf 93' lang='lat'><em>-</em></span> <span class='ocrx_word' id='word_1_322' title='bbox 1196 2524 1208 2549; x_wconf 87' lang='lat'>3</span> <span class='ocrx_word' id='word_1_323' title='bbox 1230 2526 1343 2569; x_wconf 86' lang='lat' dir='ltr'>Ephes.</span> <span class='ocrx_word' id='word_1_324' title='bbox 1358 2537 1394 2568; x_wconf 85' lang='lat' dir='ltr'>v,</span> <span class='ocrx_word' id='word_1_325' title='bbox 1422 2526 1477 2568; x_wconf 80' lang='lat'>31,</span> <span class='ocrx_word' id='word_1_326' title='bbox 1497 2526 1551 2559; x_wconf 81' lang='lat'>32.</span> <span class='ocrx_word' id='word_1_327' title='bbox 1576 2543 1618 2549; x_wconf 90' lang='lat'>-—</span> <span class='ocrx_word' id='word_1_328' title='bbox 1645 2525 1659 2555; x_wconf 76' lang='grc'>4</span> <span class='ocrx_word' id='word_1_329' title='bbox 1680 2527 1800 2559; x_wconf 80' lang='lat' dir='ltr'>Matth-</span> 
     </span>
     <span class='ocr_line' id='line_1_34' title="bbox 414 2588 529 2623; baseline 0 -4"><span class='ocrx_word' id='word_1_330' title='bbox 414 2599 478 2623; x_wconf 75' lang='lat' dir='ltr'>xix,</span> <span class='ocrx_word' id='word_1_331' title='bbox 497 2588 529 2619; x_wconf 82' lang='lat'>6.</span> 
     </span>
    </p>
   </div>
   <div class='ocr_carea' id='block_1_4' title="bbox 1906 47 1921 792">
    <p class='ocr_par' dir='ltr' id='par_1_5' title="bbox 1906 47 1921 792">
     <span class='ocr_line' id='line_1_35' title="bbox 1906 47 1921 792; baseline 0 0"><span class='ocrx_word' id='word_1_332' title='bbox 1906 47 1921 792; x_wconf 95' lang='lat' dir='ltr'> </span> 
     </span>
    </p>
   </div>
   <div class='ocr_carea' id='block_1_5' title="bbox 1894 0 1924 1894">
    <p class='ocr_par' dir='ltr' id='par_1_6' title="bbox 1894 0 1924 1894">
     <span class='ocr_line' id='line_1_36' title="bbox 1894 0 1924 1894; baseline 0 0"><span class='ocrx_word' id='word_1_333' title='bbox 1894 0 1924 1894; x_wconf 95' lang='lat' dir='ltr'> </span> 
     </span>
    </p>
   </div>
  </div>
 </body>
</html>
